3517 5750
577 2937 731 2974 &mm

575 2989 708 3068 stom
733 3055 746 3070 α
786 3006 816 3041 0

576 3071 815 3107 omission

576 3121 637 3171 of
652 3123 735 3174 the
756 3138 837 3184 nt·

918 838 1053 904 244
1672 850 1932 903 11001181
1977 850 2269 903 moerus
2839 832 3020 921 [cn.

1004 1028 1099 1094 Et
1140 1048 1290 1093 cum
1334 1028 1511 1115 apud
1559 1027 1820 1095 Graecos
1865 1026 2002 1093 sint
2023 1026 2042 1065 ¹
2091 1026 2315 1093 decem
2359 1024 2700 1113 prosodiae,
2747 1025 3019 1091 scilicet²

912 1134 1049 1196 tres
1092 1128 1253 1208 toni,
1302 1134 1373 1195 et
1434 1130 1567 1195 duo
1632 1130 1922 1217 spiritus,
1989 1129 2122 1194 duo
2137 1126 2168 1165 ³
2216 1133 2532 1215 tempora,
2577 1132 2648 1192 et
2691 1131 2826 1193 tres
2869 1148 3016 1215 pas-

913 1230 1125 1298 siones
1152 1254 1170 1313 ;
1228 1235 1421 1297 tonos
1461 1252 1774 1299 vocamus
1815 1252 1936 1297 nos
1979 1230 2344 1319 specialiter
2387 1228 2652 1295 nomine
2695 1234 3020 1311 accentus,

912 1337 984 1399 et
1042 1334 1313 1421 spiritus
1368 1354 1678 1399 vocamus
1739 1332 2184 1421 aspirationes.
2276 1332 2621 1419 Tempora,
2657 1337 2816 1397 sunt
2875 1332 3020 1397 lon·

910 1454 1071 1523 gum
1148 1440 1219 1503 et
1290 1436 1505 1503 breve.
1608 1434 2033 1501 Passionibus
2105 1456 2241 1501 11011
2314 1433 2588 1500 utimur.
2710 1432 2804 1500 Et
2868 1433 3019 1499 ideo

911 1536 1267 1603 secundum
1333 1538 1704 1623 generalem
1771 1536 2213 1624 significatum
2275 1540 2596 1614 accentus,
2659 1536 3016 1603 oecundum

912 1638 1091 1724 quod
1134 1638 1460 1727 significat
1502 1638 1681 1705 idem
1726 1638 1906 1726 quod
1950 1638 2274 1726 prosodia,
2319 1636 2636 1725 aspiratio
2677 1637 3018 1703 reducitur

912 1740 1001 1805 ad
1061 1746 1415 1807 accentum.
1538 1740 1631 1809 Et
1705 1741 2020 1827 quoniam
2095 1740 2293 1806 multi
2368 1760 2619 1806 errores
2691 1738 2867 1805 fiunt
2941 1738 3014 1803 iu

912 1841 1253 1930 Scriptura
1294 1865 1412 1931 per
1454 1844 1904 1931 aspirationes,
1933 1849 2076 1909 tam
2119 1842 2192 1907 in
2235 1863 2432 1908 sensu
2461 1864 2660 1928 quam
2703 1842 2776 1905 in
2803 1841 3016 1919 litera,

912 1944 1060 2011 ideo
1112 1946 1338 2032 aliqua
1390 1946 1604 2013 dicam
1658 1946 1741 2011 de
1785 1946 1904 2012 his.
2025 1944 2168 2011 Nos
2209 1944 2544 2024 habemus,
2591 1944 2762 2010 sicut
2804 1944 3018 2009 omnis

912 2046 1162 2135 lingua,
1222 2044 1423 2115 duas⁴
1495 2048 1940 2136 aspirationes,
2013 2046 2262 2113 scilicet
2332 2046 2572 2113 fortem
2645 2051 2716 2112 et
2787 2044 3018 2111 levem.

918 2148 1010 2216 Et
1076 2150 1291 2217 Graeci
1350 2149 1600 2216 habent
1672 2150 1840 2215 duas
1901 2150 2150 2237 figuras
2211 2147 2298 2214 ad
2359 2148 2480 2215 has
2543 2148 2885 2225 notandas,
2949 2152 3020 2213 et

916 2258 1240 2319 vocantur
1282 2250 1465 2315 δάσια
1508 2257 1578 2319 et
1621 2246 1819 2328 ψιλῆ.5
1913 2250 2125 2319 Ado-na
2159 2255 2262 2317 est
2289 2250 2480 2317 fortis
2507 2250 2837 2338 aspiratio,
2868 2248 3015 2326 ψιλὴ

910 2358 1019 2420 cst
1060 2354 1241 2420 levis.
1332 2353 1475 2420 Nos
1539 2374 1697 2420 vero
1758 2372 1893 2419 non
1953 2350 2272 2437 habemus
2327 2352 2458 2418 nisi
2515 2374 2718 2418 unam
2773 2351 3016 2439 aspira-

914 2456 1121 2521 tionis
1178 2460 1424 2537 notam,
1470 2456 1715 2523 scilicet
1742 2454 1838 2536 H,
1885 2476 2036 2541 quae
2081 2460 2184 2521 est
2225 2454 2460 2535 fortis3
2519 2468 2592 2521 et
2633 2475 2752 2543 per
2794 2454 3014 2540 priva-

912 2557 1165 2625 tionem
1208 2562 1387 2625 notae
1445 2556 1892 2646 cognoscimus
1949 2556 2216 2623 levemz
2295 2555 2559 2643 quando
2617 2555 2870 2621 scilicet
2925 2554 3012 2619 ad

915 2660 1242 2745 syllabam
1315 2680 1449 2725 11011
1524 2661 1796 2747 ponitur
1853 2657 1945 2736 H,
2021 2662 2102 2723 ut
2146 2679 2305 2727 asmo
2327 2681 2356 2737 ;
2431 2680 2582 2724 cum
2641 2661 2869 2724 tamen
2939 2656 3012 2723 in

916 2762 1148 2827 dativo
1191 2761 1389 2848 hujus
1432 2762 1719 2828 nominis
1763 2760 2033 2841 hamus,
2064 2782 2214 2826 cum
2260 2760 2406 2827 dico
2450 2760 2670 2839 hamo,
2717 2762 3012 2848 ponatur.

916 2862 1181 2930 Accidit
1226 2868 1451 2930 autem
1496 2885 1677 2930 error
1720 2886 1806 2930 ex
1866 2862 2314 2930 subtractione
2343 2862 2761 2952 aspirationis
2804 2861 3014 2942 fortis,

914 2987 1065 3031 cum
1094 2965 1340 3032 dicitur
1372 2967 1586 3055 prima
1636 2966 1725 3031 ad
1769 2965 2272 3046 Thessalonicos,
2323 2967 2604 3032 secundo
2629 2964 2816 3052 [17.]‚
2871 2971 2905 3000 “
2923 2965 3011 3030 ad

914 3072 953 3104 “
996 3073 1259 3154 tempus
1304 3089 1414 3135 ore
1443 3066 1520 3149 ;''
1592 3073 1662 3134 et
1705 3067 2029 3156 glossator
2091 3068 2555 3155 Epistularum,
2599 3067 2846 3134 scilicet
2901 3067 3012 3132 ille

910 3169 1027 3256 qui
1070 3170 1227 3236 fecit
1272 3169 1651 3238 Sententias
1680 3169 1844 3235 dicit
1873 3170 2050 3256 quod
2078 3174 2178 3236 est
2207 3171 2537 3236 ablativus
2583 3192 2772 3236 casus
2813 3169 3010 3256 hujus

907 3271 1193 3338 nominis
1256 3293 1344 3354 os,
1392 3271 1551 3354 oris,
1620 3272 1800 3358 quod
1873 3293 2009 3338 non
2071 3271 2417 3360 aspiratur.
2507 3273 2599 3338 Et
2641 3273 2736 3338 sic
2781 3271 3011 3336 dicunt

906 3375 1203 3443 doctores
1245 3374 1633 3464 theologiae3
1680 3373 1796 3440 sed
1837 3373 2078 3439 falsum
2107 3377 2209 3440 est
2251 3373 2388 3441 hoc.
2464 3373 2644 3440 Nam
2672 3374 2745 3439 in
2776 3372 3010 3438 Bibliis

902 3478 1199 3566 antiquis
1258 3481 1361 3544 est
1420 3476 1753 3565 aspiratio,
1799 3479 1880 3540 ut
1939 3477 2031 3541 sit
2072 3474 2412 3564 genitivus
2469 3476 2667 3564 hujus
2725 3475 3009 3541 nominis

900 3579 1089 3660 hora,
1134 3579 1337 3648 hoo-ce.
1430 3578 1521 3645 Et
1567 3579 1663 3646 810
1706 3583 1811 3644 est
1854 3577 1930 3642 in
1975 3578 2224 3658 GraecO,
2255 3579 2338 3645 de
2383 3598 2514 3665 quo
2559 3583 2862 3665 sumptus
2905 3582 3007 3643 est

898 3687 1131 3748 textus
1204 3681 1613 3748 Latinorum.
1737 3679 1917 3746 Nam
2005 3680 2078 3746 in
2155 3679 2384 3746 Graeco
2456 3679 2741 3746 habetur
2813 3677 3010 3767 ὥροις,Β

900 3783 1079 3867 quod
1137 3789 1241 3849 est
1296 3783 1631 3870 genitivus
1688 3782 1889 3869 hujus
1945 3781 2234 3848 nominis
2281 3782 2514 3860 Graeci,
2559 3780 2748 3861 hora,
2794 3779 3010 3848 horas.

902 3884 1104 3949 Unde
1140 3884 1265 3948 hoc
1306 3905 1549 3950 nomen
1590 3883 1761 3950 hora
1806 3883 2179 3950 declinatur
2223 3885 2484 3952 Graece.
2533 3883 2744 3971 hujus
2785 3883 3004 3961 horae,

898 3982 1067 4050 huic
1138 3983 1358 4063 horai,
1432 3983 1615 4051 hamc
1688 3985 1930 4064 homan,
1999 3985 2054 4054 Ο
2123 3985 2308 4054 hora.
2401 3986 2830 4052 Manifestum
2903 3991 3005 4052 est

900 4086 1079 4172 quod
1120 4107 1255 4153 non
1314 4087 1525 4152 solum
1586 4086 1696 4153 hic
1738 4092 1841 4154 est
1901 4109 2082 4154 error
2139 4089 2214 4154 in
2259 4109 2439 4170 voce,
2497 4087 2614 4154 sed
2669 4088 2746 4153 in
2793 4108 3006 4170 sensu,

897 4193 1169 4276 propter
1210 4188 1725 4257 subtractionem
1786 4189 2220 4278 aspirationis.
2327 4189 2420 4258 Et
2467 4190 2680 4278 primo
2725 4191 3000 4278 Regum,

962 4489 977 4522 ¹
1001 4490 1126 4558 sint]
1165 4498 1297 4552 sunt,
1318 4490 1381 4542 B.
2061 4495 2083 4526 ⁸
2102 4494 2243 4544 δόσια
2277 4503 2325 4546 et
2361 4494 2508 4562 ψιλὴ]
2553 4493 2710 4556 dania,
2731 4492 2864 4559 peili,
2905 4493 2966 4544 Τ.
2987 4511 3003 4554 ι

956 4569 979 4599 ²
998 4569 1205 4636 scilicet]
1242 4585 1341 4621 om.
1366 4570 1429 4621 Τ.
1996 4575 2096 4626 and
2113 4589 2170 4626 so
2191 4575 2392 4641 always.

956 4649 978 4680 ³
998 4647 1119 4716 duo]
1156 4657 1207 4701 et
1228 4652 1341 4710 duo,
1364 4649 1428 4702 B.

956 4731 977 4762 ⁴
997 4731 1151 4800 dum]
1186 4747 1318 4795 suas,
1340 4733 1404 4784 B.
2066 4732 2088 4762 ⁸
2104 4729 2249 4796 δρας]
2286 4729 2451 4792 horas,
2471 4727 2535 4782 Β.
