3517 5750
819 834 849 894 1
862 832 948 897 38
1570 844 1830 897 nouum
1875 844 2163 898 mcoms
2748 836 2923 923 [car.

812 1018 1173 1083 secundum
1232 1018 1525 1105 longum,
1570 1020 1782 1087 latum
1827 1025 1896 1087 et
1937 1018 2351 1107 profundum,
2398 1018 2508 1085 vel
2565 1020 2922 1107 suspenda-

810 1140 959 1185 mus
1002 1121 1100 1187 ibi
1146 1122 1277 1189 tris
1318 1123 1453 1204 fila,
1500 1123 1609 1188 vel
1654 1128 1790 1189 tres
1833 1122 2137 1203 festucas,
2181 1122 2290 1187 vel
2333 1121 2464 1189 alia
2521 1144 2592 1187 se
2643 1123 2917 1189 interse-

809 1224 1045 1302 cantia,
1092 1224 1464 1291 videbimus
1508 1226 1596 1291 ad
1638 1246 1902 1291 sensum
1947 1226 2124 1312 quod
2169 1246 2304 1290 non
2347 1230 2546 1291 erunt
2587 1225 2716 1291 nisi
2759 1226 2920 1291 duo-

810 1329 1021 1395 decim
1088 1332 1313 1419 anguli
1380 1332 1836 1419 superficiales,
1885 1332 2000 1418 qui
2063 1338 2288 1397 tamen
2351 1336 2629 1417 possunt
2687 1353 2916 1418 cepero

807 1431 1048 1517 viginti
1092 1440 1378 1521 quatuor
1404 1434 1681 1523 angulos
1722 1434 2174 1521 superficiales,
2207 1434 2324 1519 qui
2351 1438 2508 1499 sunt
2553 1434 2626 1499 in
2661 1434 2918 1521 angulis

808 1538 954 1599 octo
998 1536 1459 1622 corporalibus,
1508 1537 1624 1623 qui
1668 1542 1829 1603 sunt
1883 1537 1952 1601 in
1999 1535 2379 1623 corporibus
2423 1540 2574 1601 octo
2619 1536 2913 1615 diversis,

805 1638 1217 1725 congregatis
1284 1639 1455 1705 circa
1520 1644 1840 1726 punctum
1903 1660 2126 1705 unum.
2217 1638 2287 1703 Ν
2287 1660 2396 1703 am
2459 1659 2714 1724 semper
2779 1638 2914 1705 duo

804 1740 1031 1826 anguli
1074 1741 1507 1828 superficiales
1550 1742 1834 1808 duorum
1879 1742 2270 1829 angulorum
2299 1740 2728 1828 corporalium
2761 1762 2913 1805 con-

795 1840 1017 1926 juncti
1064 1844 1421 1909 secundum
1487 1844 1909 1930 profundum,
1955 1848 2222 1909 tantum
2273 1842 2527 1909 faciunt
2586 1848 2910 1928 quantum

802 1963 1015 2025 unus;
1060 1946 1217 2031 quia
1260 1946 1437 2012 mille
1482 1946 1691 2011 millia
1752 1968 1890 2011 non
1951 1946 2242 2013 facerent
2303 1945 2555 2031 aliquid
2618 1946 2700 2011 de
2760 1968 2912 2032 pro-

800 2045 1047 2129 fund03
1112 2053 1182 2115 et
1241 2048 1391 2115 ideo
1464 2048 1814 2115 duodecim
1871 2054 2136 2115 tantum
2212 2049 2498 2134 capiunt,
2585 2052 2908 2133 quantum

800 2146 1035 2235 viginti
1080 2156 1379 2236 quatuor,
1424 2152 1784 2221 secundum
1829 2150 1998 2218 hanc
2039 2152 2238 2217 viam.

465 2255 519 2337 4
540 2256 731 2310 theolo-
890 2250 1023 2318 Sed
1067 2254 1141 2318 in
1198 2252 1583 2343 theologicis
1645 2276 1964 2341 magnum
2031 2253 2424 2339 mysterium
2491 2250 2630 2319 est.¹
2727 2250 2905 2317 Nam

464 2326 599 2388 ἕω
802 2350 1105 2421 Christus
1151 2361 1251 2422 est
1308 2356 1473 2443 lapis
1533 2356 1868 2444 angularis
1923 2361 2242 2441 tanquam
2302 2361 2586 2442 punctus
2645 2356 2716 2419 in
2775 2376 2908 2441 quo

796 2462 1277 2545 componuntur
1306 2458 1651 2527 duodecim
1675 2458 1979 2545 Apostoli
2007 2482 2022 2539 ;
2055 2463 2124 2523 et
2153 2456 2314 2523 alias
2343 2456 2590 2545 viginti
2621 2462 2906 2543 quatuor

796 2558 1083 2625 seniores
1126 2559 1199 2624 in
1244 2559 1684 2647 Apocalypsi3
1730 2566 1802 2625 et
1845 2566 2107 2647 oportet
2137 2559 2314 2646 quod
2345 2559 2426 2625 de
2457 2580 2592 2624 uno
2631 2581 2904 2625 numero

796 2660 903 2725 vel
948 2661 1077 2727 alio
1122 2662 1553 2748 spiritua-liter
1608 2662 1705 2727 sit
1763 2662 2062 2749 quilibet,
2111 2662 2226 2749 qui
2273 2660 2539 2729 Christo
2583 2660 2906 2729 Domino*

796 2761 1037 2829 debeat
1080 2762 1261 2829 uniri
1306 2769 1376 2829 et
1420 2784 1619 2850 super
1664 2762 2006 2829 Christum
2052 2762 2334 2829 fundari.

464 2866 576 2920 The
888 2863 1263 2932 Secundum
1307 2865 1515 2954 igitur
1557 2865 1942 2948 Averroem,
1973 2871 2118 2932 octo
2163 2865 2316 2933 cubi
2357 2865 2615 2955 replent
2663 2864 2896 2946 locum,

461 2936 746 3054 ‘xm
796 2966 1003 3033 circa³
1046 2974 1365 3056 punctum
1410 2989 1617 3034 unum
1662 2969 2128 3056 corporaliter3
2175 2975 2246 3034 et
2287 2969 2412 3034 hoc
2453 2989 2590 3034 non
2631 2972 2737 3035 est
2777 2969 2898 3033 du·-

462 3068 769 3122 considered.
796 3069 981 3136 bium
1012 3097 1027 3152 ;
1075 3073 1232 3159 quia
1276 3072 1555 3158 angulus
1600 3072 1752 3138 cubi
1795 3072 2213 3160 componitur
2271 3093 2358 3137 ex
2415 3070 2630 3136 tribus
2687 3069 2897 3136 rectis.

796 3173 887 3239 Et
953 3174 1267 3261 quoniam
1326 3175 1553 3262 anguli
1612 3175 1978 3263 pyramidis
2047 3173 2389 3240 duodecim
2451 3173 2677 3238 valent
2749 3179 2896 3238 octo

792 3276 1067 3363 angulos
1114 3277 1430 3343 cuborum
1490 3275 1679 3366 (nam
1732 3277 2012 3364 angulus
2074 3274 2436 3363 pyramidis
2494 3275 2676 3340 valet
2732 3275 2898 3340 duos

789 3384 1018 3460 rectos,
1066 3379 1236 3446 sicut
1280 3379 1563 3466 angulus
1606 3379 1759 3446 cubi
1804 3381 1964 3465 tres)
2011 3379 2160 3443 ideo
2189 3378 2292 3444 bis
2319 3377 2665 3443 duodecies
2699 3381 2898 3442 erunt

787 3480 1036 3569 viginti
1084 3488 1388 3569 quatuor,
1436 3482 1610 3548 sicut
1650 3487 1757 3548 ter
1799 3486 1964 3547 octo.
2057 3479 2313 3568 Vulgus
2355 3485 2580 3546 tamen
2623 3483 2893 3544 natura.-

783 3583 947 3649 lium
996 3583 1309 3666 Parisius,
1358 3585 1515 3670 quis,
1567 3585 1778 3650 naecit
1821 3582 2138 3649 terminos
2179 3581 2578 3669 geometriae,
2635 3586 2892 3647 contra-

780 3685 945 3751 dicit
973 3707 1092 3752 suo
1124 3687 1379 3753 auctori
1406 3709 1424 3767 ;
1472 3687 1629 3774 quia
1664 3708 1838 3752 unus
1867 3685 2112 3752 stultus
2137 3685 2482 3771 proposuit
2509 3684 2580 3748 in
2610 3684 2888 3769 publico,

781 3785 895 3873 qui
951 3807 1188 3853 nomen
1251 3787 1490 3854 habuit
1556 3788 1629 3852 in
1690 3787 1910 3876 vulg0,
1965 3791 2036 3853 et
2102 3787 2283 3852 dixit
2332 3786 2509 3873 quod
2561 3786 2893 3852 Averroes

778 3889 1118 3966 mentitur,
1150 3890 1413 3976 quando
1444 3889 1608 3956 dicit
1636 3891 1816 3976 quod
1859 3891 2204 3956 duodecim
2233 3888 2604 3976 pyramides
2631 3887 2892 3974 replent

776 3989 991 4056 locum
1020 4015 1037 4069 3
1080 4011 1240 4056 nam
1274 3991 1523 4079 viginti
1566 3993 1844 4081 replent,
1873 3997 1955 4057 ut
1999 3991 2124 4057 iste
2167 3990 2514 4056 asserebat.
2589 3989 2723 4056 Sed
2761 3991 2884 4054 im-

774 4091 1081 4179 possibile
1124 4099 1227 4159 est
1269 4095 1447 4179 quod
1490 4093 1665 4161 dicit.
1756 4093 1827 4158 Ν
1829 4113 1936 4159 am
1992 4093 2238 4180 viginti
2295 4091 2545 4158 habent
2603 4091 2884 4177 quadra-

774 4195 963 4282 ginta
1006 4194 1281 4283 angulos
1322 4201 1534 4262 motos
1578 4195 2032 4284 superficiales,
2081 4195 2238 4282 quia
2281 4193 2561 4281 quilibet
2602 4194 2883 4279 angulus

776 4297 859 4363 de
932 4296 1036 4364 his
1110 4297 1567 4385 pyramidibus
1629 4298 2034 4385 replentibus
2119 4297 2337 4363 locum
2426 4295 2628 4362 habet
2715 4296 2882 4362 duos

1500 4517 1859 4526 ψῃ
1866 4515 2301 4522 —-‹——--——-
2315 4513 2868 4523 -—-—-—-—-——-

770 4520 1028 4530 ——-—-.-

846 4666 861 4698 ¹
886 4665 981 4732 est]
1020 4681 1117 4717 om.
1154 4665 1216 4717 Τ.
1917 4662 1936 4692 ⁸
1958 4659 2122 4728 cir-ca]
2159 4661 2364 4722 circum,
2397 4659 2461 4716 Τι
2482 4661 2544 4716 Bc

847 4747 867 4776 ¹
886 4744 1124 4812 Domino]
1162 4759 1260 4796 om.
1296 4743 1360 4795 Τ.
