3517 5750
914 788 1045 853 358
1668 798 1924 851 soom
1967 796 2258 851 moerus

912 1002 1031 1044 sua
1093 976 1349 1043 utilitas
1392 974 1697 1041 consistit
1763 974 1836 1039 in
1903 979 2228 1059 quantum
2289 975 2639 1063 theologiae
2703 977 3037 1053 deservit,

906 1088 1107 1167 atque
1136 1102 1257 1145 sua
1286 1078 1576 1165 dignitas
1604 1083 1768 1143 tunc
1811 1076 2108 1143 eluceret.
2183 1078 2362 1143 Nam
2405 1079 2575 1145 nihil
2603 1084 2707 1145 est
2735 1078 3033 1165 dignum

908 1185 977 1249 in
1026 1206 1105 1248 ea
1150 1182 1276 1247 nisi
1340 1179 1517 1266 quod
1560 1200 1740 1243 sacra
1799 1178 1928 1242 Dei
1971 1180 2296 1264 sapientia
2353 1180 2635 1266 recipere
2679 1182 3033 1267 dignatur.

908 1288 1079 1355 Cum
1108 1286 1319 1373 igitur
1348 1285 1421 1347 in
1452 1282 1796 1368 Scriptura
1824 1286 2112 1367 ponatur
2139 1302 2257 1359 res,
2305 1304 2348 1347 a
2375 1284 2652 1349 summis
2695 1283 3024 1349 coelorum

906 1411 1113 1475 usque
1187 1386 1274 1451 ad
1346 1385 1663 1451 terminos
1736 1404 1980 1461 eorum,
2028 1388 2294 1471 oportet
2379 1384 2758 1472 theologum
2843 1386 3026 1449 scire

906 1492 1143 1569 omnia,
1208 1490 1265 1553 si
1321 1488 1689 1572 intelligere
1748 1486 1950 1550 debet
2009 1484 2418 1571 scripturam
2487 1486 2616 1551 Dei
2680 1488 3022 1574 plenu-iffi

906 1600 977 1661 et
1019 1592 1305 1657 maxime
1348 1589 1654 1665 coelestia,
1704 1588 1862 1673 quia
1903 1588 2021 1653 illa
2071 1588 2400 1653 nobiliora
2441 1593 2616 1655 sunt.
2709 1588 2801 1654 Et
2851 1590 3020 1673 quia

906 1716 1090 1761 sacra
1133 1692 1460 1777 sapientia
1502 1690 1785 1755 coelestis
1831 1694 1952 1767 est,
1997 1694 2068 1754 et
2119 1690 2282 1774 quia
2325 1691 2734 1757 conversatio
2777 1694 3016 1757 nostra

905 1800 977 1863 in
1044 1796 1225 1863 coelis
1289 1792 1487 1857 debet
1548 1814 1703 1870 esse,
1750 1798 1822 1855 et
1883 1791 2040 1876 quia
2082 1793 2378 1878 proprius
2437 1792 2620 1858 locus
2669 1798 2892 1861 noster
2931 1798 3014 1857 et

906 1899 1127 1988 patria
1188 1898 1259 1962 in
1302 1894 1483 1961 coelis
1528 1898 2000 1980 praeparantur,
2048 1900 2118 1959 et
2178 1900 2448 1980 propter
2491 1896 2736 1961 multas
2779 1894 3008 1979 hujus-

908 2002 1085 2067 modi
1115 2000 1399 2064 rationes
1450 2002 1517 2063 et
1563 1996 2008 2072 auctoritates,
2055 2001 2136 2061 ut
2179 2002 2382 2083 tango
2425 1997 2498 2061 in
2539 2002 2728 2081 parte
2773 2000 3012 2081 quarta

906 2106 989 2171 de
1018 2100 1503 2189 comparatione
1532 2098 2016 2163 mathematicas
2045 2098 2132 2163 ad
2175 2098 2592 2183 theologiam,
2620 2099 2857 2165 deinde
2883 2118 3005 2163 nos

908 2210 1166 2295 oportet
1211 2206 1370 2269 scire
1416 2208 1711 2287 tempora
1750 2205 2020 2285 propter
2049 2200 2354 2266 historias
2385 2200 2602 2267 Sacrae
2631 2201 2999 2287 Scripturas.

910 2310 1043 2375 Sed
1086 2306 1497 2395 philosophia
1542 2304 1679 2369 haee
1716 2302 2050 2379 certificat,
2098 2302 2268 2367 sicut
2312 2303 2586 2369 ostendo
2645 2303 2718 2367 in
2777 2303 2998 2369 eadem

906 2416 1105 2499 parte
1198 2408 1423 2473 Tertio
1470 2410 1733 2492 oportet
1777 2403 1954 2489 quod
1998 2405 2140 2469 loca
2181 2404 2414 2469 mundi
2473 2405 2785 2483 sciantur,
2847 2404 2998 2491 quia

902 2519 1089 2579 totus
1148 2533 1372 2577 cursus
1419 2508 1774 2593 Scripturas
1837 2508 2044 2571 currit
2109 2528 2304 2591 penes
2365 2506 2548 2585 haec;
2607 2512 2677 2573 et
2737 2511 2998 2593 propter

902 2615 1045 2680 haec
1091 2613 1400 2698 descripsi
1442 2610 1585 2677 haec
1640 2609 1784 2673 loca
1825 2608 1898 2673 in
1943 2607 2321 2687 universali,
2367 2612 2439 2673 et
2489 2609 2562 2673 in
2604 2608 2994 2693 particulari,

902 2722 972 2781 et
1016 2714 1400 2799 astrologice
1446 2718 1515 2778 et
1558 2710 1966 2777 naturaliter.

988 2814 1249 2881 Deinde
1311 2819 1569 2900 oportet
1637 2812 1815 2900 quod
1881 2812 2175 2878 sciantur
2237 2812 2518 2894 numeri,
2563 2811 2704 2880 sine
2763 2814 2994 2900 quibus

898 2919 1070 2983 nihil
1112 2921 1329 3004 potest
1373 2917 1521 2980 sciri
1582 2913 1686 2979 in¹
1770 2915 2127 3002 Scriptura,
2189 2919 2269 2980 ut
2327 2917 2520 2982 docet
2577 2915 2993 3003 Augustinus

901 3024 970 3086 et
1014 3019 1129 3084 alii
1192 3017 1421 3096 sancti,
1470 3017 1640 3082 sicut
1706 3017 1920 3082 scribo
1987 3017 2059 3082 in
2103 3017 2218 3082 illa
2265 3023 2450 3104 parte
2511 3019 2600 3084 de
2663 3039 2990 3106 eompara-

896 3123 1080 3188 tione
1176 3141 1599 3186 numerorum
1674 3120 1759 3184 ad
1839 3118 2245 3204 Scripturam
2274 3143 2289 3183 :
2381 3125 2451 3186 et
2509 3124 2738 3208 postea
2821 3121 2994 3206 quod

897 3224 1191 3290 sciantur
1232 3223 1589 3302 musicalia,
1622 3221 1792 3287 sicut
1829 3221 2042 3287 sancti
2081 3223 2334 3300 docent,
2368 3222 2572 3288 etiam
2611 3224 2882 3290 ostendo
2919 3223 2994 3288 in

896 3328 1014 3392 illa
1056 3331 1262 3414 parte.
1352 3325 1607 3390 Deinde
1651 3323 2138 3410 geometricalia
2181 3346 2376 3410 super
2427 3326 2648 3392 omnia
2691 3327 2866 3406 hasc3
2911 3331 2992 3390 ut

895 3453 1047 3496 arca
1092 3430 1161 3495 N
1164 3451 1280 3510 oae,
1323 3425 1818 3494 tabernaculum
1861 3447 2010 3490 cum
2055 3427 2359 3492 omnibus
2401 3427 2799 3513 appenditiis
2839 3429 2989 3507 suis,

896 3537 966 3597 et
1009 3533 1331 3619 templum
1372 3528 1740 3596 Salomonis
1785 3534 1855 3593 et
1899 3527 2200 3594 Ezechiel
2243 3529 2696 3596 describantur
2737 3531 2813 3596 in
2855 3552 2988 3598 cor-

895 3635 1164 3719 poribus
1208 3631 1567 3698 secundum
1636 3681 1649 3695 .
1716 3681 1729 3693 .
1786 3680 1800 3696 .
1847 3629 1977 3694 ais8
2021 3631 2398 3716 corporibus
2427 3631 2809 3720 Scripturas.
2901 3634 2989 3700 Et

894 3735 1093 3799 aliter
1132 3731 1531 3817 impossibile
1576 3736 1678 3796 est
1723 3733 1900 3816 quod
1943 3753 2168 3798 sensus
2209 3733 2519 3799 litteralis
2562 3735 2825 3817 sciatur,
2869 3759 2988 3802 nec

892 3855 1011 3919 per
1038 3853 1434 3918 consequens
1463 3831 1835 3916 spiritualis.
1915 3832 2092 3898 Etad
2121 3835 2243 3900 hoc
2269 3835 2738 3902 laboraverunt
2779 3837 2986 3904 sancti

890 3939 961 4000 et
1034 3933 1297 4018 antiqui
1369 3933 1710 4019 sapientes.
1811 3935 1904 4001 Et
1977 3935 2121 4000 vidi
2194 3938 2276 4003 de
2349 3939 2470 4018 his,
2529 3944 2598 4006 et
2671 3940 2781 4006 hic
2853 3945 2988 4007 stat

890 4034 1281 4120 imaginatio
1344 4033 1715 4121 Scripturas,
1765 4042 1844 4102 ut
1904 4039 2184 4104 sciamus
2227 4044 2419 4106 vetus
2478 4045 2548 4106 et
2604 4063 2869 4122 novum,
2915 4049 2986 4110 et

888 4137 1233 4204 videamus
1297 4137 1386 4201 ad
1460 4137 1717 4203 oculum
1779 4139 1985 4204 ritum
2069 4141 2292 4226 populi
2356 4142 2472 4228 qui
2552 4149 2710 4210 sunt
2771 4146 2985 4232 figura

886 4241 1061 4308 novi.
1152 4239 1491 4306 Postremo
1537 4240 1780 4306 debent
1823 4243 1975 4307 sciri
2019 4263 2244 4308 omnes
2285 4249 2542 4312 naturae
2587 4251 2658 4312 et
2701 4251 2988 4336 proprie-

886 4351 1062 4413 tates
1127 4365 1349 4410 rerum
1420 4341 1820 4421 inferiorum,
1899 4349 1979 4410 ut
2051 4344 2537 4428 elementorum,
2613 4349 2982 4430 humorum,

956 4653 969 4682 ¹
997 4651 1075 4718 in]
1101 4653 1221 4712 sine,
1246 4653 1358 4706 MS.
1875 4655 1886 4723 Ι
1979 4659 1999 4687 ²
2029 4657 2310 4726 secundum]
2339 4660 2446 4723 2²¹⁸,
2471 4661 2582 4714 MS.
