3517 5750
860 858 991 925 202
1604 874 1864 926 Roonm
1907 874 2198 927 mcoms
2781 862 2947 951 [cir

852 1048 1113 1113 stitium
1144 1048 1486 1133 hyemale,
1510 1070 1741 1116 verum
1785 1056 1888 1117 est
1933 1050 2110 1137 quod
2169 1051 2268 1117 sol
2327 1048 2510 1116 omni
2567 1050 2673 1115 die
2732 1048 2806 1115 in
2849 1070 2958 1115 zo-

854 1149 1075 1217 diaoo¹
1124 1150 1419 1218 flectitur
1462 1152 1549 1218 ad
1594 1150 2000 1271 aquilonem’
2057 1153 2196 1220 fere
2239 1176 2357 1241 per
2399 1152 2682 1241 gradum
2724 1174 2954 1233 unum,

850 1252 922 1319 id
974 1256 1091 1332 est,
1126 1274 1263 1371 oper
1304 1258 1563 1342 partem
1606 1254 1758 1322 oceli
1802 1256 1876 1321 in
1921 1254 2200 1323 circuitu
2243 1255 2380 1322 fere
2431 1254 2958 1322 trecentesimam

850 1356 1343 1443 sexagesimam.
1474 1355 1609 1424 Sed
1660 1378 1703 1424 a
1744 1356 2035 1425 solstitio
2082 1356 2378 1445 hyemali
2429 1376 2766 1444 nusquam
2809 1356 2960 1424 fiec—

850 1458 1021 1525 titur
1066 1460 1155 1525 ad
1188 1458 1581 1547 aquilonem,
1642 1459 1758 1527 sed
1819 1462 1907 1527 ed
1963 1458 2358 1544 meridiem,⁸
2419 1480 2626 1547 usque
2685 1460 2776 1526 ad
2831 1460 2956 1526 sol-

849 1561 1107 1627 stitium
1180 1562 1493 1630 aestivale.
1606 1562 1932 1629 Similiter
2003 1564 2455 1632 consideretur
2525 1561 2956 1649 aequidistans

848 1664 922 1729 in
972 1686 1105 1751 qua
1144 1664 1357 1732 fertur
1398 1665 1516 1731 illa
1566 1664 1860 1733 flectitur
1931 1664 2020 1733 ad
2081 1666 2456 1754 aquilonem
2513 1664 2624 1731 in*
2679 1664 2796 1730 illo
2855 1664 2955 1729 di-

847 1766 1051 1833 midio
1108 1788 1300 1850 anno,
1346 1768 1463 1835 sed
1526 1769 1737 1855 magis
1795 1768 1886 1834 ad
1941 1768 2305 1851 meridiem,
2347 1773 2616 1856 propter
2673 1766 2954 1855 gradum

848 1888 1041 1955 quem
1094 1870 1379 1956 acquirit
1432 1870 1531 1937 sol
1584 1874 1776 1937 motu
1827 1870 1948 1937 sui.
2041 1870 2260 1950 Unde,
2307 1874 2635 1957 quantum
2681 1870 2768 1935 ad
2811 1890 2956 1935 sen-

850 1992 1011 2051 sum,
1074 1994 1211 2039 non
1286 1972 1497 2040 flectit
1554 1992 1627 2039 se
1684 1974 1757 2038 in
1817 1972 2113 2061 aliquam
2157 1978 2438 2061 partem,
2499 1971 2656 2039 lioet
2729 1976 2955 2039 tamen

846 2076 1205 2143 secundum
1264 2076 1617 2142 veritatem
1674 2074 1749 2140 iu
1823 2098 1958 2142 uno
2033 2076 2310 2143 dimidio
2385 2096 2562 2141 anno
2618 2073 2830 2141 flectit
2885 2096 2955 2141 se

844 2198 1077 2265 parum
1128 2178 1215 2243 ad
1273 2178 1667 2265 aquilonem,
1722 2182 1793 2245 et
1843 2178 1918 2244 in
1975 2178 2106 2245 alio
2167 2198 2399 2265 parum
2445 2178 2533 2243 ad
2591 2174 2953 2256 meridiem,

845 2282 1027 2346 omni
1092 2280 1202 2347 die
1268 2282 1404 2347 fere
1478 2300 1596 2369 per
1668 2302 1880 2347 unum
1953 2278 2282 2369 gradum.⁶
2369 2278 2572 2347 Unde
2645 2278 2953 2365 aequidis-

843 2388 1067 2449 tentes
1082 2381 1109 2421 ⁶
1164 2404 1302 2449 non
1346 2390 1507 2450 sunt
1544 2404 1702 2451 vere
1742 2384 1986 2463 circuli,
2027 2385 2143 2451 sed
2183 2384 2421 2472 spiram
2467 2404 2546 2449 eo
2593 2382 2770 2469 quod
2804 2382 2958 2447 finis

844 2489 913 2551 et
958 2484 1359 2573 principium
1410 2506 1549 2552 non
1610 2486 1862 2553 cadunt
1919 2486 1993 2552 in
2050 2486 2230 2553 idem
2281 2490 2622 2573 punctum,
2675 2488 2748 2551 et
2805 2484 2952 2551 ideo

842 2588 916 2652 in
964 2586 1143 2654 idem
1196 2588 1375 2656 redit
1432 2590 1649 2656 flexus
1706 2590 1865 2656 solis
1919 2588 1994 2655 in
2045 2586 2314 2655 zodiaco
2361 2590 2434 2653 et
2479 2584 2590 2653 in⁷
2641 2585 2952 2673 aequidis-

841 2692 1048 2759 tante.
1172 2688 1317 2757 Neo
1376 2696 1599 2779 potest
1659 2691 1872 2759 flexus
1939 2690 2048 2757 hic
2121 2688 2518 2757 considerari
2593 2689 2953 2757 seeundum

840 2790 1347 2861 declinationem
1405 2792 1790 2879 horizontis,
1851 2793 2011 2883 quia
2075 2792 2294 2860 adhuc
2353 2791 2648 2859 flectitur
2705 2792 2779 2858 in
2837 2790 2953 2857 illo

842 2893 1115 2961 dimidio
1172 2917 1351 2962 anno
1408 2898 1497 2964 ad
1556 2897 1992 2966 meridianam
2050 2899 2310 2984 partem
2370 2893 2734 2962 horizontis
2752 2942 2770 2975 ,
2831 2915 2954 2962 nec

840 2993 1043 3063 habet
1092 2998 1645 3087 comparationem
1706 3001 1795 3068 ad
1845 2999 2212 3080 horizonta,
2257 2997 2388 3065 nisi
2437 3001 2709 3085 propter
2749 2997 2954 3083 sequi-

841 3097 1255 3167 distantemz
1342 3123 1497 3190 ergo
1562 3101 1978 3189 judicabitur
2054 3101 2415 3168 seeundum
2499 3119 2663 3167 eam.
2797 3097 2956 3165 Non

840 3201 1048 3289 igitur
1090 3203 1359 3270 videtur
1402 3205 1581 3292 quod
1632 3204 1741 3271 hic
1788 3205 2002 3272 flexus
2045 3205 2256 3292 possit
2301 3203 2548 3270 salvari
2589 3201 2955 3270 secundum

839 3305 1208 3388 veritatem,
1264 3307 1379 3374 sed
1428 3307 1794 3375 seeundum
1843 3306 2170 3396 judicium
2235 3325 2478 3372 sensus.
2567 3303 2750 3370 Nam
2797 3303 2958 3390 quia

837 3405 911 3473 in
950 3409 1284 3476 communi
1318 3409 1573 3498 judicio
1603 3407 1984 3497 judicamus
2025 3405 2382 3476 secundm
2423 3427 2708 3488 sensum,
2741 3407 2957 3473 multa

838 3511 1264 3598 reperiuntur
1322 3512 1505 3602 apud
1566 3518 1868 3579 auctores
1927 3531 2078 3599 quae
2141 3507 2324 3577 dicta
2383 3514 2542 3576 sunt
2593 3509 2956 3576 secundum

838 3615 1014 3699 quod
1054 3620 1393 3703 apparent.
1486 3615 1595 3680 Ex
1634 3615 2050 3703 perspectiva
2093 3613 2304 3701 igitur
2335 3612 2586 3679 dictum
2627 3617 2745 3691 est,
2778 3610 2958 3698 quod

838 3716 1050 3803 magis
1094 3717 1708 3804 comprehendimus
1756 3716 2150 3784 distantiam
2203 3715 2544 3782 stellarum
2586 3713 2660 3780 in
2705 3712 2960 3781 oriente

837 3823 906 3884 et
964 3819 1319 3900 occidente,
1378 3825 1649 3906 propter
1710 3818 2286 3908 interpositionem
2345 3821 2562 3898 terrae,
2625 3837 2828 3904 quam
2888 3815 2960 3881 in

836 3919 1129 3986 meridie.
1221 3921 1313 3986 Et
1386 3921 1551 4000 ide0,
1628 3921 1788 3988 licet
1861 3919 2222 3989 secundum
2296 3919 2544 3985 lineam
2603 3923 2951 3985 extensam

835 4021 1013 4088 inter
1061 4021 1382 4089 orientem
1430 4029 1501 4090 et
1550 4022 2000 4093 oecidentem⁰
2052 4023 2372 4091 videntur
2418 4019 2570 4109 plus
2615 4021 2861 4088 distare
2911 4043 2954 4087 a

847 4207 1014 4216 *-

902 4347 916 4378 ι
957 4349 1009 4398 5„
1030 4345 1256 4414 mm]
1292 4361 1393 4401 om·
1418 4345 1482 4402 T·
2005 4325 2025 4356 ⁸
2046 4341 2192 4416 unna-1
2200 4321 2432 4391 qradum]
2448 4323 2660 4390 gradum
2681 4335 2854 4384 unum,
2879 4319 2942 4373 T.

902 4456 924 4486 π
954 4451 1024 4504 aa
1042 4451 1333 4522 aquilonem]
1371 4457 1437 4508 ad
1456 4455 1731 4518 meridiem,
1754 4455 1834 4518 Τι,
1935 4488 1968 4515 u
2001 4403 2568 4548 :mcerfflgzmz
2577 4403 2952 4534 1133,an

830 4533 1085 4586 corrected
1102 4532 1235 4585 from
1257 4535 1321 4585 ab
1342 4535 1589 4601 aquilone.
1935 4567 1968 4593 α
2000 4561 2141 4615 omni
2163 4561 2294 4613 die.»
2349 4559 2411 4612 T,
2435 4561 2492 4612 i„
2515 4575 2674 4628 mag,

898 4627 919 4657 ⁸
950 4623 1021 4675 ad
1050 4661 1261 4679 00000
1294 4625 1561 4694 Maiiam]
1594 4627 1661 4680 {d
1680 4627 1832 4681 meri·
2007 4643 2027 4672 ⁴¹
2056 4641 2136 4708 in]
2173 4655 2273 4694 om,
2295 4641 2359 4693 T.

836 4705 991 4769 diem,
1016 4705 1105 4757 ned
1124 4705 1193 4757 ad
1210 4705 1515 4774 aquilonem,
1550 4705 1613 4761 T·
1999 4721 2022 4752 ⁸
2051 4722 2280 4773 orem
2299 4727 2350 4772 et
2365 4717 2678 4789 occidentem]
2705 4717 2872 4774 oriem
2893 4727 2948 4774 et

898 4797 917 4828 ⁴
950 4795 1029 4863 cn]
1066 4811 1162 4850 om.
1186 4795 1249 4850 τ.
1933 4801 2180 4868 medens,
2211 4799 2273 4854 n
2287 4797 2350 4853 Τ.
