3517 5750
1370 866 1547 916 orus
1588 866 1824 916 mnus
2519 852 2648 915 345

543 1040 853 1118 dictandi,
916 1044 995 1105 ut
1054 1040 1195 1126 ipse
1256 1038 1437 1115 dicit,
1486 1038 1708 1103 omisit
1767 1038 2167 1125 aliquotiens
2221 1040 2304 1106 de
2366 1039 2650 1105 veritate
2677 1038 2806 1088 Vari
2789 1054 2899 1091 ¹0⁰⁸

546 1144 893 1223 Hebraica,
926 1164 1075 1228 quae
1120 1142 1407 1207 recolens
1452 1145 1521 1205 et
1564 1162 1900 1207 resumens
1943 1142 2018 1206 in
2046 1142 2329 1208 secunda
2358 1141 2647 1207 editione
2671 1104 2982 1237 ἴξηεζῗῗρῗε

544 1267 665 1310 sua
720 1244 1005 1360 priorem
1065 1242 1335 1329 corrigit
1396 1242 1916 1309 translationem.
2010 1243 2210 1310 Unde
2271 1265 2418 1329 quae
2477 1224 2648 1308 male
2675 1246 2823 1289 tures.

545 1346 893 1412 transtulit
960 1346 1033 1411 in
1078 1342 1317 1423 Esaia,¹
1366 1366 1703 1411 resumens
1763 1345 1836 1409 in
1889 1346 2175 1412 secunda
2219 1345 2652 1413 translatione

542 1450 615 1513 in
662 1449 984 1535 originali,
1032 1449 1269 1535 quinto
1314 1448 1503 1528 libro,
1551 1447 1763 1513 dicit:
1817 1458 1854 1484 “
1877 1449 1964 1514 In
2027 1471 2104 1515 eo
2151 1470 2408 1536 quoque
2477 1448 2654 1535 quod

548 1558 585 1587 “
628 1552 1091 1617 transtulimus
1134 1549 1627 1617 incurvantem
1680 1556 1750 1615 et
1797 1548 2280 1631 lascivientem,
2328 1600 2342 1617 .
2389 1604 2404 1617 .
2451 1602 2464 1621 .
2529 1572 2652 1616 nos

551 1659 587 1687 “
633 1658 857 1718 autem
896 1654 1169 1720 verbum
1206 1652 1611 1718 Hebraicum
1638 1652 1701 1716 A
1706 1652 1960 1737 9m0n,²
1993 1653 2152 1718 dum
2181 1654 2476 1720 celeriter
2505 1674 2654 1740 quae

548 1763 583 1790 “
630 1756 873 1842 scripta
916 1761 1075 1822 sunt
1102 1756 1444 1834 vertimuS,
1478 1754 1922 1841 ambiguitate
1975 1756 2228 1842 decepti
2271 1756 2648 1843 reso-mnan·

550 1864 587 1892 “
632 1864 765 1923 tem
823 1855 1169 1923 diximus,”
1284 1855 1378 1923 Et
1438 1855 1619 1921 aliud
1698 1857 1884 1943 quod·
1939 1856 2014 1922 in
2071 1858 2301 1924 eodem
2367 1858 2655 1943 capitulo

546 1958 853 2025 similiter
909 1958 1079 2025 male
1152 1958 1597 2033 transtulerat,
1674 1958 2021 2025 revolvens
2101 1960 2329 2026 eodem
2419 1960 2655 2045 quinto

546 2060 719 2127 libro
753 2085 769 2125 ε
822 2068 859 2097 “
894 2060 1133 2125 Melius
1186 2080 1333 2125 reor
1394 2058 1733 2145 proprium
1810 2082 2093 2127 errorem
2161 2060 2652 2148 reprehendere,

552 2168 588 2197 ‘⁶
635 2184 833 2248 quam
880 2162 1041 2227 dum
1102 2161 1411 2227 erubesco
1472 2160 1878 2247 imperitiam
1938 2162 2252 2239 confiteri,
2299 2166 2374 2227 in
2439 2184 2654 2229 errore

551 2270 589 2301 “
632 2265 992 2350 persistere.
1085 2262 1172 2327 In
1218 2284 1295 2329 eo
1340 2284 1499 2333 vero
1544 2262 1721 2350 quod
1752 2264 2096 2329 transtuli:
2137 2272 2172 2299 “
2197 2264 2290 2334 Et
2319 2265 2449 2331 erit
2477 2270 2656 2334 terra

546 2372 583 2402 “
628 2366 814 2432 Juda
844 2367 1143 2453 AEgypto
1174 2366 1249 2431 in
1276 2364 1734 2443 festivitatem,
1754 2364 1830 2429 in
1851 2364 2140 2433 Hebraeo
2170 2366 2416 2453 legitur
2436 2368 2652 2453 A99a,

550 2475 589 2505 “
635 2468 813 2554 quod
887 2468 1311 2553 interpretari
1378 2471 1599 2553 potest
1662 2466 2024 2553 festivitas.
2117 2468 2317 2536 Unde
2381 2489 2652 2554 ayyoeus

550 2578 589 2607 “
632 2571 707 2635 in
758 2568 1097 2655 festivum
1140 2569 1445 2646 vertitur,
1518 2573 1588 2635 et
1634 2567 1862 2647 ὺίτηον,
1930 2570 2108 2655 quod
2175 2570 2654 2657 significantius

549 2678 585 2709 ‘⁶
636 2670 881 2756 Aquila
941 2670 1287 2736 transtulit
1351 2669 1673 2756 yyrosm,
1738 2693 1888 2736 cum
1949 2670 2186 2757 aliquis
2246 2673 2526 2759 pavidus
2585 2678 2656 2739 et

552 2782 588 2810 “
634 2774 909 2839 timidus
970 2771 1437 2849 circumfertur,
1500 2778 1570 2839 et
1628 2773 2096 2839 advenientem
2155 2772 2470 2840 formidat
2527 2774 2653 2839 ini-

552 2883 592 2914 “
635 2875 935 2942 micum.'’
1026 2875 1204 2962 Ergo
1248 2873 1307 2940 si
1352 2875 1751 2942 voluerimus
1799 2875 1874 2942 in
1913 2877 2156 2943 bonam
2189 2883 2444 2963 partem
2491 2877 2656 2944 acci-

552 2986 587 3016 “
633 3001 804 3066 pere,
852 2977 1031 3064 quod
1073 2977 1437 3044 recordatio
1483 2976 1530 3041 J
1533 2979 1682 3044 udae
1722 2978 2018 3066 AEgypto
2064 2980 2154 3044 sit
2197 2980 2440 3066 gaudii,
2480 2986 2654 3048 recte

553 3089 587 3118 ‘⁴
618 3080 963 3168 festivitas
1026 3079 1282 3144 dicitur.
1374 3078 1499 3144 Sin
1558 3084 1799 3158 autem,
1845 3085 1926 3146 ut
1985 3082 2287 3161 arbitror,
2333 3083 2406 3146 in
2459 3081 2654 3149 tiam>-

555 3191 593 3222 “
636 3204 783 3250 ‘rem-
824 3205 943 3270 pro
972 3180 1347 3268 festivitate
1390 3181 1695 3260 vertitur,
1742 3182 2190 3270 intelligamus
2237 3184 2653 3250 formidinem

555 3293 590 3322 “
638 3287 745 3352 vel
810 3282 1175 3371 pavorem.'’
1271 3282 1441 3350 Cum
1501 3283 1708 3370 igitur
1767 3285 1840 3350 in
1905 3285 2142 3350 Bibliis
2216 3287 2458 3352 nostris
2516 3309 2652 3354 om-

552 3390 749 3454 nibus
814 3387 1122 3473 antiquis,
1190 3390 1259 3452 et
1334 3407 1483 3471 quae
1557 3385 1826 3452 fuerunt
1903 3391 2197 3474 tempore
2264 3387 2522 3470 Isidori,
2585 3395 2652 3455 et

550 3491 753 3556 etiam
827 3510 975 3574 quae
1051 3487 1266 3552 adhuc
1339 3491 1596 3552 restant
1681 3487 1930 3572 ubique
2001 3488 2362 3574 regionum,
2439 3494 2509 3556 et
2578 3491 2654 3555 in

553 3589 1019 3708 posterioribus
1094 3589 1327 3654 Bibliis
1402 3589 1489 3654 ad
1555 3589 1693 3655 ulla
1769 3589 2165 3676 exemplaria
2245 3592 2654 3678 transcriptis

550 3692 925 3758 invenimus
966 3691 1041 3754 in
1086 3691 1285 3756 Esaia
1341 3689 1466 3777 reso
1472 3696 1825 3758 wnamtem
1875 3697 1946 3756 et
1989 3689 2450 3777 festivitatem,
2505 3716 2652 3780 quae

550 3794 871 3862 vocabula
912 3814 981 3858 se
1026 3792 1441 3868 transtulisse
1472 3791 1921 3879 Hieronymus
1967 3797 2305 3875 memorat,
2337 3799 2408 3860 et
2434 3801 2654 3861 mutat

552 3898 626 3963 in
693 3895 1015 3983 originali,
1063 3899 1253 3980 patet
1316 3894 1493 3980 quod
1556 3917 1743 3960 suam
1808 3895 2093 3961 correxit
2153 3895 2654 3964 translationem

553 4020 750 4084 quam
792 4002 1113 4073 tenemuS,
1162 4001 1232 4061 et
1277 4018 1412 4061 non
1456 3996 1754 4062 alienam.
1848 3995 2172 4065 Similiter
2217 3999 2394 4084 quod
2436 4005 2652 4066 trans-

552 4101 714 4167 tulit
745 4098 928 4166 Ezec.
952 4098 1091 4163 xlii.
1120 4098 1346 4186 [2.]:‘
1348 4098 1904 4186 ‘Longitudinem
1934 4100 2442 4187 quingentorum
2473 4103 2653 4169 cubi-

552 4209 591 4238 “
634 4199 917 4282 torum‚'’
962 4206 1226 4266 revooet
1288 4200 1465 4286 quod
1528 4199 1692 4266 dicit
1753 4199 2142 4268 cubitorum
2158 4226 2186 4282 ,·
2248 4202 2424 4269 unde
2469 4205 2650 4282 dicit,

552 4305 625 4369 in
699 4303 1003 4391 originali
1078 4301 1277 4389 [non]
1351 4302 1439 4368 sit
1504 4300 1685 4367 istud
1763 4303 1940 4388 quod
2005 4308 2234 4380 nostra
2307 4306 2654 4372 translatio

554 4406 769 4494 habet,
814 4406 971 4471 dum
1019 4405 1351 4472 celeritate
1396 4403 1688 4470 dictandi
1733 4405 1954 4470 minus
2006 4411 2198 4472 caute
2249 4409 2650 4494 prospexeri-

622 4733 635 4762 ¹
662 4731 859 4798 Esaia]
896 4747 1004 4796 cap.
1032 4730 1139 4780 xix.
1169 4735 1245 4780 14.
1606 4727 1617 4794 Ι
1728 4728 1747 4756 '·’
1771 4727 1981 4794 Aymon]
2009 4728 2252 4790 accidens,
2273 4730 2383 4783 MS.
