3517 5750
872 846 1005 913 490
1622 856 1884 910 nouum
1929 853 2228 909 monins
2797 842 2986 931 [css.

872 1036 1159 1103 donibus
1214 1034 1407 1103 Dios.
1530 1034 1711 1101 Nam
1769 1032 1944 1102 Dios
2017 1040 2122 1102 est
2180 1034 2580 1117 November,
2639 1039 2721 1103 ut
2795 1035 2988 1105 Μ

870 1138 1105 1207 stu-ibit
1164 1143 1235 1205 et
1280 1134 1497 1205 Graeci
1558 1138 1817 1217 docent,
1865 1140 1938 1204 et
2001 1137 2224 1205 sciunt
2287 1158 2512 1205 omnes
2579 1139 2698 1223 qui
2757 1139 2990 1207 sciunt

870 1241 1239 1328 intelligere
1280 1240 1785 1329 philosophiam,
1831 1245 1904 1307 et
1947 1240 2378 1329 Smiptumm,
2419 1246 2492 1307 et
2531 1240 2862 1322 historias,
2907 1243 2985 1309 in

870 1346 1115 1431 quibus
1174 1364 1349 1431 soepe
1409 1343 1739 1411 mensium
1809 1342 2190 1411 Graeoorum
2251 1344 2530 1411 nomina
2593 1344 2984 1415 recitantur.

872 1448 1131 1529 Quarto
1192 1450 1371 1513 erret
1413 1446 1489 1511 in
1550 1444 1677 1511 hoo
1741 1445 1924 1532 quod
1969 1444 2196 1513 omnia
2251 1444 2396 1513 haeo
2455 1446 2806 1513 confirmat
2861 1468 2984 1533 per

870 1550 919 1617 J
920 1548 1251 1637 osephum,
1310 1547 1427 1635 qui
1500 1546 1605 1613 his
1679 1548 1989 1615 omnibus
2061 1548 2480 1615 oontrsdieit.
2587 1548 2768 1615 Nam
2838 1549 2983 1617 haeo

868 1656 1031 1719 sunt
1073 1650 1280 1718 verba
1312 1650 1361 1717 J
1362 1650 1589 1739 osephi
1612 1650 1665 1716 :¹
1718 1658 1755 1685 “
1775 1650 2080 1738 Contigit
2123 1654 2351 1717 autem
2395 1650 2538 1717 haeo
2577 1650 2796 1737 passio
2829 1672 2983 1719 sex-

872 1764 909 1791 “
952 1752 1309 1821 centesimo
1352 1774 1529 1818 anno
1572 1750 1962 1821 nativitatis
2001 1752 2168 1831 Noe,
2215 1774 2440 1821 mense
2489 1754 2798 1834 secundo,
2829 1775 2986 1841 quae

871 1866 910 1895 “
952 1880 997 1923 a
1056 1854 1525 1922 Mseedonibns
1567 1853 1743 1923 Dios
1783 1859 2226 1943 nuncupetur,
2270 1855 2358 1921 ab
2403 1854 2712 1921 Hebraeis
2753 1860 2986 1923 autem

872 1968 909 1999 ‘⁸
952 1958 1351 2027 Mammam
1442 1956 1555 2025 Sio
1604 1958 1784 2025 enim
1827 1956 1904 2023 in
1954 1958 2250 2046 AEgypto
2309 1978 2564 2023 annum
2621 1960 2988 2027 eonstitue·

870 2069 909 2103 ‘⁶
950 2067 1157 2143 runt3
1205 2060 1423 2127 Moses
1464 2064 1688 2127 eutem
1732 2058 1988 2140 Nisam,
2020 2060 2240 2149 Aprili
2281 2082 2524 2141 mense,
2571 2082 2657 2127 ex
2683 2060 2988 2151 AEfflpto

872 2172 908 2205 “
954 2164 1279 2231 Hebraeos
1320 2162 1569 2229 eduxit
1662 2162 1800 2229 Hie
1841 2163 2022 2249 apud
2081 2184 2233 2229 eum
2275 2163 2350 2229 in
2391 2163 2648 2231 eunctis
2691 2165 2986 2229 muneri-

872 2274 910 2307 “
952 2268 1079 2333 bus
1123 2265 1371 2332 divinis
1412 2263 1608 2332 valde
1663 2264 1974 2352 pollebat.
2085 2265 2174 2331 In
2215 2266 2716 2333 venditionibus
2755 2270 2986 2333 autem

873 2377 911 2406 “
954 2372 1029 2437 et
1071 2366 1603 2455 exemptionibus
1648 2372 1717 2437 et
1776 2368 1912 2433 alis
1951 2368 2438 2455 gubernatione
2477 2368 2716 2457 prioris
2757 2368 2986 2437 saeculi

872 2480 909 2511 “
952 2472 1217 2539 decreta
1258 2468 1612 2537 servavit!³
1702 2468 1872 2537 Haeo
1913 2468 2126 2559 igitur
2166 2470 2330 2537 dicit
2371 2470 2420 2537 J
2423 2470 2714 2558 osephus.
2809 2470 2986 2551 Qua.-

868 2580 1141 2661 propter
1182 2594 1331 2639 omn
1374 2571 1549 2641 Dios
1590 2573 1951 2641 seeundum
1995 2572 2386 2639 Macedones
2429 2575 2520 2639 sit
2560 2572 2982 2657 Novembris,

871 2682 943 2743 et
986 2676 1375 2743 Mae-marn
1418 2675 1511 2743 sit
1556 2674 1918 2743 secundum
1971 2674 2294 2743 Hebraeos
2357 2676 2534 2743 idem
2594 2676 2858 2756 mensis,
2901 2680 2985 2743 ut

872 2778 1060 2846 Beda
1121 2778 1315 2843 dooet
1376 2782 1447 2843 et
1492 2776 1766 2845 Hebraei
1811 2776 2051 2859 sciunt,
2097 2777 2530 2844 manifestum
2579 2782 2688 2843 est
2733 2777 2984 2866 Magis-

872 2885 1056 2946 trum
1117 2901 1257 2946 non
1314 2879 1530 2946 solum
1595 2879 1835 2946 falsum
1879 2880 2128 2948 dixisse
2190 2881 2266 2948 in
2331 2881 2656 2968 positione
2719 2903 2838 2948 suo
2897 2881 2986 2948 de

878 2981 1150 3059 diluvic,
1226 2981 1345 3048 sed
1414 3003 1539 3048 neo
1611 2982 2023 3050 intellexisse
2095 2983 2144 3050 J
2149 2983 2482 3072 oseplmm
2539 2988 2610 3050 et
2681 2983 2748 3050 ei
2815 2983 2987 3050 falsa

874 3083 1280 3172 imposuisse,
1356 3081 1517 3150 lieet
1588 3083 1769 3164 falso,
1847 3091 1920 3154 et
1991 3107 2109 3174 per
2181 3107 2466 3154 errorem
2539 3107 2751 3168 suum,
2825 3087 2986 3174 quia

873 3186 1209 3275 ignoravit
1250 3187 1527 3253 nomina
1572 3186 1804 3254 Graeoa
1845 3189 2171 3256 mensium
2215 3193 2286 3254 et
2331 3189 2636 3256 Hebraee.

964 3289 1097 3356 Sed
1156 3311 1295 3356 non
1360 3290 1573 3356 solum
1634 3291 1778 3358 haee
1839 3291 2022 3370 falsa,
2091 3291 2206 3357 sed
2250 3290 2409 3377 quia
2469 3291 2762 3358 aestimat
2803 3291 2984 3376 quod

870 3393 1114 3460 mensis
1157 3393 1233 3459 in
1296 3412 1427 3480 quo
1472 3392 1725 3480 inoepit
1769 3393 2096 3458 diluvium
2145 3393 2278 3460 fuit
2338 3393 2578 3465 Maius.
2665 3393 2760 3458 Et
2799 3392 2982 3458 simi-

869 3495 1023 3562 liter
1064 3496 1140 3561 in
1170 3517 1301 3583 quo
1332 3494 1547 3562 exivit
1576 3496 1725 3561 Noe
1754 3495 1836 3561 de
1865 3493 2078 3562 amhn.
2167 3496 2394 3583 Atque
2419 3494 2636 3582 glossa
2677 3493 2986 3561 similiter

870 3603 1047 3665 errat
1082 3603 1155 3666 et
1196 3619 1422 3665 omnes
1464 3597 1794 3685 theologi3
1839 3597 1996 3684 quia.
2035 3595 2262 3664 nullus
2304 3598 2422 3666 has
2465 3597 2794 3664 falsitates
2833 3619 2984 3684 per-

868 3701 1032 3788 cipit
1077 3705 1661 3788 quantumcunque
1706 3699 1848 3765 sint
1889 3699 2116 3787 magni
2161 3725 2178 3781 ;
2253 3705 2326 3765 et
2382 3698 2508 3766 hoo
2547 3705 2652 3766 est
2709 3705 2986 3787 propter

867 3802 1316 3890 ignorantiam
1362 3801 1577 3868 Graeei
1620 3805 1691 3868 et
1737 3799 2034 3868 Hebraei.
2123 3800 2384 3888 Cupi-0⁹
2411 3801 2620 3890 igitur
2659 3803 2984 3889 probatur

868 3904 1046 3990 quod
1110 3903 1185 3968 in
1230 3903 1599 3968 Novembri
1664 3903 1914 3968 finctum
1977 3907 2082 3969 est
2147 3903 2494 3984 diluvium,
2541 3907 2612 3970 et
2677 3903 2826 3970 Noe
2891 3926 2982 3970 ex

868 4025 1019 4069 area
1060 4003 1181 4070 illo
1222 4025 1447 4070 mense
1504 4005 1735 4072 exivit.
1830 4005 2102 4072 Certum
2161 4011 2265 4071 est
2306 4005 2485 4071 enim
2529 4005 2708 4092 quod
2749 4007 2982 4073 eodem

868 4127 1093 4172 mense
1135 4107 1351 4172 exivit
1408 4129 1539 4194 quo
1582 4107 1888 4189 intravit,
1935 4107 2051 4174 sed
2097 4108 2182 4174 de
2221 4128 2446 4174 mense
2501 4108 2648 4196 ipso
2699 4111 2986 4193 quaestio

868 4215 985 4276 est.
1078 4209 1175 4275 Et
1233 4207 1455 4297 primo
1494 4213 1687 4297 patet
1742 4231 1862 4297 per
1905 4211 1954 4277 J
1953 4209 2288 4298 osephum,
2343 4210 2451 4278 cui
2493 4231 2723 4276 omnes
2768 4213 2984 4278 saneti

872 4313 1043 4380 dant
1084 4311 1551 4379 auctoritatem
1580 4311 1654 4378 in
1698 4312 2112 4401 expositione
2143 4312 2362 4380 Seorae
2391 4312 2772 4400 Scriptum,
2803 4313 2984 4398 quod

868 4415 981 4482 hie
1052 4416 1297 4482 mensis
1370 4419 1475 4481 est
1534 4413 1603 4480 N
1606 4415 1976 4496 ovembris3
2029 4414 2342 4501 quoniam
2385 4413 2557 4483 Dios
2621 4415 2982 4482 secundum

940 4749 957 4780 ¹
982 4747 1217 4815 Joeepka]
1242 4749 1422 4814 Antiq.
1458 4749 1579 4800 ibid.
1913 4751 1926 4814 Ι
2049 4749 2068 4778 ²
2087 4747 2266 4814 cupro]
2293 4747 2406 4799 MS.
