3517 5750
930 854 1069 919 464
1692 867 1952 917 nocem
1999 866 2292 919 mcoms
2851 853 3044 941 [mr.

922 1041 1313 1127 hujusmodi,
1354 1041 1637 1107 nescivit
1678 1040 1974 1125 objicere,
2021 1042 2180 1127 quia
2223 1042 2366 1108 luee
2405 1064 2541 1107 non
2587 1044 3042 1110 terminantur

920 1144 993 1209 in
1036 1165 1179 1209 nm
1196 1168 1228 1223 ;
1272 1148 1343 1209 et
1384 1144 1587 1209 etiam
1636 1144 1876 1209 latino
1919 1165 2100 1209 more
2143 1165 2186 1208 a.
2227 1144 2586 1231 primitivis
2627 1146 3038 1213 derivantur.

920 1244 1077 1311 Non
1118 1245 1213 1311 sie
1254 1244 1373 1311 illa
1414 1266 1565 1331 quae
1608 1267 1651 1311 a
1692 1244 1808 1312 filo
1851 1250 1922 1311 et
1965 1244 2184 1333 lapide
2229 1246 2638 1313 derivantur.

1776 1666 1938 1735 ΟΔΡ.
1985 1666 2186 1733 VIIL

590 1879 809 1933 rather
1016 1870 1357 1953 Quom
1397 1890 1555 1936 vero
1588 1868 1733 1956 jam
1779 1870 1898 1935 diu
1955 1874 2252 1936 moratus
2295 1889 2445 1934 sum
2503 1869 2676 1934 eirea
2717 1870 3028 1955 quintam

590 1948 891 2081 mxi?
924 1994 1203 2051 eausam,
1249 1978 1517 2060 propter
1578 1992 1778 2057 quam
1823 1976 2086 2057 oportet
2127 1977 2208 2038 ut
2253 1970 2480 2035 Latini
2539 1972 2755 2037 sciant
2809 1994 3034 2059 gram-

586 2080 847 2135 osoreek.
927 2074 1235 2141 matieam
1300 2074 1677 2161 linguarum
1740 2072 2039 2151 aliarum,
2109 2077 2181 2138 et
2239 2073 2529 2137 maxime
2593 2072 2892 2139 Graeeam
2957 2082 3032 2139 et

930 2176 1301 2257 Hebraeam,
1346 2196 1523 2241 nune
1566 2174 1717 2242 volo
1779 2180 2050 2261 tangere
2117 2174 2414 2241 residua-s
2472 2194 2698 2275 causas
2747 2196 3028 2261 quarum

924 2278 1161 2365 aliquae
1236 2278 1507 2344 omnino
1576 2276 1796 2363 planae
1861 2282 2038 2355 sunt,
2085 2276 2325 2363 aliquae
2391 2298 2702 2364 mag-nam
2777 2276 3030 2342 habent

922 2380 1390 2459 difficultatem,
1437 2378 1519 2445 de
1579 2378 1822 2463 quibus
1881 2377 2108 2464 aliqua
2163 2399 2344 2445 more
2386 2379 2756 2465 compendii
2815 2378 3027 2465 expli-

920 2482 1097 2549 eabo.
1208 2480 1378 2547 Cum
1452 2479 1659 2567 igitur
1730 2480 1946 2566 prima.
2017 2500 2216 2545 eausa
2279 2478 2412 2545 fuit
2471 2500 2590 2566 per
2651 2480 3026 2567 exemplum

920 2588 1312 2663 sanctorum,
1360 2584 1431 2647 et
1474 2580 2034 2669 philosophorum,
2079 2584 2150 2646 et
2195 2587 2560 2667 poetarum,
2605 2586 2677 2646 et
2727 2582 3024 2647 omnium

918 2686 1289 2772 sapientum
1335 2683 1741 2764 Latinorum,
1788 2682 2100 2768 quoniam
2145 2703 2370 2748 omnes
2413 2682 2487 2747 hi
2539 2689 3028 2769 occupaverunt

916 2806 987 2849 se
1048 2786 1123 2851 in
1185 2786 1435 2872 linguis
1496 2783 2049 2871 sapientialibus3
2121 2788 2194 2849 et
2259 2783 2545 2849 secunda
2619 2804 2813 2849 eausa.
2871 2784 3024 2861 fuit,

916 2888 1095 2974 quod
1168 2889 1392 2953 omnin.
1474 2887 1548 2952 in
1620 2886 1882 2972 scriptis
1955 2885 2094 2952 suis
2169 2890 2628 2953 tractaveram
2717 2908 2832 2974 per
2905 2887 3030 2952 has

913 2989 1188 3074 linguas,
1250 2989 1349 3052 ita
1410 2992 1489 3054 ut
1554 3009 1812 3054 neeesse
1879 2993 1981 3053 est
2039 2987 2232 3053 nobis
2277 2987 2380 3053 uti
2421 2987 2689 3074 linguis,
2737 2990 2796 3054 si
2837 2989 3028 3054 volu-

914 3111 1062 3154 mus
1106 3089 1390 3176 gaudere
1433 3088 1761 3176 sapientia
1805 3089 2246 3176 antiquorum.
2361 3089 2456 3155 Et
2499 3091 2694 3156 aliter
2737 3111 3026 3156 essemus

912 3191 1123 3256 insani
1154 3214 1170 3270 ;
1216 3191 1373 3278 quia
1414 3212 1458 3256 a
1500 3189 1694 3256 nobis
1746 3213 1882 3256 non
1925 3189 2246 3258 habemus
2291 3190 2563 3278 aliquid,
2613 3191 2728 3257 sed
2774 3193 2861 3257 ab
2904 3193 3021 3258 eis,

915 3292 1005 3358 Et
1050 3293 1253 3359 tertia
1294 3313 1503 3371 eausa,
1542 3292 1719 3379 quod
1765 3292 1958 3379 plura
2001 3314 2136 3358 non
2181 3298 2642 3380 exposuerunt,
2683 3293 3022 3360 credentes

912 3396 1087 3482 quod
1160 3394 1549 3482 posteriores
1624 3394 1862 3460 darent
1935 3415 2005 3460 se
2093 3393 2317 3461 studio
2390 3395 2785 3482 linguarum,
2845 3393 3021 3460 sieut

912 3497 1056 3582 ipsi,
1104 3519 1221 3583 per
1264 3496 1440 3583 quod
1496 3495 1798 3561 studium
1842 3501 2212 3581 quaererent
2271 3497 2452 3582 quod
2511 3517 2769 3562 neeesse
2827 3504 3016 3564 esset.

912 3595 1005 3663 Et
1034 3601 1277 3684 quarta
1320 3617 1517 3662 eausa
1560 3595 1709 3675 fuit,
1744 3596 1925 3682 quod
1967 3597 2184 3663 multa
2226 3597 2448 3662 minus
2491 3598 2658 3663 bene
2703 3619 3018 3684 exposue-

910 3704 1084 3778 runt,
1131 3697 1383 3786 aliquid
1426 3699 1790 3763 humanum
1820 3697 2013 3784 passi,
2052 3704 2324 3786 propter
2367 3700 2544 3784 quod
2588 3705 2850 3785 oportet
2892 3721 3016 3765 nos

908 3821 1239 3866 recurrere
1284 3798 1373 3865 ad
1426 3799 1701 3886 linguas.
1793 3799 1886 3864 Et
1937 3799 2190 3885 quinta,
2255 3801 2436 3884 quod
2485 3799 2730 3866 Latina
2785 3799 3016 3887 ling-ua

909 3901 1267 3986 composita
1310 3904 1413 3966 est
1457 3921 1543 3965 ex
1586 3899 1832 3988 linguis
1877 3901 2040 3966 aliis.
2151 3900 2322 3967 Cum
2373 3901 2580 3988 igitur
2621 3900 2764 3968 haee
2807 3902 2902 3968 sie
2945 3925 3014 3968 se

909 3999 1174 4079 habent,
1244 4005 1326 4066 ut
1416 4006 1753 4066 ostensum
1844 4007 1962 4080 est,
2043 4003 2196 4068 volo
2271 4024 2449 4068 nuno
2536 4001 2700 4068 alias
2787 4024 3016 4070 causas

909 4101 1243 4167 revolvere
1318 4123 1695 4168 communes
1771 4107 1843 4168 et
1918 4101 2248 4170 radicales.
2373 4103 2498 4170 Est
2573 4103 2749 4169 enim
2823 4110 3018 4170 sexta.

908 4223 1105 4270 causa
1169 4203 1251 4270 de
1318 4203 1754 4290 grammatica
1823 4203 2082 4270 Latina
2175 4203 2245 4269 N
2247 4226 2354 4270 am
2429 4204 2550 4270 illa
2623 4209 2726 4272 est
2799 4212 3014 4272 mater

909 4305 1203 4372 omnium
1246 4304 1669 4370 scientiarum
1714 4305 1901 4390 cujus
1951 4309 2243 4394 potestas
2289 4306 2627 4372 deseendit
2669 4307 2744 4372 in
2785 4328 3013 4373 omnes

906 4407 1226 4473 scientiae.
1320 4405 1453 4472 Sed
1511 4405 1627 4471 illa
1684 4407 1976 4472 traditur
2033 4429 2076 4471 a
2119 4405 2455 4472 Prisciano
2515 4412 2585 4473 et
2630 4406 2895 4474 Donato
2938 4409 3014 4474 in

908 4508 1145 4596 majori
1201 4508 1552 4588 volumine,
1615 4513 1685 4574 et
1758 4507 1832 4573 in
1908 4507 2214 4574 omnibus
2287 4509 2499 4595 poetis
2565 4514 2635 4576 et
2699 4510 3014 4596 antiquis,

907 4631 1025 4698 per
1089 4610 1235 4678 vias
1296 4609 1571 4690 Graeoes,
1618 4613 1759 4676 tam
1829 4609 1902 4677 in
1963 4609 2338 4676 substantia
2397 4631 2596 4695 quam
2657 4610 2730 4676 in
2797 4612 3012 4680 modo·
