3517 5750
1377 935 1733 989 Arrnnmx
1781 939 1853 989 11.
2528 927 2567 990 5
2573 926 2657 993 59

559 1111 677 1199 qui
727 1111 814 1177 ab
879 1111 1008 1178 illis
1085 1130 1236 1179 cum
1294 1111 1653 1178 necessario
1715 1115 1865 1178 tum
1930 1113 2247 1199 perpetuo
2331 1118 2663 1178 emanant.

558 1212 861 1299 Itemque
921 1211 1128 1279 altera
1196 1213 1571 1301 astrologiae
1615 1234 1783 1300 pars,
1848 1235 2047 1299 quam
2106 1213 2361 1299 placuit
2414 1214 2662 1280 Baeoni

553 1313 895 1381 nominare
954 1315 1324 1401 practicam,
1379 1315 1451 1379 in
1513 1315 1636 1381 hoc
1695 1319 1798 1382 est
1842 1319 2005 1394 tota,
2061 1319 2142 1380 ut
2202 1313 2471 1381 effectus
2516 1316 2663 1381 illos

555 1416 1050 1502 contempletur,
1097 1417 1230 1504 qui,
1274 1421 1355 1483 ut
1397 1437 1660 1504 perraro
1708 1417 2043 1495 deficiunt,
2091 1417 2261 1483 sicut
2306 1417 2662 1504 plurimum

555 1517 1021 1605 praedicuntur.
1152 1519 1264 1587 Ad
1340 1541 1416 1584 ea
1494 1521 1672 1584 enim
1745 1519 2085 1585 descendit
2168 1540 2317 1605 quae
2370 1519 2443 1584 in
2512 1525 2664 1585 ae’re

556 1617 747 1696 fiunt,
835 1617 1382 1704 quemadmodum
1458 1619 1574 1684 iris
1665 1621 1735 1685 et
1803 1641 1940 1685 com
1948 1624 2094 1701 etse,
2170 1641 2334 1706 quos
2418 1621 2664 1686 nedum

557 1741 872 1807 perennes
932 1726 1249 1807 cognorat
1314 1720 1502 1786 Baco.
1621 1719 1902 1787 Secutus
1962 1741 2118 1808 ergo
2180 1721 2312 1787 fuit
2374 1743 2519 1786 eam
2562 1743 2662 1786 as-

556 1819 858 1908 trologiae
919 1827 1194 1909 partem,
1249 1843 1448 1908 quam
1523 1823 1901 1888 naturalem
1962 1821 2319 1910 appellant,
2380 1825 2453 1887 et
2496 1844 2659 1908 quae,

559 1927 641 1988 ut
681 1927 909 1990 monet
955 1923 1272 2009 Aquinas,
1335 1923 1769 1990 divinationis
1828 1945 2067 1990 nomen
2112 1925 2233 1989 vix
2276 1927 2582 1990 meretur.

649 2023 799 2088 Erit
875 2023 1150 2090 fortasse
1227 2024 1346 2111 qui
1417 2025 1746 2090 Baconem
1821 2025 2357 2092 condemnaverit
2420 2024 2493 2089 in
2566 2045 2661 2105 e0‚

558 2124 736 2211 quod
797 2123 1004 2190 citato
1063 2122 1208 2209 jam
1267 2123 1408 2191 loco
1469 2123 1760 2205 dixerit3
1824 2125 2123 2192 futurum
2197 2125 2510 2191 nimirum
2586 2130 2663 2191 ut

558 2245 676 2312 per
717 2248 812 2304 ea,
863 2247 1014 2311 quse
1075 2225 1251 2292 fiunt
1294 2225 1367 2291 in
1412 2227 1608 2300 coelis,
1655 2225 1942 2292 hominis
1995 2225 2514 2314 complexionem
2564 2227 2664 2292 in·

559 2327 1108 2414 clinationemque
1148 2348 1624 2414 cognoscamus,
1721 2325 1809 2392 In
1853 2349 1984 2414 quo
2026 2327 2082 2393 si
2128 2327 2426 2415 peccavit
2470 2328 2663 2407 Bacc,

561 2449 752 2494 eccur
793 2452 836 2494 a
889 2429 1080 2515 culpa
1123 2428 1440 2495 immunis
1501 2428 1632 2495 erit
1679 2427 2025 2515 Aquinas?
2114 2429 2201 2494 In
2261 2451 2459 2516 quam
2518 2451 2667 2494 sen-

561 2529 846 2595 tentiam
890 2529 1174 2596 libenter
1219 2530 1557 2597 descendit
1599 2531 1789 2608 BacO,
1838 2553 1913 2596 eo
1959 2531 2137 2617 quod
2181 2531 2291 2597 vel
2334 2533 2472 2617 ipse
2518 2551 2669 2596 cum

560 2631 696 2696 suis
769 2629 1067 2709 credidit,
1161 2631 1454 2698 coelestia
1526 2630 1600 2695 in
1669 2631 1811 2698 haec
1887 2631 2198 2698 inferiora
2285 2631 2516 2713 illabi3
2589 2651 2668 2696 ac

561 2731 840 2798 subinde
900 2731 973 2796 in
1018 2732 1258 2799 animae
1310 2733 1487 2798 vires
1536 2729 1830 2812 influere,
1887 2754 2036 2820 quse
2080 2755 2229 2798 cum
2288 2732 2667 2820 corporibus

561 2832 975 2899 strictissimo
1033 2834 1208 2900 nodo
1268 2833 1634 2921 conjunctae
1677 2837 1853 2901 sunt.
1979 2833 2086 2900 Ex
2132 2855 2263 2922 quo
2308 2833 2406 2914 fit,
2454 2838 2533 2899 ut
2576 2833 2663 2899 ad

559 2934 886 3001 influxum
945 2934 1278 3002 coelestem
1338 2935 1445 3002 vel
1506 2936 1666 3023 ipsae
1717 2933 2053 3022 passiones
2120 2941 2527 3014 moveantur,
2591 2938 2660 3000 et

559 3056 694 3102 non
742 3036 956 3103 levem
1013 3037 1473 3103 alterationem
1518 3036 1880 3124 patiantur.
1973 3038 2107 3104 Sed
2140 3038 2211 3103 id
2264 3058 2413 3104 cum
2474 3036 2664 3102 docet

561 3137 750 3216 Baco,
801 3160 940 3204 non
973 3138 1074 3204 ita
1118 3143 1221 3205 est
1267 3138 1697 3225 accipiendus,
1746 3140 1934 3225 quasi
1983 3138 2267 3205 liberum
2310 3138 2664 3203 arbitrium

561 3239 816 3304 evertit.
907 3238 1244 3325 Siquidem
1274 3240 1509 3325 etipse
1554 3238 1857 3317 affirmat,
1890 3239 2037 3304 fieri
2080 3238 2415 3304 commode
2458 3259 2661 3323 posse,

559 3346 638 3405 ut
674 3340 1004 3426 sapientes
1049 3340 1480 3424 quantumvis
1526 3338 1760 3417 allecti,
1808 3338 2187 3425 passionum
2232 3338 2523 3403 motibus
2570 3360 2667 3404 re-

561 3440 822 3506 sistant.
916 3439 1028 3503 Ad
1087 3460 1226 3503 rem
1272 3438 1442 3503 nihil
1501 3438 1724 3525 aptius
1774 3438 2005 3505 afferre
2064 3458 2407 3526 possumus
2467 3458 2665 3526 quam

561 3540 737 3699 quod
794 3539 1148 3606 tradiderit
1209 3538 1365 3605 dist.
1416 3542 1476 3617 4,
1526 3560 1668 3626 cap.
1717 3540 1777 3618 4,
1817 3560 1975 3626 pay.
2026 3542 2157 3607 63:
2218 3538 2456 3607 “Cum
2501 3561 2665 3626 puer

647 3644 720 3707 in
763 3642 1122 3707 nativitate
1185 3642 1538 3728 exponitur
1599 3640 1737 3706 aeri
1800 3663 1992 3721 nov0‚
2072 3646 2393 3729 tanquam
2469 3640 2661 3705 alteri

565 3752 601 3779 “
645 3742 912 3821 mund0,
977 3747 1138 3809 tunc
1219 3742 1452 3829 recipit
1523 3762 1720 3807 conos
1795 3741 2212 3829 pyramidum
2298 3742 2662 3809 coelestium

564 3852 600 3881 “
645 3843 1003 3911 secundum
1067 3843 1360 3931 singulas
1403 3848 1639 3929 partes,
1687 3848 1757 3909 et
1835 3844 1929 3909 sic
1994 3844 2230 3931 recipit
2294 3842 2661 3930 impressio-

561 3952 600 3983 “
643 3968 762 4012 nes
823 3966 1050 4025 novas,
1099 3966 1263 4032 quas
1305 3964 1648 4031 nunquam
1694 3944 1996 4024 dimittit,
2044 3944 2203 4032 quia
2266 3945 2442 4031 quod
2486 3963 2664 4010 nova

563 4053 600 4084 “
645 4052 822 4113 testa
865 4048 1060 4133 capit,
1105 4046 1480 4111 inveterata
1523 4046 1752 4133 sapiat.
1870 4046 1962 4111 Et
2018 4050 2180 4112 tunc
2238 4046 2664 4112 confirmatur

563 4156 601 4185 “
644 4146 1010 4234 complexio
1124 4146 1445 4225 radicalis,
1549 4168 1697 4233 quse
1788 4167 2045 4233 semper
2141 4152 2369 4213 manet
2456 4167 2663 4231 usque

563 4256 598 4286 ‘⁶
643 4248 729 4315 ad
803 4248 1005 4315 finem
1074 4248 1250 4327 vitae,
1330 4248 1485 4313 licet
1574 4248 1937 4335 complexio
2027 4268 2291 4314 currens
2365 4252 2663 4313 mutetur

557 4356 598 4388 “
642 4352 788 4417 tota
831 4349 954 4415 die.
1079 4348 1172 4415 Et
1215 4349 1304 4415 ad
1361 4348 1531 4416 hanc
1592 4348 1944 4415 radicalem
2002 4348 2520 4437 complexionem
2563 4370 2662 4415 se-

563 4457 599 4487 “
645 4455 941 4537 quuntur
1005 4448 1468 4517 inclinationes
1542 4448 1632 4515 ad
1688 4470 1917 4529 mores,
1966 4454 2036 4517 et
2080 4450 2165 4515 ad
2208 4450 2529 4529 scientias,
2592 4453 2663 4515 et

563 4550 1286 4637 “adIinguas-...
1375 4548 1774 4618 Etsicoeli
1835 4550 2177 4639 dispositio
2238 4550 2663 4617 sitmalain

562 4659 606 4691 “
647 4653 1073 4739 conceptione
1117 4656 1186 4718 et
1250 4650 1609 4719 nativitate
1662 4653 1867 4740 pueri,
1929 4657 2091 4719 tunc
2156 4652 2302 4719 coni
2366 4652 2661 4739 pyrami-

563 4762 598 4791 “
644 4752 807 4822 dum
849 4752 1106 4821 laedunt
1165 4754 1700 4842 complexionem,
1780 4758 1851 4822 et
1906 4776 2027 4843 per
2083 4774 2481 4844 consequens
2558 4754 2662 4821 in-
