3517 5750
1020 7 1077 9 ·—
1136 5 3080 22 -w-v*'*-w***—-vvv-——--Ww

2230 19 2241 26 .

891 931 1026 994 564
1709 941 2067 996 Ari-mmlx
2110 945 2185 996 11.

890 1125 926 1156 “
969 1117 1220 1184 stotelis
1263 1121 1485 1204 partes
1528 1117 1786 1204 aliquas
1862 1119 1947 1185 de
2010 1117 2079 1184 N
2080 1119 2449 1186 aturalibus
2492 1123 2563 1188 et
2624 1121 2995 1192 Mathema-

889 1227 924 1256 “
967 1218 1117 1286 ticis
1161 1241 1311 1286 cum
1355 1220 1843 1306 expositoribus
1888 1220 2315 1306 sapientibus,
2394 1223 2815 1310 magnificata
2886 1233 2991 1294 est

887 1329 924 1358 “
966 1321 1382 1408 philosophia
1426 1321 1804 1388 Aristotelis
1878 1323 2057 1409 apud
2133 1322 2407 1389 Latinos
2440 1348 2461 1404 3
2534 1325 2647 1390 sed
2693 1333 2985 1412 respectu

886 1429 922 1458 “
965 1421 1412 1490 multitudinis
1455 1426 1523 1488 et
1567 1423 2043 1510 magnitudinis
2110 1445 2247 1491 sune
2306 1425 2647 1510 sapientiae
2692 1427 2763 1491 in
2804 1427 2982 1496 mille

885 1531 922 1563 ‘-‘
963 1524 1358 1591 tractatibus
1453 1523 1946 1610 comprehensas,
2026 1525 2135 1592 vel
2208 1527 2541 1592 modicum
2624 1527 2839 1594 adhuc
2908 1529 2983 1596 in

884 1631 920 1662 “
964 1624 1256 1712 linguam
1324 1622 1630 1692 Latinam
1706 1632 1807 1692 est
1868 1625 2327 1707 translatum,’'
2400 1632 2519 1694 etc.
2642 1628 2983 1697 Hactenus

882 1725 1054 1792 Baco
1081 1751 1098 1808 3
1159 1727 1265 1792 cui
1309 1727 1620 1794 standum
1663 1727 1722 1792 si
1766 1732 1951 1806 esset,
1998 1749 2119 1794 sua
2170 1727 2459 1814 profecto
2487 1751 2679 1796 causa
2722 1731 2985 1798 caderet

881 1829 1341 1908 Aristarchus3
1408 1849 1562 1893 nam
1608 1851 1726 1916 per
1770 1851 1849 1894 ea
1892 1851 2042 1914 quae
2108 1830 2454 1896 transtulit
2514 1831 2769 1912 Scotus,
2812 1834 2981 1900 mul-

879 1934 1024 1996 tum
1068 1936 1168 1996 est
1212 1936 1406 1996 aucta.
1435 1929 1813 1996 Aristotelis
1866 1931 2291 2018 philosophia,
2342 1953 2539 2017 quam
2584 1935 2981 2002 universitas

879 2031 1271 2098 Oxoniensis
1341 2032 1714 2119 amplexata
1788 2054 1923 2098 non
1996 2033 2241 2112 fiiisset,
2334 2035 2408 2112 si,
2501 2035 2677 2121 quod
2750 2038 2981 2104 asserit

877 2154 1114 2212 censor,
1161 2135 1557 2200 exercuisset
1601 2133 1851 2200 Scotus.

965 2234 1058 2301 Et
1099 2257 1184 2300 ne
1229 2235 1408 2302 Sooti
1453 2237 1773 2302 vindicias
1835 2257 2089 2302 sumere
2134 2237 2491 2316 videamur,
2560 2236 2737 2306 ultro
2780 2239 2973 2306 citro-

874 2357 1001 2423 que
1065 2339 1490 2416 concedimus,
1563 2339 1835 2405 Scotum
1896 2337 2093 2403 fuisse
2168 2337 2385 2417 talem,
2450 2339 2713 2424 qualem
2776 2341 2973 2408 habet

874 2459 1140 2504 censor:
1190 2440 1350 2525 quid
1395 2444 1591 2506 tum?
1695 2439 2032 2505 Perditine
2094 2439 2377 2505 hominis
2444 2439 2640 2525 hujus
2692 2448 2969 2508 sectator

872 2539 1212 2607 habendus
1287 2541 1415 2608 erit
1491 2541 1712 2608 Baeo?
1804 2539 2082 2606 Minime
2156 2561 2328 2608 vero.
2450 2539 2722 2608 Scotum
2796 2545 2969 2610 enim

871 2642 1074 2707 istum
1147 2663 1266 2708 nec
1339 2643 1586 2724 laudat,
1647 2663 1766 2709 nec
1832 2642 1970 2727 ejus
2034 2642 2332 2728 vestigiis
2398 2642 2820 2711 adhaerescit:
2896 2646 2969 2722 id

871 2745 1046 2828 quod
1091 2749 1319 2810 contra
1361 2751 1464 2811 est
1491 2765 1684 2809 usum
1731 2743 2023 2810 Baconis.
2114 2741 2290 2808 Nam
2336 2765 2501 2829 quos
2544 2751 2961 2826 consectatur,

869 2851 986 2911 aut
1053 2867 1160 2911 eos
1223 2846 1417 2933 plena.
1461 2867 1662 2911 manu
1711 2846 2137 2923 sommendat,
2184 2850 2303 2912 aut
2346 2867 2575 2913 eorum
2618 2849 2962 2915 auctorita-

859 2952 994 3013 tem
1039 2953 1326 3033 usurpat.
1417 2948 1769 3033 Perspicua.
1843 2948 1960 3013 illa
2034 2953 2135 3013 est
2208 2948 2519 3026 laudatio,
2568 2970 2767 3036 quam
2837 2950 2965 3015 fre-

859 3054 1134 3135 quenter
1192 3048 1433 3114 tribuit
1496 3049 1784 3115 Roberto
1846 3048 2287 3115 Lineolniensi
2332 3050 2650 3137 episcopo,
2718 3056 2789 3117 et
2852 3051 2961 3118 Fr.

858 3151 1028 3215 Adae
1071 3172 1115 3216 a
1159 3146 1458 3230 Marisc0‚
1527 3151 1795 3217 natione
1840 3150 2077 3238 Anglo,
2148 3149 2540 3237 professione
2606 3150 2961 3221 Minoritae.

861 3252 1119 3319 Horum
1165 3273 1317 3318 cum
1357 3254 1560 3339 probe
1603 3257 1898 3319 nosceret
1952 3251 2293 3339 ingenium
2356 3258 2555 3338 atque
2598 3253 2965 3319 doctrinam

857 3355 956 3421 ita
999 3356 1326 3423 laudando
1371 3355 1647 3435 extollit,
1717 3359 1798 3421 ut
1862 3353 2029 3419 nihil
2072 3354 2297 3443 magis,
2391 3354 2569 3434 Quid
2603 3354 2745 3439 jam
2790 3376 2960 3421 oom-

855 3479 1210 3524 memorem
1259 3463 1664 3523 astronomos
1707 3456 1871 3533 illos,
1904 3478 2067 3542 quos
2112 3455 2199 3521 ob
2244 3456 2555 3521 eximiam
2598 3454 2959 3523 coelestium

855 3582 1072 3626 rerum
1117 3559 1453 3627 scientiam
1514 3580 1650 3623 non
1693 3558 1887 3623 modo
1954 3557 2200 3637 laudat,
2249 3558 2361 3623 sed
2431 3558 2633 3624 ctiam
2698 3564 2959 3626 strenue

855 3661 1197 3728 defendit?
1287 3661 1421 3729 Sed
1461 3661 1602 3726 haec
1647 3659 1827 3725 alias.

943 3764 990 3829 J
992 3786 1102 3829 am
1145 3784 1302 3831 vero
1347 3763 1714 3849 expendere
1792 3765 2068 3847 oportet,
2119 3760 2280 3846 quid
2356 3759 2529 3825 Baoo
2604 3761 2689 3826 de
2750 3767 2956 3827 astro·

853 3866 1045 3952 logias
1091 3866 1300 3951 specie
1369 3864 1486 3927 illa
1541 3864 1809 3941 dixerit,
1874 3883 2073 3947 quam
2148 3866 2633 3947 prosequuntur
2699 3862 2955 3927 divina.-

850 3973 1038 4031 tores.
1129 3966 1229 4031 Ac
1275 3965 1486 4051 primo
1555 3966 1714 4031 satis
1783 3968 2057 4041 constat,
2104 3963 2275 4028 male
2334 3962 2599 4029 feriatos
2643 3962 2952 4041 homines,

853 4068 970 4151 qui
1042 4065 1268 4132 fiitura
1329 4068 1648 4132 daemonis
1710 4087 1831 4153 ope
1900 4064 2324 4143 hariolantur‚
2374 4084 2521 4129 eam
2586 4066 2954 4152 astrologiae

848 4174 1104 4256 partem
1149 4169 1333 4255 sequi
1376 4190 1526 4254 quae
1570 4169 1767 4255 plena
1812 4172 1911 4233 est
1961 4166 2326 4254 praestigiis,
2376 4166 2949 4251 conjurationibus,

848 4271 1344 4349 characteribus,
1423 4270 1841 4349 carminibus,
1880 4262 1885 4267 ’
1920 4268 2302 4354 caeterisque
2376 4268 2569 4333 rebus
2642 4270 2954 4353 supersti-

847 4375 1048 4455 tiosis,
1127 4373 1368 4460 quibus
1457 4376 1741 4439 utuntur
1816 4371 1867 4435 ii
1942 4371 2057 4457 qui
2132 4370 2497 4435 daemonem
2585 4370 2947 4435 consulunt.

846 4477 944 4542 At
1015 4498 1222 4564 genus
1266 4476 1388 4541 hoo
1461 4472 1889 4541 divinationis
1964 4492 2164 4559 quam
2236 4471 2525 4537 maxime
2608 4475 2951 4537 execratur

848 4601 991 4667 pag.
1027 4582 1198 4659 1123
1237 4599 1393 4643 nam
1436 4575 1555 4643 ubi
1599 4576 1927 4663 duplicem
1956 4574 2307 4640 mathesim
2351 4572 2681 4654 distinxit,
2715 4573 2947 4639 falsam

847 4703 1066 4760 unam,
1115 4681 1389 4747 alteram
1464 4700 1706 4759 veram,
1776 4676 2256 4743 divinationem
2332 4675 2407 4741 in
2486 4696 2567 4743 eo
2632 4675 2946 4741 mathesis

843 4804 1082 4874 genere
1155 4782 1511 4862 collocavit,
1589 4781 1769 4868 quod
1834 4780 1998 4851 artis
2066 4778 2335 4875 magicae
2408 4778 2677 4848 nomine
2720 4777 2942 4845 donat
