3517 5750
513 904 667 991 vn]
1338 917 1694 970 ursumx
1741 919 1786 968 1.
2479 903 2607 970 539

514 1093 806 1162 Plinius¹
855 1095 1016 1162 xxii.
1069 1093 1240 1162 libro
1283 1097 1541 1177 recitat,
1601 1095 1883 1162 militem
1948 1099 2293 1160 strenuum
2348 1114 2616 1180 corpore

517 1201 588 1264 et
629 1199 852 1265 animo
895 1199 1075 1266 ultra
1118 1203 1386 1267 aetatem
1450 1199 1738 1265 hominis
1796 1201 2174 1264 consuetam
2220 1197 2484 1262 durasse
2544 1197 2617 1262 in

514 1322 636 1367 sua
678 1301 1056 1388 probitate:
1105 1303 1211 1372 cui
1256 1324 1461 1390 quum
1509 1301 1915 1369 Octavianus
1960 1301 2305 1388 Augustus
2350 1299 2615 1376 diceret,

515 1403 677 1489 quid
751 1405 1011 1471 fecisset
1067 1408 1149 1471 ut
1206 1406 1300 1470 sic
1358 1405 1648 1486 viveret,
1683 1404 2027 1492 respondit
2098 1405 2171 1468 in
2245 1403 2615 1490 aenigmate,

515 1506 692 1591 quod
735 1507 951 1573 oleum
996 1507 1219 1594 posuit
1263 1508 1558 1574 exterius
1601 1513 1672 1574 et
1715 1506 2005 1573 mulsum
2038 1505 2331 1571 interius.
2412 1501 2621 1592 [Mul-

515 1629 660 1674 sum
731 1615 958 1676 autem
1001 1609 1204 1677 habet
1265 1615 1414 1677 octo
1458 1615 1678 1699 partes
1739 1632 1930 1696 aquae
1992 1613 2064 1675 et
2122 1630 2362 1674 novem
2408 1607 2619 1672 mellis

516 1711 872 1777 secundum
915 1714 1256 1802 auctores]
1283 1713 1310 1752 ⁹
1429 1713 1563 1780 Sed
1607 1719 1835 1801 postea
1879 1711 2124 1778 similia
2140 1710 2169 1750 ³
2210 1711 2425 1776 multa
2466 1731 2617 1775 con-

515 1813 832 1898 tigerunt.
922 1814 1100 1880 Nam
1160 1817 1444 1882 rusticus
1504 1815 1819 1882 effodiens
1870 1815 1943 1880 in
1986 1812 2235 1902 campis
2276 1835 2426 1879 cum
2479 1833 2621 1878 ara.-

515 1919 640 1996 tro,
685 1939 806 1982 vas
849 1939 1122 1983 aureum
1163 1940 1312 1984 cum
1375 1917 1627 2004 liquore
1689 1917 1901 1983 nobili
1968 1917 2245 1994 invenit,
2306 1921 2377 1981 et
2444 1913 2622 1980 aesti-

517 2039 706 2084 mans
766 2041 980 2085 rorem
1042 2019 1194 2086 coeli
1252 2020 1424 2086 lavit
1497 2019 1730 2085 faciem
1794 2024 1863 2086 et
1920 2018 2151 2100 bibit-‚3
2196 2021 2269 2084 et
2334 2037 2621 2104 corpore,

517 2126 588 2186 et
629 2122 883 2207 spiritu,
931 2129 1000 2188 et
1049 2123 1349 2190 bonitate
1394 2122 1742 2209 sapientias
1786 2125 2159 2198 renovatus,
2206 2121 2291 2186 de
2332 2119 2619 2186 bubulco

517 2222 730 2288 factus
797 2227 900 2289 est
945 2224 1206 2312 bajulus
1249 2225 1420 2313 regis
1466 2224 1756 2307 Siciliae3
1816 2225 1995 2310 quod
2034 2223 2275 2289 accidit
2324 2227 2620 2310 tempore

516 2326 689 2412 regis
735 2325 1114 2408 Wilhelmi3
1175 2331 1244 2392 et
1289 2327 1642 2414 probatum
1685 2330 1791 2391 est
1834 2325 2219 2392 testimonio
2282 2325 2619 2412 papalium

515 2424 876 2509 literarum,
937 2429 1117 2515 quod
1162 2429 1572 2495 Alemannus
1646 2427 1920 2516 quidam
1992 2428 2371 2514 captivatus
2444 2426 2621 2492 inter

519 2529 878 2597 Saracenos
921 2530 1170 2618 recepit
1213 2531 1626 2612 medicinam,
1659 2553 1795 2618 qua
1838 2553 2045 2618 usque
2091 2529 2177 2595 ad
2222 2531 2621 2616 quingentos

517 2655 726 2700 annos
783 2634 930 2699 vita
987 2655 1107 2700 sua
1167 2633 1562 2722 prolongata
1633 2639 1752 2700 est.
1865 2631 2044 2700 Nam
2116 2655 2239 2698 rex
2289 2633 2405 2719 qui
2471 2651 2623 2697 eum

517 2735 845 2803 habuerat
905 2737 1262 2824 captivum,
1317 2737 1566 2824 recepit
1611 2736 1787 2824 regis
1847 2735 2073 2824 magni
2130 2734 2405 2800 nuntios
2472 2755 2621 2800 cum

517 2838 640 2905 hac
729 2839 1101 2921 medicina3
1169 2839 1286 2907 sed
1359 2839 1516 2927 quia.
1597 2861 1742 2905 eam
1832 2843 2203 2926 suspectam
2280 2836 2623 2918 habuerat,

519 2943 734 3008 voluit
777 2942 1050 3030 probare
1094 2944 1168 3008 in
1215 2943 1479 3031 captivo
1523 2942 1702 3029 quod
1745 2942 1965 3008 fuerat
2008 2942 2071 3007 ei
2116 2940 2423 3007 delatum.
2518 2938 2623 3006 Si-

517 3045 768 3112 militer
811 3046 1078 3113 domina
1123 3046 1208 3112 de
1256 3044 1543 3112 Nemore
1604 3044 1680 3111 in
1725 3044 2078 3109 Britannia
2126 3042 2382 3131 Majori,
2443 3064 2624 3129 quae-

517 3170 672 3216 rens
715 3172 976 3217 cervam
1049 3150 1288 3232 albam,
1351 3148 1613 3216 invenit
1669 3146 2133 3237 unguentum,⁴
2208 3170 2339 3235 quo
2402 3152 2623 3215 custos

519 3254 806 3321 nemoris
863 3276 932 3319 se
975 3258 1378 3341 perunxerat
1419 3253 1494 3318 in
1537 3256 1681 3320 toto
1725 3273 2007 3340 corpore,
2062 3256 2506 3339 praeterquam
2548 3250 2625 3319 in

519 3356 806 3441 plantis;
853 3357 969 3442 qui
1013 3356 1194 3421 vixit
1235 3356 1548 3422 trecentis
1591 3355 1785 3421 annis
1830 3356 1973 3421 sine
2017 3354 2457 3442 corruptione,
2504 3374 2621 3418 ex-

519 3460 727 3545 ceptis
770 3458 1014 3545 pedum
1081 3457 1506 3545 passionibus·
1621 3458 1716 3524 Et
1756 3458 2003 3545 pluries
2066 3456 2324 3545 experti
2396 3476 2623 3523 sumus

518 3560 763 3627 nostris
806 3561 1231 3649 temporibuS,
1281 3560 1458 3647 quod
1515 3560 1813 3627 homines
1864 3560 2113 3626 rurales
2157 3560 2301 3625 sine
2346 3558 2621 3625 consilio

520 3663 922 3730 medicorum
978 3664 1298 3729 vixerunt
1349 3669 1614 3729 centum
1659 3668 1730 3730 et
1794 3663 1881 3729 lx.
1929 3662 2122 3729 annis
2194 3663 2304 3729 vel
2348 3660 2621 3729 circiter.

520 3764 690 3833 Haec
765 3768 968 3833 etiam
1043 3766 1516 3833 confirmantur
1587 3788 1705 3853 per
1780 3786 1981 3853 opera
2048 3764 2478 3846 animalium3
2540 3768 2621 3833 ut

523 3870 715 3948 cervi,
771 3876 842 3936 et
885 3869 1140 3957 aquilae,
1195 3874 1264 3936 et
1307 3872 1656 3957 serpenteS,
1703 3874 1777 3935 et
1818 3867 2031 3935 multa
2102 3866 2250 3949 alia,
2313 3888 2463 3954 quse
2506 3887 2625 3954 per

499 3972 808 4053 ‚virtutes
879 3972 1231 4039 herbarum
1275 3978 1344 4039 et
1387 3972 1684 4059 lapidum
1757 3994 1947 4037 suam
2005 3974 2331 4037 renovant
2380 3968 2621 4056 juven·

521 4080 752 4143 tutem.
874 4076 966 4142 Et
1009 4075 1156 4143 ideo
1214 4074 1542 4162 sapientes
1600 4074 1929 4141 dederunt
1986 4094 2056 4140 se
2099 4073 2187 4139 ad
2244 4072 2622 4160 hujusmodi

519 4184 858 4258 secretum,
905 4178 1178 4247 excitati
1215 4176 1536 4265 exemplis
1577 4178 1945 4257 brutorum,
1992 4178 2395 4245 aestimantes
2446 4174 2623 4262 quod

528 4394 826 4403 ——-..·.-.--—
850 4392 1616 4402 ——.·—-————.-—-..—-0—————-—-
1634 4392 1816 4399 *--„
1838 4392 1863 4397 .-
1916 4391 2034 4397 ----—
2078 4391 2110 4397 --
2157 4388 2612 4398 ψ--η--α-ι-

591 4538 606 4572 ¹
631 4538 851 4606 Plinius]
887 4537 1019 4591 xxii.
1043 4542 1123 4590 24.
1687 4536 1707 4566 ⁸
1727 4532 1933 4601 similia]
1960 4547 2057 4585 om.
2082 4530 2195 4583 MS.

592 4622 614 4651 ⁸
633 4616 852 4671 Mulsum
886 4657 899 4670 .
936 4656 949 4671 .
984 4656 998 4671 .
1033 4614 1279 4684 auctores]
1328 4631 1425 4669 om.
1463 4615 1520 4669 C.
1689 4615 1708 4645 ⁴
1731 4614 1911 4664 invenlt
1944 4609 2257 4679 unquentum]
2306 4616 2619 4677 unguentum

525 4698 638 4752 MS.
1623 4693 1917 4759 composuit,
1940 4692 2053 4745 MS.
