3517 5750
580 860 659 952 L]
1252 876 1717 930 commmnm
1763 876 2014 930 s'rmm.
2557 868 2686 935 399

574 1060 838 1123 seratur
880 1054 1061 1122 enim
1104 1055 1223 1123 illa
1282 1057 1467 1122 sedes
1512 1076 1695 1125 saera
1752 1056 2098 1122 fraudibus
2143 1060 2214 1122 et
2273 1057 2442 1124 dolis
2485 1058 2693 1145 injus·-

574 1164 810 1225 tarum.
930 1158 1115 1225 Perit
1177 1158 1467 1245 justitia,
1541 1180 1678 1247 pax
1753 1159 1967 1225 omnis
2039 1160 2346 1240 violatur,
2422 1162 2691 1228 infinita

574 1262 881 1330 seandala
940 1262 1360 1328 suscitantur.
1482 1262 1701 1329 Mores
1761 1262 1942 1328 enim
2013 1267 2382 1348 sequuntur
2439 1263 2686 1330 ibidem

571 1364 1090 1452 perversissimi3
1149 1368 1383 1452 regnat
1442 1365 1766 1451 superbia,
1827 1366 2018 1430 ardet
2075 1365 2373 1443 avaritia„
2429 1364 2687 1433 invidia

574 1466 863 1533 corrodit
936 1467 1245 1554 singulos,
1321 1467 1587 1533 luxuria
1668 1466 1970 1533 diffamat
2042 1473 2255 1533 totam
2331 1468 2517 1532 illam
2577 1490 2688 1535 ou-

572 1571 760 1650 rim,
806 1570 965 1656 gula
1010 1570 1083 1634 in
1142 1570 1447 1635 omnibus
1498 1569 1889 1635 dominatur.
1983 1570 2053 1635 N
2053 1592 2126 1637 eo
2168 1572 2310 1637 haeo
2353 1570 2686 1637 sufficiunt

574 1672 707 1739 nisi
750 1671 1049 1739 Viearius
1108 1671 1238 1737 Dei
1288 1672 1649 1759 denegetur
1708 1674 2118 1761 negligentia.
2180 1696 2316 1741 suae
2377 1675 2678 1754 ecelesiae,

573 1778 647 1843 et
712 1774 999 1841 mundus
1075 1774 1405 1841 desoletur
1466 1780 1734 1855 rectore,
1801 1776 1972 1842 siout
2035 1776 2180 1863 jam
2251 1776 2492 1844 aeeidit
2563 1798 2683 1865 per

571 1876 813 1943 multos
857 1898 1081 1959 annos,
1111 1882 1387 1943 vacante
1428 1878 1580 1943 sede
1626 1882 1895 1965 propter
1935 1877 2276 1959 invidiam,
2325 1886 2396 1947 et
2441 1880 2672 1958 zelum,
2702 1886 2815 1938 The
2838 1888 2996 1953 Papal

572 1984 642 2047 et
714 1980 1086 2067 appetitum
1160 1980 1443 2060 honoriS,
1520 1980 1765 2065 quibus
1840 1982 2046 2047 servit
2125 1982 2242 2047 illa
2315 1982 2514 2062 curia,
2607 1985 2676 2047 et
2700 1954 3024 2072 ffinhffdaeant

572 2082 813 2169 quibus
884 2082 1129 2149 nititur
1200 2104 1271 2149 se
1344 2090 1414 2149 et
1479 2103 1631 2149 suos
1703 2083 2130 2163 introdueere‚
2207 2084 2379 2151 sieut
2451 2104 2677 2150 omnes
2699 2102 2855 2153 many

573 2186 791 2252 sciunt
860 2186 975 2271 qui
1035 2187 1273 2251 volunt
1332 2207 1596 2252 noscere
1662 2186 2032 2253 veritatem
2125 2186 2202 2253 Si
2267 2186 2474 2273 igitur
2538 2187 2680 2254 haee
2701 2168 2860 2220 μ’*

574 2288 743 2353 fiant
814 2288 889 2353 in
962 2288 1177 2375 capite
1251 2288 1415 2375 quid
1487 2290 1569 2356 fit
1642 2290 1717 2355 in
1791 2290 2114 2355 membris.
2232 2288 2680 2377 Respiciamus

572 2390 897 2477 praelatos,
959 2391 1287 2477 quomodo
1350 2392 1625 2459 student
1682 2392 1994 2479 pecunias,
2049 2392 2399 2479 negligunt
2455 2410 2680 2458 euram

572 2493 957 2572 animarum,
1034 2500 1307 2581 nepotes
1382 2500 1451 2561 et
1524 2502 1794 2561 eaeteros
1859 2495 2102 2561 amieos
2167 2494 2458 2560 carnales
2530 2514 2682 2581 pro-

572 2601 857 2675 movent,
920 2619 997 2661 ae
1073 2597 1329 2663 dolosos
1394 2598 1681 2685 legistae,
1747 2598 1908 2683 quia
1981 2596 2268 2663 consiliis
2332 2597 2682 2663 destruunt

572 2698 835 2779 omnia3
910 2699 1251 2766 studentes
1326 2701 1503 2766 enim
1579 2702 1653 2765 in
1715 2698 2132 2787 philosophia
2205 2703 2276 2765 et
2347 2699 2682 2787 theologia

571 2805 1023 2883 eontemnunt,
1074 2800 1199 2889 [et]
1248 2802 1621 2890 impediunt
1670 2804 1931 2868 ordines
1993 2803 2171 2882 duos,
2219 2808 2300 2868 ut
2351 2823 2484 2867 non
2534 2820 2681 2890 pos-

571 2904 707 2971 sint
750 2904 954 2970 libere
999 2905 1225 2970 vivere
1284 2910 1355 2972 et
1398 2927 1591 2993 agere
1642 2908 1729 2972 ad
1773 2907 2056 2973 salutem
2115 2907 2500 2986 animarum,
2563 2905 2680 2992 qui

571 3008 779 3094 gratis
822 3029 893 3073 se
936 3009 1253 3096 ingerunt
1294 3013 1561 3096 propter
1604 3008 1980 3076 Dominum.

661 3111 1161 3178 Consideremus
1232 3111 1609 3200 religiosos3
1684 3113 1941 3178 nullum
2016 3112 2312 3178 ordinem
2379 3109 2930 3183 exclud0.1>egene-

570 3211 931 3280 Videamus
992 3219 1315 3300 quantum
1384 3215 1755 3281 oeciderunt
1815 3214 2059 3301 singuli
2113 3235 2156 3279 a
2198 3217 2384 3281 statu
2429 3214 2672 3294 debito,
2697 3185 3016 3315 ξεᾝζὶζξξὴε

568 3321 639 3382 et
680 3315 841 3382 novi
884 3315 1147 3382 ordines
1196 3318 1339 3404 jam
1398 3316 1802 3384 horribiliter
1859 3316 2165 3383 labefacti
2209 3321 2368 3383 sunt
2413 3339 2455 3380 a
2510 3315 2678 3403 pris-
2699 3318 2870 3367 orders
2893 3319 2992 3368 and

570 3419 715 3485 tina
772 3415 1116 3505 dignitate.
1226 3419 1431 3484 Totus
1475 3419 1684 3486 clerus
1734 3425 1930 3486 vacat
1973 3419 2314 3505 superbiae,
2369 3418 2674 3499 luxuriae,
2699 3383 2882 3436 σώετε

569 3525 641 3587 et
683 3520 1001 3588 avaritiae.
1093 3521 1185 3587 Et
1250 3523 1625 3608 ubieunque
1684 3525 2165 3609 congregantur
2224 3521 2455 3601 cleriei,
2504 3521 2676 3587 sieut

572 3621 860 3690 Par-isius
912 3629 981 3689 et
1026 3621 1323 3705 Oxonioe,
1370 3624 1579 3704 bellis,
1626 3629 1693 3690 et
1743 3624 2251 3704 turbationibus,
2305 3629 2374 3690 et
2425 3624 2676 3690 eoeteris

566 3727 752 3792 vitiis
794 3725 1245 3792 scandalizant
1278 3731 1498 3793 totum
1542 3727 1858 3813 populum
1901 3728 2226 3792 laieorum.
2318 3725 2673 3814 Principes,

568 3834 639 3896 et
684 3829 973 3907 barones,
1024 3833 1097 3895 et
1154 3830 1401 3894 milites
1453 3834 1768 3916 premunt
1829 3834 1900 3897 et
1941 3830 2229 3916 spoliant
2290 3851 2360 3896 se
2420 3836 2672 3913 mutuo,

568 3938 641 4000 et
678 3931 993 4020 populum
1034 3931 1403 4018 subjeetum
1442 3932 1858 3999 confundunt
1891 3933 2078 4000 bellis
2119 3937 2188 3999 et
2207 3934 2677 4001 'exactionibus

567 4033 865 4116 infinitis,
914 4035 1155 4122 quibus
1210 4036 1455 4101 nititur
1513 4035 1730 4101 aliena
1787 4057 2054 4123 rapere;
2115 4036 2318 4103 etiam
2379 4037 2672 4116 ducatus,

574 4137 701 4226 [et]
764 4157 984 4224 regna,
1046 4138 1217 4204 sieut
1285 4138 1586 4204 videmus
1658 4139 1764 4205 his
1831 4139 2238 4226 temporibus
2312 4139 2673 4227 adimpleri.

568 4239 717 4306 Rex
760 4240 938 4305 enim
984 4239 1282 4307 Franeiae
1326 4239 1609 4307 abstulit
1653 4263 1770 4328 per
1812 4263 2121 4328 magnam
2169 4243 2482 4330 injuriam
2527 4242 2675 4309 illas

566 4363 837 4430 magnas
866 4349 1075 4408 terras
1111 4363 1152 4408 a
1180 4365 1333 4430 rege
1362 4342 1643 4430 Angliae,
1676 4349 1755 4409 ut
1792 4347 2027 4409 notum
2069 4349 2188 4410 est.
2280 4343 2372 4409 Et
2403 4345 2674 4412 Carolus

554 4449 699 4534 jam
741 4445 1034 4512 haeredes
1065 4443 1399 4512 Frederiei
1442 4445 1788 4534 magnifiee
1833 4445 2206 4512 debellavit.
2296 4447 2454 4512 Non
2489 4467 2672 4512 eura—

560 4553 675 4615 tur
718 4547 882 4636 quid
923 4549 1063 4629 fiat,
1109 4571 1229 4615 nee
1281 4549 1622 4636 quomodo,
1671 4570 1790 4615 seu
1831 4569 1948 4636 per
1993 4547 2092 4614 fas
2151 4571 2266 4615 seu
2311 4569 2429 4636 per
2470 4549 2670 4631 nefas,

565 4650 919 4717 dummodo
965 4651 1245 4737 quilibet
1288 4673 1475 4717 suam
1520 4650 1785 4738 expleat
1827 4650 2282 4733 voluntatem3
2335 4656 2406 4718 et
2447 4658 2674 4719 tamen

561 4755 735 4844 gulae
780 4761 849 4821 et
892 4753 1178 4821 luxuriae
1220 4753 1681 4843 voluptatibus
1736 4753 2111 4822 inserviunt
2155 4759 2225 4821 et
2286 4761 2668 4824 caeterorum
