3517 5750
903 849 1036 912 512
1643 857 1899 908 aoosm
1946 855 2235 906 nat-oms
2822 841 3012 928 [car.

897 1059 1054 1103 oesu
1095 1035 1341 1102 scilicet
1401 1055 1606 1122 quum
1673 1033 1930 1120 syllaba
1994 1033 2273 1114 acuitur,
2324 1037 2404 1098 ut
2470 1032 2664 1112 theos,
2728 1031 2999 1118 longow,

901 1137 992 1204 Οε
1033 1137 1226 1214 enim,
1291 1137 1530 1204 ultima
1571 1135 1831 1222 syllaba
1872 1135 2073 1222 hujus
2114 1135 2423 1202 dictionis
2468 1134 2660 1213 theos,
2730 1143 3005 1201 natura-

895 1239 1050 1304 liter
1093 1245 1194 1306 aet
1235 1243 1450 1318 acuta,
1497 1245 1568 1305 et
1610 1238 1899 1304 vertitur
1942 1237 2015 1303 in
2084 1257 2357 1326 gravem
2401 1243 2671 1326 propter
2716 1239 3001 1325 primam

895 1341 1218 1426 syllabam
1263 1339 1570 1407 dictionis
1611 1339 1959 1426 sequentia,
2008 1361 2157 1426 quae
2200 1345 2303 1406 est
2346 1345 2555 1406 acuta.
2650 1340 2996 1428 Regularis

897 1443 1073 1509 enim
1117 1443 1352 1509 modus
1393 1441 1823 1508 accentuandi
1866 1447 1969 1508 est
2012 1443 2193 1529 quod
2220 1465 2354 1508 una
2381 1442 2639 1530 syllaba
2666 1451 2995 1530 gravetur,

897 1551 969 1612 et
1011 1545 1142 1612 alia
1183 1567 1458 1632 sequens
1501 1547 1791 1622 acuatur,
1838 1545 1981 1610 sive
2034 1545 2107 1610 in
2172 1567 2307 1611 una
2368 1545 2675 1625 dictione,
2720 1546 2858 1610 sive
2924 1546 3001 1610 in

897 1648 1213 1735 pluribus,
1243 1647 1374 1712 nisi
1403 1646 1758 1734 aliquando
1788 1646 1937 1714 duae
1980 1646 2375 1714 naturaliter
2416 1647 2631 1734 longae
2659 1647 3001 1726 uniantur,

899 1755 979 1816 ut
1019 1757 1302 1818 natura.
1383 1749 1478 1814 Et
1505 1749 1664 1836 quia
1705 1748 1887 1836 prior
1914 1747 2173 1835 syllaba
2216 1748 2461 1838 pendet
2504 1750 2591 1814 ad
2618 1754 2999 1835 sequentem

899 1858 1165 1940 propter
1207 1852 1601 1918 sententiam
1667 1857 1739 1918 et
1798 1849 2218 1917 conventiam
2270 1849 2579 1917 dictionis
2642 1853 2997 1938 sequentis,

899 1960 970 2021 et
1013 1977 1148 2022 non
1191 1955 1452 2020 sistitur
1493 1953 1606 2032 ibi,
1649 1953 1803 2020 ideo
1844 1959 2161 2040 gravatur
2212 1953 2355 2020 haec
2408 1953 2667 2040 syllaba
2732 1975 2803 2020 os
2831 1976 2859 2032 ;
2932 1961 3003 2020 et

899 2063 1168 2145 propter
1209 2057 1330 2124 hoc
1373 2059 1632 2146 oportet
1675 2055 1855 2142 quod
1898 2055 2163 2144 signum
2190 2062 2579 2143 apponatur,
2614 2057 2773 2142 quia
2798 2056 2997 2122 aliter

898 2181 1033 2226 non
1077 2160 1512 2226 innotesceret
1553 2157 1708 2224 haec.
1802 2157 1937 2224 Sed
1995 2157 2257 2245 quando
2308 2157 2565 2243 syllaba
2606 2158 3001 2224 naturaliter

899 2268 1000 2328 est
1027 2261 1248 2349 gravis
1275 2282 1410 2326 non
1439 2260 1710 2348 ponitur
1737 2259 2019 2347 signum,
2052 2281 2131 2326 eo
2174 2259 2353 2346 quod
2380 2259 2669 2347 privatio
2696 2261 2869 2348 signi
2898 2267 3003 2326 aet

899 2365 962 2430 ei
1005 2385 1126 2452 pro
1167 2363 1372 2452 signo.
1463 2361 1741 2450 Propter
1784 2361 1907 2428 hoc
1948 2365 2147 2429 acuta
2186 2361 2444 2448 syllaba
2486 2368 2556 2429 et
2582 2361 3005 2428 circumflexa

901 2467 1249 2553 signantur
1313 2487 1585 2552 semper,
1639 2469 1710 2530 et
1776 2464 1925 2531 ideo
1982 2485 2119 2530 non
2192 2468 2455 2552 oportet
2528 2465 2707 2550 quod
2778 2467 3005 2552 gravis

901 2570 1218 2656 signetur,
1263 2567 1422 2656 quia
1493 2566 1841 2634 manifesta
1912 2572 2016 2633 est
2086 2588 2175 2634 ex
2217 2565 2589 2655 privatione
2656 2567 2829 2654 signi
2884 2589 3007 2654 per

901 2671 1276 2757 oppositum
1306 2669 1393 2736 ad
1437 2675 1700 2736 acutam
1744 2667 2067 2756 syllabam
2112 2672 2183 2734 et
2226 2667 2723 2735 circumflexam.
2811 2669 3007 2734 Post·

899 2793 1100 2858 quam
1167 2771 1344 2838 enim
1411 2771 1753 2860 signentur
1826 2776 2023 2837 acuta
2098 2775 2171 2838 et
2250 2769 2495 2858 gravis,
2578 2769 3005 2837 manifestum

903 2878 1008 2939 est
1059 2875 1237 2962 quod
1301 2873 1514 2941 omnis
1573 2873 1710 2941 alia
1774 2873 2031 2961 syllaba
2096 2873 2171 2940 in
2244 2895 2377 2961 qua
2448 2896 2585 2941 non
2636 2876 3007 2961 reperiatur

899 2998 1126 3043 earum
1170 2975 1432 3063 signum
1483 2977 1574 3043 sit
1617 2976 1855 3064 gravis.
1948 2976 2041 3042 Et
2098 2976 2247 3044 ideo
2306 2997 2441 3042 non
2500 2981 2763 3063 oportet
2822 2978 3005 3063 quod

899 3078 1211 3165 signetur.
1301 3077 1493 3144 Sicut
1535 3079 1817 3145 rusticus
1858 3078 2109 3145 habens
2166 3084 2299 3145 tres
2352 3098 2525 3159 oves,
2592 3080 2651 3144 si
2710 3079 3007 3167 signavit

901 3179 1083 3261 duas,
1127 3177 1331 3245 tertia
1371 3178 1536 3245 satis
1579 3180 1989 3267 cognoscitur
2030 3202 2115 3246 ex
2158 3180 2529 3267 privatione
2572 3181 2761 3268 signi,
2792 3187 2865 3247 et
2906 3181 3011 3247 ita

902 3282 1068 3347 bene
1131 3286 1204 3347 et
1263 3281 1496 3348 melius
1560 3303 1760 3368 quam
1836 3283 1893 3347 si
1969 3281 2243 3349 haberet
2315 3268 2649 3370 proprium
2724 3284 3003 3371 signum.

907 3384 1000 3451 Et
1051 3383 1266 3450 omnis
1321 3384 1773 3470 monosyllaba
1824 3383 2029 3451 dictio
2082 3384 2191 3451 vel
2242 3386 2506 3451 acuitur
2557 3387 2667 3452 vel
2732 3387 3007 3452 circum-

903 3485 1193 3552 flectitur
1235 3486 1414 3573 apud
1457 3506 1582 3565 eos,
1629 3484 1680 3551 si
1730 3508 1849 3573 per
1900 3508 1971 3552 se
2015 3486 2476 3567 consideretur,
2523 3492 2593 3553 et
2636 3487 3009 3575 proferatur

905 3595 1096 3655 extra
1167 3588 1548 3654 orationem.
1685 3586 1817 3653 Sed
1900 3608 2037 3653 non
2110 3588 2639 3655 circumflectitur
2710 3590 2839 3653 nisi
2914 3590 3007 3655 sit

903 3690 1294 3755 naturaliter
1337 3690 1549 3777 longa.
1637 3688 1708 3755 N
1709 3712 1797 3755 on
1838 3694 2065 3755 tamen
2118 3690 2333 3755 omnis
2376 3691 2768 3757 naturaliter
2806 3691 3007 3778 longa

903 3790 1452 3857 circumflectitur.
1547 3790 1639 3857 Et
1693 3791 1750 3857 si
1806 3797 2226 3879 praeponatur
2274 3792 2471 3859 alicui
2537 3794 2725 3880 gravi
2788 3794 3007 3861 adhuc

903 3913 1040 3957 non
1085 3896 1304 3959 mutat
1347 3892 1422 3957 in
1467 3892 1763 3959 oratione
1808 3914 2000 3959 suum
2042 3894 2413 3959 naturalem
2456 3901 2817 3962 accentum.
2912 3896 3006 3963 Et

903 3994 961 4058 si
1003 3991 1170 4057 nihil
1214 3992 1430 4079 ipsum
1475 3998 1805 4081 sequatur,
1852 3996 1965 4061 sed
2008 3996 2099 4062 sit
2140 3994 2213 4061 in
2256 3996 2391 4063 fine
2433 3996 2749 4064 orationis
2792 3998 3007 4067 adhuc

903 4117 1038 4160 non
1081 4098 1380 4161 mutatur
1421 4096 1496 4161 in
1523 4117 1811 4184 gravem,
1858 4098 1974 4164 sed
2018 4102 2239 4165 servat
2266 4106 2604 4165 accentum
2632 4102 3005 4167 naturalem

903 4198 1032 4263 nisi
1076 4197 1166 4264 sit
1209 4196 1511 4265 enclitica
1568 4199 1790 4281 dictio,
1836 4206 1915 4268 ut
1958 4198 2249 4267 dodokas
2298 4202 2425 4283 mi,
2480 4202 2555 4268 id
2598 4208 2714 4283 est,
2760 4203 3003 4270 dedisti

904 4300 1087 4382 mihi,
1156 4298 1328 4367 sicut
1371 4300 1549 4386 apud
1606 4322 1742 4379 nos,
1808 4322 1953 4389 quc,
2013 4324 2115 4382 m,
2190 4324 2283 4382 ve,
2354 4326 2503 4390 quae
2561 4304 2720 4371 licet
2776 4305 2861 4370 de
2932 4328 3005 4372 se

903 4407 1247 4481 acuuntur,
1334 4405 1560 4468 tamen
1625 4408 1993 4490 gravantur
2034 4404 2107 4469 in
2152 4404 2467 4484 oratione,
2544 4405 2701 4494 quia
2762 4414 3006 4475 natura

903 4528 1128 4571 eorum
1173 4508 1292 4585 est,
1337 4518 1418 4570 ut
1461 4503 1782 4571 inclinent
1824 4512 2164 4573 accentum
2208 4508 2295 4573 ad
2356 4508 2715 4575 dictionem
2766 4532 3007 4598 praece-

905 4605 1188 4687 dentem,
1257 4608 1330 4671 et
1393 4605 1542 4672 ideo
1617 4611 1939 4673 vocantur
2014 4608 2374 4689 encliticoe3
2448 4610 2754 4677 similiter
2824 4614 3003 4700 apud

906 4706 1182 4775 Graecos.
1301 4706 1451 4777 Hoc
1535 4707 1712 4777 enim
1786 4730 2147 4800 pronomen
2240 4711 2347 4779 ‘mi
2420 4717 2523 4781 est
2612 4714 3003 4783 encliticam.
