3517 5750
516 853 594 941 1.]
1190 866 1653 917 courmnmn
1698 864 1952 916 srunn.
2489 852 2616 927 401

516 1062 668 1108 cum
714 1042 955 1109 effectu
997 1041 1223 1109 debito
1268 1047 1337 1108 et
1380 1042 1717 1129 condigno,
1843 1039 2038 1107 Certe
2083 1039 2141 1105 si
2185 1040 2384 1106 fidem
2428 1040 2624 1107 istius

513 1145 917 1223 sacramenti,
966 1149 1037 1211 et
1065 1146 1521 1227 reverentiam,
1552 1152 1621 1211 et
1668 1144 2082 1209 devotionem
2132 1143 2454 1209 haberent
2503 1143 2622 1208 ho-

515 1248 725 1313 mines
783 1248 953 1313 sicut
1028 1248 1341 1313 deberent
1401 1253 1470 1313 et
1530 1251 1858 1328 tenentur,
1921 1266 2058 1311 non
2133 1251 2623 1332 corrumperent

516 1370 583 1415 se
656 1353 763 1415 tot
836 1349 1181 1431 erroribus,
1244 1355 1315 1416 et
1379 1350 1581 1427 vitiis,
1646 1354 1716 1415 et
1793 1347 2109 1429 malitiis3
2185 1348 2300 1414 sed
2375 1348 2624 1414 scirent

517 1474 775 1517 omnem
828 1452 1221 1540 sapientiam
1262 1457 1332 1518 et
1383 1473 1643 1518 omnem
1688 1452 2038 1519 veritatem
2087 1451 2496 1518 salutiferam
2551 1452 2624 1517 in

516 1554 639 1621 hac
684 1556 845 1619 vita.
939 1555 1031 1621 Et
1074 1554 1227 1619 ideo
1280 1555 1439 1641 quia
1489 1554 1597 1621 hic
1666 1555 2002 1620 asininant
2049 1560 2118 1620 et
2165 1558 2324 1620 sunt
2377 1554 2628 1624 infirmi

517 1661 585 1721 et
638 1656 1008 1738 imbecilles,
1057 1661 1129 1723 et
1174 1656 1513 1721 dormiunt
1561 1656 1759 1721 multi
1806 1661 1883 1723 ut
1925 1656 2231 1743 Apostoli
2284 1660 2438 1721 utar
2485 1679 2630 1722 ver-

518 1758 635 1835 bis,
684 1779 941 1823 necesse
988 1763 1091 1824 est
1134 1760 1310 1845 quod
1354 1760 1429 1825 in
1474 1763 1621 1825 tota
1664 1759 1782 1823 illa
1825 1758 2156 1848 sapientia
2198 1758 2368 1825 fiant
2414 1758 2624 1825 imbe-

518 1860 697 1926 cilles
755 1865 825 1926 et
883 1861 1149 1940 infirmi,
1204 1867 1272 1927 et
1334 1861 1665 1926 dormiant
1716 1883 1947 1927 somno
2007 1861 2257 1940 mortis,
2323 1866 2392 1927 et
2451 1861 2630 1927 ultra

520 1984 928 2028 communem
997 1962 1501 2030 aestimationem
1567 1964 1918 2044 asininent,
1995 1964 2154 2049 quia
2211 1963 2335 2029 hoc
2393 1968 2496 2029 est
2558 1964 2629 2029 in

519 2066 649 2131 fine
710 2064 955 2153 gloriae,
1027 2072 1095 2131 et
1152 2066 1493 2145 bonitatis,
1566 2071 1635 2131 ct
1694 2065 2205 2153 pulchritudinis
2265 2066 2626 2152 sapientiae,

519 2172 589 2233 et
631 2167 834 2234 habet
894 2168 1315 2255 probationes
1360 2169 1665 2234 certiores
1712 2190 1912 2253 quam
1960 2188 2184 2233 omnes
2229 2168 2376 2233 aliae
2419 2168 2628 2234 varie·

520 2274 707 2335 tates
821 2270 913 2336 Et
986 2270 1135 2336 ideo
1200 2272 1423 2335 nullus
1490 2276 1842 2337 excusatur
1909 2292 1954 2335 a
2023 2269 2432 2357 negligentia
2505 2270 2629 2349 hic,

520 2395 670 2438 cum
716 2378 938 2439 tamen
982 2373 1117 2439 fere
1174 2373 1541 2460 negligunt,
1587 2373 1746 2458 quia
1789 2394 1928 2437 non
1973 2373 2136 2437 dant
2195 2371 2630 2437 reverentiam

520 2474 853 2560 majestati
913 2479 994 2540 ut
1054 2475 1388 2554 deberent,
1456 2497 1579 2541 nec
1641 2474 1893 2562 gratias
1939 2479 2148 2540 tantae
2209 2474 2498 2554 veritati,
2561 2480 2634 2540 et

522 2577 1109 2643 considerationem
1184 2578 1445 2643 fidelem
1504 2582 1715 2644 tantae
1791 2576 2134 2665 sapientise
2209 2580 2280 2643 et
2341 2577 2630 2643 veritati.

525 2678 693 2745 Cum
760 2684 987 2744 tamen
1051 2679 1109 2746 si
1172 2701 1455 2747 essemus
1501 2679 1727 2766 quales
1792 2680 2190 2759 deberemus,
2260 2700 2394 2743 non
2439 2678 2632 2745 debe-

522 2804 739 2847 remus
804 2782 988 2849 aliud
1054 2788 1401 2869 expectare
1464 2783 1536 2848 in
1610 2782 1734 2847 hac
1795 2782 1944 2847 vita
1999 2782 2129 2847 nisi
2193 2781 2316 2849 hoc
2389 2804 2634 2847 manna

524 2885 605 2950 de
664 2887 844 2964 coe10,
916 2890 985 2951 et
1051 2890 1213 2953 tunc
1279 2887 1511 2952 statim
1578 2886 2014 2972 compleretur
2075 2907 2386 2952 numerus
2451 2907 2632 2952 sanc-

524 2993 739 3054 torum
830 2989 1203 3070 electorum,
1290 2995 1359 3054 et
1433 2989 1944 3056 transferremur
2015 2989 2114 3054 in.
2185 2988 2440 3066 coelum,
2517 2988 2634 3054 ubi

522 3095 773 3158 aeterna
814 3095 883 3157 et
944 3092 1142 3157 beata
1200 3091 1455 3157 visione
1520 3092 1713 3158 istius
1772 3090 2058 3178 corporis
2118 3091 2334 3158 divini
2392 3091 2634 3157 fruere-

518 3215 683 3259 mur.
777 3193 1135 3280 Postquam
1198 3195 1405 3281 igitur
1458 3195 1567 3260 hic
1609 3195 1684 3259 in
1752 3199 1952 3260 tanta
2013 3216 2083 3259 re
2129 3198 2200 3259 et
2243 3203 2382 3260 tam
2426 3194 2634 3259 mani-

524 3295 693 3360 festa
737 3317 945 3383 parva
990 3297 1285 3374 sciamuS,
1334 3301 1597 3383 oportet
1641 3296 1816 3382 quod
1879 3297 2092 3361 omnis
2135 3296 2267 3360 alia
2311 3296 2638 3382 sapientia

524 3397 710 3462 utilis
754 3397 1101 3484 elongetur
1142 3422 1185 3466 a
1228 3399 1418 3465 nobis
1460 3400 1810 3486 plusquam
1856 3399 2078 3466 valeat
2123 3397 2454 3484 explicari.

617 3499 841 3566 Tertia
906 3500 1343 3568 consideratio
1409 3523 1526 3587 per
1590 3500 1894 3566 effectum
1962 3499 2247 3564 sumitur
2314 3520 2398 3564 ex
2461 3518 2632 3564 com-
2660 3513 2942 3566 christinus

2658 3581 2865 3632 inferior
2887 3583 2940 3631 in

526 3602 867 3688 paratione
940 3608 1171 3669 nostra
1228 3604 1315 3668 ad
1376 3607 1627 3669 statum
1687 3601 2248 3688 Philosophorum,
2296 3600 2410 3687 qui
2485 3621 2630 3665 cum
2659 3649 2790 3699 their

524 3704 775 3770 fuerint
849 3704 991 3770 sine
1064 3706 1281 3792 gratia
1347 3704 1784 3792 gratificante,
1855 3725 2003 3790 quae
2071 3702 2228 3768 facit
2299 3701 2638 3782 hominem·
2659 3715 2844 3766 morale
2864 3723 2918 3765 to

525 3806 801 3893 dignum
853 3806 1001 3871 vita
1044 3811 1310 3887 aeterna,
1357 3808 1429 3872 in
1475 3829 1608 3892 qua
1652 3827 1772 3872 nos
1815 3807 2122 3893 ponimur
2170 3805 2244 3869 in
2287 3789 2642 3892 baptismos
2659 3783 2908 3899 5¹2⁸&ss

525 3913 750 3973 tamen
804 3907 945 3974 sine
993 3909 1175 3974 omni
1225 3909 1709 3997 comparatione
1763 3909 1908 3974 vita
1946 3929 2170 3973 eorum
2211 3907 2341 3973 fuit
2389 3907 2636 3988 melior,
2661 3916 2846 3966 behind

2661 3984 2799 4034 them
2821 3981 2876 4030 in

526 4015 595 4074 et
640 4010 713 4076 in
758 4011 939 4075 omni
990 4010 1153 4077 vitae
1195 4011 1559 4092 honestate,
1607 4017 1675 4077 et
1739 4011 1812 4076 in
1855 4015 2240 4098 contemptu
2284 4011 2516 4076 mundi
2568 4015 2638 4076 et
2663 4049 2920 4100 invention

527 4113 821 4177 omnium
868 4113 1249 4179 deliciarum
1298 4118 1369 4180 et
1418 4114 1802 4180 divitiarum
1851 4118 1921 4179 et
1964 4113 2328 4194 honorum3
2372 4117 2454 4179 ut
2493 4114 2635 4198 qui-

526 4213 691 4279 libet
734 4214 949 4300 legere
996 4218 1221 4302 potest
1272 4216 1345 4281 in
1390 4216 1579 4281 libris
1626 4216 2022 4295 Aristotelis,
2079 4214 2364 4292 Senecae,
2415 4215 2637 4296 Tullii,

527 4315 907 4398 Avicennae,
984 4317 1329 4400 Alfarabii,
1408 4317 1723 4397 Platonis,
1805 4318 2116 4396 Socratis,
2191 4322 2262 4383 et
2319 4318 2641 4396 aliorum3

529 4423 599 4482 et
654 4424 925 4504 propter
998 4420 1121 4486 hoc
1197 4420 1605 4487 devenerunt
1677 4421 1768 4486 ad
1839 4424 2090 4486 secreta
2161 4419 2503 4505 sapientise
2575 4423 2646 4484 et

528 4519 925 4587 invenerunt
1023 4544 1249 4588 omnes
1341 4523 1667 4589 scientias.
1826 4521 1960 4589 Sed
2055 4542 2177 4586 nos
2277 4519 2640 4587 Christiani

529 4622 695 4686 nihil
786 4622 1063 4710 dignum
1145 4625 1541 4706 invenimus,
1622 4646 1743 4690 nec
1835 4645 2182 4711 possumus
2271 4622 2645 4709 intelligere

530 4725 927 4809 sapientiam
1003 4726 1577 4818 philosophorum3
1642 4727 1830 4814 cujus
1897 4749 2092 4793 causa
2151 4730 2254 4791 est
2315 4725 2472 4810 quia
2513 4747 2646 4790 non

716 4843 866 4894 voL.
902 4845 943 4896 1.
2261 4843 2304 4892 Ο
2333 4843 2375 4892 O
