3517 5750
887 911 1018 976 524
1731 921 2089 976 APPmtmx
2134 923 2179 975 1.
2812 909 2993 999 [cAP.

885 1103 955 1164 et
1019 1119 1148 1180 ore,
1225 1097 1518 1166 formant
1579 1120 1772 1166 voces
1838 1099 2164 1165 humanas
2234 1120 2276 1164 a.
2352 1097 2550 1186 longe
2612 1099 2723 1164 vel
2769 1122 2987 1188 prope,

883 1205 1082 1286 prout
1125 1199 1380 1283 volunt,
1445 1223 1524 1268 sc
1581 1199 1640 1266 si
1703 1201 1979 1288 spiritus
2022 1222 2173 1268 cum
2216 1199 2481 1267 homine
2502 1199 2521 1238 ¹
2570 1200 2991 1288 loqueretur-3

884 1307 954 1368 et
997 1308 1079 1368 ut
1093 1302 1122 1340 ²
1165 1325 1358 1370 sonos
1400 1305 1750 1371 brutorum
1806 1303 2238 1392 configurant.
2332 1301 2583 1370 Cannae
2641 1325 2800 1370 vcro
2842 1326 2989 1392 gra-

883 1404 1050 1470 mini
1109 1405 1410 1486 subditae,
1457 1411 1526 1473 et
1571 1407 1642 1471 in
1701 1405 1975 1472 latebris
2030 1411 2227 1472 terrae
2270 1405 2574 1486 conditae,
2634 1407 2991 1472 ostendunt

882 1507 1072 1572 nobis
1138 1508 1315 1594 quod
1376 1529 1512 1574 vox
1585 1509 1878 1574 humana
1952 1512 2073 1588 est,
2150 1529 2287 1574 non
2352 1509 2729 1596 spirituum,
2748 1507 2775 1546 ³
2840 1531 2985 1595 quse

883 1629 1124 1697 magno
1167 1611 1443 1698 fingitur
1485 1611 1841 1678 mendacio.
1934 1609 2157 1692 Quum
2202 1632 2357 1678 vero
2404 1611 2479 1676 in
2530 1610 2819 1676 tenebris
2858 1633 2989 1676 cre-

881 1711 1138 1798 pusculi
1181 1713 1531 1780 matutinis
1574 1714 1684 1780 vel
1727 1713 2071 1780 nocturnis
2124 1735 2229 1780 res
2280 1713 2669 1780 inanimatae
2718 1734 2987 1780 moven-

880 1820 996 1882 tur
1059 1815 1393 1898 velociter,
1409 1814 1436 1853 ⁴
1527 1837 1664 1882 non
1737 1823 1841 1882 est
1903 1817 2169 1897 veritas,
2238 1815 2354 1882 sed
2416 1817 2600 1882 fraus
2645 1821 2717 1882 et
2785 1815 2985 1883 dolus.

885 1915 1252 1984 Oonsensus
1312 1939 1472 1984 vero
1547 1918 1773 1985 omnin.
1854 1917 2056 2006 fingit
2122 1941 2271 2006 quae
2352 1919 2593 1985 volunt
2669 1919 2985 1996 homines,

881 2025 1082 2106 prout
1139 2019 1506 2088 adinvicem
1551 2019 1931 2108 disponunt

551 2121 862 2242 (sslmhto
977 2122 1061 2188 In
1105 2121 1210 2190 his
1251 2143 1412 2190 vero
1456 2123 1779 2202 omnibus,
1842 2143 1963 2188 nec
2014 2121 2467 2212 philosophica
2509 2122 2945 2190 consideratio
2960 2117 2989 2159 ³

543 2203 580 2256 Ρ
655 2205 776 2257 ⁰⁸⁰⁹
810 2207 860 2258 γ’
884 2225 1270 2306 considerat,
1317 2247 1438 2294 nec
1481 2248 1604 2304 ars,
1650 2247 1772 2291 nec
1810 2229 2104 2313 potestas
2147 2231 2406 2292 naturas
2450 2226 2767 2292 consistit.
2856 2225 2989 2292 Sed

879 2333 1149 2416 propter
1169 2326 1198 2367 ⁶
1261 2327 1404 2395 haec
1465 2331 1568 2394 est
1625 2326 1903 2415 nequior
1968 2327 2323 2416 occupatio,
2370 2327 2635 2415 quando
2692 2327 2989 2393 homines

879 2437 1108 2496 contra.
1179 2430 1355 2520 leges
1413 2430 1862 2518 philosophiae,
1924 2436 1995 2495 ct
2061 2439 2289 2496 contra
2347 2451 2607 2496 omnem
2666 2432 2989 2496 rationem

879 2533 1153 2620 spiritus
1205 2533 1522 2600 invocant
1573 2531 1874 2610 nefarios,
1922 2537 2003 2597 ut
2050 2553 2169 2618 per
2220 2553 2329 2598 eos
2382 2553 2571 2597 suam
2622 2531 2991 2619 compleant

879 2635 1312 2702 voluntatem.
1405 2635 1496 2700 Et
1547 2635 1620 2700 in
1680 2634 1803 2701 hoc
1870 2639 1973 2700 est
2032 2655 2227 2711 error,
2284 2634 2465 2720 quod
2522 2634 2805 2700 credunt
2860 2633 2989 2699 sibi

878 2737 1112 2825 subjici
1179 2737 1467 2826 spiritus,
1530 2742 1611 2803 ut
1676 2737 1850 2825 ipsos
1924 2743 2165 2823 cogant
2182 2733 2207 2772 ⁷
2280 2736 2572 2802 humana
2648 2737 2899 2802 virtute
2933 2733 2988 2816 3⁸

879 2838 1001 2907 hoc
1064 2840 1241 2907 enim
1315 2845 1418 2907 est
1492 2839 1915 2929 impossibile,
2010 2839 2167 2928 quia.
2249 2840 2351 2905 vis
2434 2839 2721 2906 huma-na
2795 2837 2988 2927 longe

880 2942 1153 3009 inferior
1211 2947 1316 3009 est
1375 2964 1574 3031 quam
1641 2942 2009 3030 spirituum.
2132 2942 2357 3029 Atque
2430 2942 2503 3008 in
2576 2942 2701 3008 hoc
2782 2942 2989 3029 magis

880 3044 1194 3113 oberrant
1263 3044 1644 3131 hujusmodi
1720 3040 2067 3126 homines,⁰
2138 3044 2317 3132 quod
2384 3066 2502 3133 per
2574 3045 2829 3131 aliquas
2885 3064 2989 3110 res

877 3146 1216 3214 naturales
1277 3146 1516 3236 quibus
1575 3152 1880 3227 utuntur,
1934 3146 2213 3214 credunt
2272 3146 2384 3213 vel
2433 3146 2826 3214 advocarem
2881 3144 2989 3213 vel

879 3250 1108 3340 fugare
1137 3250 1428 3339 spiritus.
1519 3250 1613 3318 Et
1665 3250 1884 3317 adhuc
1937 3255 2213 3333 erratur,
2247 3250 2511 3338 quando
2563 3272 2683 3340 per
2726 3250 2987 3316 invoca-

881 3356 1115 3436 tiones,
1163 3360 1233 3421 et
1278 3354 1785 3443 deprecationes,
1849 3360 1919 3421 et
1978 3354 2299 3421 sacrificia
2340 3354 2654 3419 nituntur
2697 3353 2990 3420 homines

883 3478 992 3523 eos
1068 3457 1346 3544 placare,
1427 3461 1499 3523 ct
1580 3454 1903 3523 adducere
1992 3478 2111 3545 pro
2200 3456 2498 3522 utilitate
2570 3457 2989 3537 vocantium3

880 3560 1138 3626 facilius
1214 3558 1389 3626 enim
1449 3558 1590 3625 sine
1663 3558 2152 3647 comparatione
2210 3580 2251 3624 a
2310 3556 2453 3624 Deo
2512 3558 2991 3645 deprecandum

882 3659 1122 3743 esset-,¹¹
1158 3662 1293 3728 vel·
1314 3683 1355 3727 a.
1399 3660 1593 3727 bonis
1633 3660 1995 3749 spiritibus,
2031 3660 2342 3747 quicquid
2374 3660 2569 3726 homo
2600 3660 2798 3727 debet
2828 3660 2992 3727 utile

877 3770 1204 3854 reputare.
1330 3764 1500 3833 Cum
1573 3786 1695 3831 nec
1777 3765 1851 3829 in
1925 3762 2122 3831 rebus
2188 3762 2543 3829 inutilibus
2600 3764 2993 3830 favorabiles

882 3868 1188 3933 existunt
1261 3866 1532 3955 spiritus
1605 3867 1899 3955 maligni,
1974 3866 2105 3931 nisi
2184 3866 2257 3931 in
2304 3864 2653 3953 'quantum
2727 3872 2993 3954 propter

879 3964 1218 4035 hominum
1281 3972 1550 4056 peccata
1607 3992 1649 4033 a
1708 3967 1852 4035 Deo
1912 3968 2407 4055 permittuntur,
2454 3970 2571 4055 qui
2629 3969 2991 4035 humanum

943 4274 958 4305 ¹
987 4290 1090 4323 cun
1114 4272 1325 4341 homine]
1363 4280 1486 4324 tunc
1507 4272 1742 4333 humane,
1778 4270 1835 4323 C.
2043 4270 2061 4297 ⁷
2084 4270 2283 4337 comat]
2322 4278 2375 4322 et
2394 4272 2528 4337 quod
2562 4271 2769 4337 spiritus
2803 4287 2989 4339 cogan-

941 4350 963 4386 ’
984 4362 1032 4405 et
1053 4352 1131 4421 ut]
1158 4353 1337 4405 etiam.
1375 4390 1386 4403 .
1423 4352 1734 4417 confingunt,
1757 4350 1887 4403 Qu.
1976 4358 2072 4411 tur,
2098 4351 2156 4402 C.
2182 4350 2250 4402 H.

944 4438 965 4466 ⁸
984 4432 1274 4501 spirituum]
1326 4440 1378 4482 et
1421 4446 1524 4483 non
1569 4430 1776 4497 spiritus
1820 4466 1834 4481 .
1870 4466 1884 4480 .
2040 4432 2061 4461 ⁸
2082 4429 2282 4495 virtute]
2318 4432 2592 4493 voluntate,
2626 4430 2685 4483 C.

875 4511 1089 4579 lingunt,
1113 4494 1262 4564 0213.
2042 4512 2063 4540 ⁸
2082 4508 2353 4575 hujusmodi
2385 4509 2621 4577 homines]
2662 4526 2761 4562 om.
2804 4510 2916 4561 MS.

938 4593 958 4623 ⁴
987 4590 1232 4657 velociter]
1258 4588 1498 4649 violenter,
1519 4588 1588 4641 H.
2042 4589 2079 4619 ¹·
2100 4588 2369 4653 advoeoere]
2414 4590 2659 4641 advocari
2702 4590 2786 4640 vel
2822 4589 2991 4655 fugari

941 4672 961 4700 ⁸
981 4668 1330 4735 consideratio]
1403 4668 1534 4720 ratio
1585 4666 1885 4727 considerat,
1976 4682 2047 4731 sp.
2070 4668 2339 4733 malignos,
2361 4669 2418 4719 C.
2442 4668 2511 4719 H.
2890 4656 2905 4668 ’

877 4742 934 4803 C.
953 4750 1021 4802 H.
2052 4748 2083 4778 ¹¹
2112 4746 2469 4812 deprecandum
2512 4748 2663 4815 emt]
2714 4750 2989 4815 impetran-

939 4828 1202 4897 ‘prvpterJ
1241 4836 1437 4893 praeter,
1471 4826 1538 4879 Η.
1976 4828 2098 4879 dum
2130 4827 2271 4889 foret,
2298 4827 2355 4878 C.
2380 4826 2449 4877 Η.
