3517 5750
511 2684 623 2735 The
646 2700 705 2735 co
726 2701 787 2736 on

846 852 979 917 250
1606 862 1870 916 nomm
1915 862 2211 917 ssooms
2764 838 2942 941 [eir.

840 1030 989 1099 aliis
1032 1050 1183 1116 quse
1226 1028 1415 1111 dixi3
1488 1029 1591 1095 ita
1632 1030 1812 1116 quod
1853 1034 2138 1118 punctus
2191 1030 2532 1118 depressus
2597 1028 2690 1096 sit
2733 1024 2944 1097 totius

842 1134 1019 1221 quod
1062 1132 1503 1220 suspenditur,
1549 1136 1631 1199 ut
1694 1152 1814 1221 per
1885 1132 2056 1199 illud
2115 1132 2292 1219 quod
2349 1133 2652 1219 sequitur
2707 1154 2940 1199 vermis

842 1236 1263 1323 eompleatur.
1356 1234 1532 1301 Item
1576 1232 1625 1300 J
1628 1236 1906 1301 ohannis
1950 1234 2202 1301 decimo
2245 1234 2482 1321 quinto
2517 1233 2690 1325 [22]
2723 1260 2740 1300 ι
2807 1244 2844 1271 “
2867 1234 2944 1301 Si

844 1344 881 1375 “
926 1356 1063 1403 non
1122 1336 1446 1403 venissem
1490 1341 1563 1402 et
1603 1336 1866 1403 locutus
1923 1336 2192 1403 fuissem
2245 1338 2354 1416 eis,
2401 1342 2742 1424 peceatum
2807 1356 2944 1403 non

846 1448 883 1477 ‘⁸
926 1437 1307 1505 haberent.'’
1397 1438 1533 1504 Hie
1574 1439 1753 1505 ondit
1817 1440 2084 1526 negatio
2135 1459 2332 1528 super
2389 1437 2556 1505 duas
2603 1438 2938 1505 orationes

840 1543 1101 1630 primas,
1164 1547 1237 1608 et
1300 1545 1503 1629 negat
1568 1544 1806 1607 totum.
1900 1540 1994 1605 Et
2035 1540 2200 1621 ideo
2231 1541 2430 1608 debet
2471 1541 2616 1606 fieri
2659 1546 2946 1629 punctus

841 1644 931 1709 ad
992 1644 1161 1709 illud
1224 1642 1401 1731 quod
1468 1642 1633 1710 dicit
1698 1640 1817 1721 eis,
1881 1644 1954 1709 et
2013 1662 2154 1709 non
2205 1643 2292 1708 ad
2343 1644 2510 1709 illud
2553 1644 2732 1729 quod
2783 1642 2948 1711 dicit

842 1746 1191 1825 venissem,
1238 1746 1411 1812 sicut
1460 1746 1701 1833 vulgus
1746 1744 1926 1823 facit,
1974 1746 2046 1812 et
2088 1746 2366 1833 apponit
2409 1747 2829 1833 negationem
2871 1746 2945 1811 in

841 1851 1126 1917 secunda
1168 1850 1483 1929 oratione,
1526 1854 1597 1915 et
1640 1848 2002 1935 corrumpit
2041 1847 2541 1914 translationem
2585 1848 2942 1934 antiquam,

844 1954 1079 2031 dieens,
1133 1958 1170 1990 “
1188 1958 1258 2019 et
1300 1973 1435 2017 non
1478 1950 1735 2017 loeutus
1779 1951 2048 2016 fuissem
2093 1948 2240 2016 eis.”
2328 1950 2460 2017 Sed
2505 1972 2729 2017 omnes
2771 1951 2948 2016 anti-

844 2074 993 2143 quae
1061 2056 1297 2122 Bibliae
1360 2054 1609 2120 habent
1670 2074 1876 2118 unam
1934 2054 2138 2119 solam
2204 2054 2641 2142 negationem,
2711 2058 2782 2120 et
2854 2053 2950 2120 sio

844 2158 1193 2225 transtulit
1261 2157 1733 2243 Hieronymus,
1781 2160 1852 2221 et
1911 2161 2322 2223 sacrosancta
2363 2156 2600 2243 recipit
2645 2156 2947 2223 Romana

844 2262 1153 2343 eeclesia3
1206 2266 1277 2327 et
1340 2260 1490 2326 ideo
1552 2278 1689 2325 non
1748 2263 1854 2324 est
1893 2258 1996 2325 fas
2057 2262 2316 2325 mutare
2373 2262 2641 2324 textum
2689 2256 2818 2324 Dei
2877 2260 2948 2325 et

844 2363 1146 2431 eoolesiae.
1242 2362 1336 2429 Et
1394 2364 1487 2429 sio
1548 2362 1631 2429 de
1684 2360 1970 2427 infinitis
2015 2362 2218 2447 quasi.
2309 2360 2404 2427 Et
2453 2360 2612 2447 quia
2637 2378 2774 2426 non
2819 2382 2949 2427 ser-

843 2471 1047 2533 vatur
1102 2464 1451 2554 punctatio
1509 2468 1708 2545 recta,
1754 2468 2058 2529 mutatur
2117 2464 2278 2529 ordo
2321 2468 2540 2529 rectus
2583 2464 2946 2544 sententiae‚

849 2572 919 2636 et
960 2582 1187 2634 sensus
1230 2568 1405 2655 perit
1446 2588 1597 2633 oum
1641 2566 1850 2633 litera.

793 2722 805 2735 .
937 2670 1233 2737 Punctus
1298 2690 1457 2735 vero
1525 2670 1822 2735 elevatus
1889 2668 2087 2734 debet
2129 2666 2272 2733 fieri
2319 2666 2584 2754 quando
2649 2688 2786 2733 non
2847 2670 2950 2733 est

846 2772 1182 2860 suspensio
1270 2772 1594 2851 absoluta,
1685 2772 1802 2838 sed
1889 2770 2216 2837 sententia
2311 2769 2709 2856 imperfecta,
2799 2792 2948 2856 quae

849 2873 1230 2942 immediate
1314 2875 1654 2962 perficitur
1730 2889 1852 2962 per
1939 2875 2011 2940 id
2100 2872 2280 2961 quod
2368 2872 2680 2960 sequitur.
2769 2872 2946 2938 Nam

850 2982 1071 3066 potest
1144 2997 1283 3044 esse
1354 2977 1707 3064 multiplex
1724 2975 1747 3014 ¹
1845 2975 2138 3042 clausula
2203 2977 2546 3057 absoluta3
2613 2977 2726 3043 sed
2783 2975 2901 3042 illa
2919 2976 2948 3014 ²

848 3101 999 3168 quse
1066 3099 1202 3146 non
1268 3079 1498 3145 statim
1564 3079 1919 3166 perficitur,
1966 3079 2127 3146 facit
2169 3099 2464 3159 oomma3
2537 3083 2608 3144 et
2624 3077 2654 3117 ³
2723 3101 2949 3145 secun-

850 3183 954 3263 da,
1010 3203 1159 3269 quae
1232 3182 1611 3248 immediate
1670 3183 1942 3268 perficit,
1989 3181 2150 3247 facit
2193 3182 2423 3262 oolon3
2485 3185 2562 3246 ut
2604 3181 2679 3246 in
2719 3181 2952 3268 primis

849 3285 1171 3371 exemplis
1244 3289 1347 3350 est
1406 3284 1798 3371 expositum.
1889 3283 2022 3350 Sed
2083 3283 2440 3370 aliquando
2497 3305 2634 3350 non
2678 3290 2777 3350 est
2819 3285 2950 3350 nisi

850 3405 989 3453 una
1030 3387 1361 3454 sententia
1426 3387 1838 3474 perficienda,
1907 3390 1980 3452 et
2045 3387 2202 3472 quia
2251 3385 2556 3452 absoluta
2615 3391 2733 3464 est,
2801 3385 2952 3452 ideo

848 3491 1146 3557 elevatur
1206 3490 1565 3578 punctatio.
1702 3487 1796 3554 Et
1861 3489 1969 3554 hio
2029 3491 2186 3552 sunt
2245 3507 2432 3553 casus
2493 3489 2688 3555 valde
2729 3488 2946 3570 multi,

847 3599 1117 3680 propter
1192 3593 1773 3660 determinationes
1847 3595 1918 3657 et
2001 3589 2400 3678 negationes,
2427 3589 2455 3628 ⁴
2557 3595 2626 3656 et
2720 3592 2946 3658 multa.

851 3695 1088 3760 Multis
1154 3695 1331 3759 enim
1397 3695 1610 3758 modis
1668 3693 1749 3758 fit
1793 3693 2270 3770 determinatim
2317 3695 2388 3757 et
2445 3691 2796 3780 diligenter
2845 3711 2950 3760 ea-

852 3795 1147 3860 vendum
1258 3799 1341 3861 ut
1428 3795 1868 3881 conjungatur
1955 3794 2063 3861 vel
2151 3797 2490 3881 separetur
2595 3797 2950 3862 seeundum

850 3897 1027 3982 quod
1072 3896 1403 3963 sententia
1444 3897 1737 3982 requirit.
1831 3895 2010 3962 Nam
2074 3901 2155 3963 ut
2197 3917 2332 3962 non
2374 3897 2683 3964 videatur
2741 3899 2952 3964 deter-

850 3998 1133 4063 minatio
1224 4018 1373 4066 oum
1460 3999 1761 4085 proximo
1852 3999 2338 4065 determinabili
2419 3999 2656 4065 debere
2743 4000 2954 4066 solum

853 4099 1242 4178 continuari,
1292 4099 1493 4166 debet
1534 4099 1890 4186 aliquando
1935 4101 2222 4187 separari
2265 4101 2350 4166 ab
2392 4106 2713 4188 utroque;
2783 4103 2954 4168 sicut

854 4201 1124 4268 Genesis
1213 4201 1711 4290 quadragesimo
1746 4201 1963 4291 [2132
2073 4210 2108 4239 “
2129 4203 2580 4290 Restituitque
2668 4204 2949 4270 alterum

854 4307 893 4342 “
936 4303 1011 4370 in
1054 4304 1269 4372 locum
1314 4323 1525 4387 suum,
1571 4309 1651 4371 ut
1679 4301 2047 4394 porrigeret
2087 4305 2230 4393 regi
2273 4305 2625 4393 poculum3
2669 4306 2952 4373 alterum

919 4611 934 4641 ¹
958 4608 1227 4677 multiplex]
1266 4611 1466 4678 triplex,
1490 4611 1551 4663 T.
2023 4610 2041 4640 ⁴
2062 4609 2470 4660 determinationes
2533 4619 2582 4661 et
2648 4611 2947 4678 negationes]

915 4686 1067 4833 iugi]
1075 4705 1181 4818 ΘΞ,
1194 4689 1265 4818 ξ.
1961 4689 2252 4755 negationes
2271 4695 2324 4740 et
2343 4689 2799 4752 determinationes,
2821 4687 2882 4744 Τ.
