3517 5750
1313 887 1666 939 Aprnnmx
1711 889 1783 938 11.
2064 961 2072 968 ·
2474 877 2595 942 561

505 1074 539 1099 “
588 1066 886 1132 videmus
945 1065 1240 1131 homines
1309 1085 1424 1150 per
1483 1065 1884 1142 societatem,
1941 1065 2226 1141 consilia,
2278 1065 2601 1144 timorem,

500 1175 535 1201 “
581 1173 650 1233 et
695 1189 997 1244 amorem,
1047 1173 1116 1233 et
1159 1165 1554 1252 hujusmodi,
1604 1165 1891 1232 multum
1938 1171 2197 1232 mutare
2242 1167 2325 1232 de
2369 1188 2603 1254 propo-

501 1277 536 1302 “
581 1269 726 1347 sit0,
775 1275 844 1335 et
885 1269 1094 1356 gratis
1137 1268 1305 1334 velle
1351 1289 1430 1334 ea
1473 1289 1622 1354 quae
1667 1268 1852 1354 prius
1882 1289 2015 1333 non
2064 1268 2398 1346 volebant,
2450 1269 2604 1335 licet

501 1377 536 1404 “
578 1392 711 1435 non
743 1375 1102 1457 cogantur;
1145 1371 1316 1436 sicut
1337 1370 1448 1435 ille
1473 1369 1588 1455 qui
1626 1390 1738 1455 spe
1786 1369 2018 1436 salutis
2047 1369 2313 1457 projicit
2356 1392 2601 1437 merces

499 1479 534 1506 “
579 1473 652 1535 in
715 1493 894 1537 mare
962 1472 1340 1538 carissimas.
1467 1472 1801 1538 Oaeterum
1872 1493 1992 1538 nos
2036 1472 2359 1551 videmus,
2426 1475 2603 1558 quod

493 1579 532 1606 ‘⁴
577 1573 818 1658 species
887 1593 1001 1639 seu
1065 1573 1347 1639 virtutes
1409 1592 1629 1638 rerum
1706 1571 2093 1639 inferiorum
2167 1573 2600 1641 immutantes

495 1682 532 1708 ‘⁸
574 1695 800 1740 sensus
843 1680 1115 1752 nostros,
1160 1675 1359 1740 etiam
1389 1673 1640 1760 species.
1661 1674 2026 1740 visibilium
2076 1680 2146 1741 et
2184 1677 2593 1753 audibilium,

494 1783 529 1811 “
575 1797 724 1861 quae
767 1774 1074 1842 debiliter
1117 1777 1478 1842 immutant
1523 1797 1771 1861 corpus,
1827 1777 1928 1842 ita
1980 1775 2242 1843 fortiter
2290 1778 2595 1843 excitant

497 1887 530 1912 “
576 1877 872 1943 homines
919 1878 1004 1943 ad
1050 1877 1405 1943 volendum
1451 1899 1598 1962 quae
1641 1877 1825 1963 prius
1868 1899 2005 1944 non
2050 1879 2385 1956 curabant,
2420 1878 2597 1963 quod

497 1987 532 2012 “
576 1980 930 2065 aliquando
974 2001 1092 2045 nec
1137 1983 1434 2056 mortem,
1493 1999 1610 2043 nec
1679 1977 2039 2058 infamiam,
2105 2000 2227 2046 nec
2289 1980 2594 2044 timorem

493 2089 530 2114 “
575 2081 925 2158 aestimant,
959 2081 1312 2145 dummodo
1357 2101 1506 2144 suas
1553 2081 1922 2165 compleant
1959 2080 2380 2161 voluntates;
2426 2081 2595 2146 sicut

496 2187 532 2217 “
576 2187 734 2249 sunt
799 2180 916 2260 illi,
980 2181 1096 2268 qui
1149 2181 1382 2247 vident
1445 2186 1515 2246 et
1581 2181 1869 2246 audiunt
1929 2203 2079 2247 suos
2138 2182 2437 2248 inimicos
2502 2182 2597 2248 eis

493 2289 530 2318 “
575 2303 921 2361 occurrere,
985 2288 1055 2349 et
1098 2282 1400 2348 feruntur
1463 2283 1642 2346 omni
1705 2303 1859 2347 casu
1904 2283 2327 2370 contingente
2386 2289 2467 2349 ut
2525 2305 2595 2349 se

493 2393 528 2419 “
573 2383 928 2450 vindicent.
1007 2383 1330 2450 Similiter
1357 2383 1738 2469 voluptuosi
1787 2385 2289 2470 opportunitate
2324 2387 2592 2470 accepta

493 2495 530 2520 “
574 2485 942 2572 complendi
1006 2507 1156 2550 suas
1211 2485 1478 2550 delicias
1545 2485 1716 2550 circa
1778 2507 1881 2550 res
1945 2484 2119 2552 visas
2182 2490 2252 2550 et
2310 2486 2590 2562 auditas,

493 2596 529 2621 “
573 2588 760 2675 quasi
802 2587 1002 2651 bruta
1045 2586 1360 2650 animalia
1403 2591 1754 2652 moventur
1800 2591 2027 2652 contra
2063 2586 2386 2672 judicium
2432 2588 2594 2652 rati-

493 2697 529 2723 “
574 2689 732 2767 onis,
795 2689 1002 2776 gratis
1067 2688 1383 2775 eligentes
1451 2709 1529 2752 ea
1596 2687 1681 2752 ad
1745 2709 1896 2773 quae
1964 2689 2359 2764 excitantur.
2454 2688 2589 2754 Sed

494 2799 529 2825 “
574 2790 766 2877 longe
839 2789 1050 2877 magis
1125 2793 1398 2877 possunt
1473 2789 1760 2854 virtutes
1836 2790 2151 2856 coelorum
2212 2795 2281 2854 et
2342 2791 2587 2877 species
2686 2783 2698 2788 ⁵

492 2902 527 2927 “
571 2914 796 2958 eorum
841 2896 910 2956 et
969 2892 1309 2957 stellarum
1378 2889 1580 2955 fortes
1645 2890 2021 2976 imprimere
2084 2890 2161 2955 in
2228 2912 2461 2978 corpus
2520 2898 2592 2957 et

489 3000 524 3029 “
570 3014 829 3081 organa,
863 2992 1102 3079 quibus
1129 2990 1549 3056 vehementer
1593 2990 1909 3069 alteratis,
1940 2992 2343 3059 excitabitur
2393 2992 2591 3057 homo

491 3104 527 3131 “
571 3094 832 3160 fortiter
875 3094 962 3160 ad
1007 3098 1192 3159 actus
1237 3113 1404 3170 suos,
1451 3092 1534 3157 de
1579 3092 1823 3177 quibus
1866 3114 2001 3159 non
2066 3095 2325 3159 curavit
2387 3095 2587 3180 priuS,

491 3206 528 3232 “
572 3196 758 3263 salvo
809 3216 954 3261 suoe
1006 3193 1340 3261 libenatis
1391 3192 1741 3259 arbitrio?

577 3298 672 3363 Et
731 3297 788 3360 si
849 3294 1022 3359 forte
1089 3316 1131 3357 a
1194 3294 1453 3357 Bacone
1517 3314 1773 3377 quaeras
1833 3314 1963 3377 quo
2032 3299 2222 3379 pacto
2290 3295 2432 3374 fiat,
2513 3301 2591 3360 ut

491 3403 904 3463 astronomus
975 3394 1222 3480 partim
1320 3414 1406 3457 ex
1481 3396 1670 3457 motu
1731 3413 2094 3478 corporum,
2174 3393 2421 3478 partim
2498 3415 2583 3458 ex

487 3498 910 3564 inclinatione
956 3494 1261 3580 conjiciat
1304 3494 1564 3558 futuros
1609 3498 1797 3558 actus
1846 3493 2206 3571 hominum,
2284 3494 2413 3559 tibi
2460 3496 2590 3560 erit

489 3604 730 3686 praesto
759 3598 1024 3675 ibidem,
1057 3596 1322 3663 dicens:
1372 3603 1407 3630 “
1425 3594 1519 3659 Et
1563 3600 1976 3659 astronomus
2022 3595 2092 3659 in
2136 3595 2259 3661 hoc
2302 3596 2589 3661 multum

489 3709 525 3736 “
563 3700 856 3786 juvatur,
904 3698 1079 3786 quod
1142 3697 1332 3763 videt
1398 3695 1694 3761 homines
1753 3696 1826 3760 in
1885 3696 2145 3762 actibus
2204 3697 2339 3762 suis
2400 3698 2587 3783 sequi

489 3808 526 3838 “
569 3802 858 3867 multum
885 3820 1036 3866 suas
1065 3797 1552 3885 complexiones
1597 3817 1764 3884 quas
1807 3795 2077 3875 habent,
2108 3802 2187 3863 ut
2230 3798 2587 3865 cholericus

490 3912 526 3939 “
571 3908 874 3970 movetur
948 3902 1032 3967 de
1103 3900 1280 3967 facili
1355 3902 1442 3965 ad
1517 3899 1702 3977 iram,
1782 3920 1901 3964 nec
1960 3904 2180 3985 potest
2238 3899 2587 3969 refraenare

491 4013 526 4041 “
571 4007 816 4091 primos
863 4009 1080 4070 motus
1125 4022 1365 4080 omnes,
1399 4006 1469 4066 et
1513 4001 1606 4066 sic
1649 4000 1732 4065 de
1780 4000 1943 4084 aliis,
2000 4002 2355 4068 secundum
2408 4003 2586 4089 quod

490 4115 524 4143 ‘⁸
571 4106 865 4173 homines
911 4104 1438 4169 diversificantur
1495 4101 1568 4165 in
1614 4101 2191 4189 complexionibus.
2300 4104 2393 4167 Et
2436 4103 2587 4170 ideo

490 4218 526 4244 “
570 4213 1002 4284 astronomus,
1034 4225 1184 4271 cum
1213 4204 1402 4271 videt
1445 4204 1744 4269 homines
1802 4204 1988 4289 sequi
2034 4225 2187 4269 suas
2236 4203 2587 4291 complexi-

489 4320 522 4345 “
569 4330 743 4391 ones,
776 4328 924 4394 quae
967 4306 1270 4373 oriuntur
1312 4326 1354 4369 a
1397 4304 1650 4371 coelesti
1696 4304 2093 4391 operatione,
2142 4304 2310 4370 sicut
2339 4310 2411 4370 et
2437 4310 2586 4371 tota

488 4420 522 4447 ‘¹
566 4409 1007 4498 generatione,
1054 4429 1192 4474 non
1235 4412 1336 4472 est
1379 4406 1620 4470 mirum
1663 4405 1721 4470 si
1790 4426 1859 4471 se
1924 4404 2226 4471 extendit
2285 4406 2371 4471 ad
2431 4426 2583 4471 con-

487 4522 523 4547 “
567 4511 1032 4577 siderationem
1076 4512 1342 4573 actuum
1390 4504 1889 4572 humanorum.'’
1982 4506 2141 4571 Non
2200 4505 2414 4573 deerit
2464 4508 2583 4573 ali-

485 4614 633 4701 quis
675 4612 930 4699 rigidus
980 4631 1206 4677 censor
1249 4609 1365 4695 qui
1411 4608 1690 4674 Baconis
1743 4608 2142 4673 sententiam
2186 4614 2449 4694 spernet
2500 4630 2585 4674 ex

471 4716 616 4795 hoo,
650 4712 828 4801 quod
855 4712 1195 4782 hominum
1225 4714 1814 4797 temperamentum
1858 4708 2024 4774 velit
2072 4730 2159 4775 ex
2188 4711 2383 4777 astris
2432 4732 2587 4777 con-

660 4831 811 4883 VOL.
858 4830 901 4879 1.
2082 4826 2132 4876 N
2177 4826 2229 4877 Ν
