3517 5750
1154 947 1310 996 mm
1355 946 1442 995 or
1490 947 1720 997 soona
1766 945 2007 997 meos.
2455 933 2633 998 xcvii

516 1142 822 1207 purpose.
914 1121 1160 1186 Would
1231 1143 1368 1207 you
1434 1122 1638 1186 know
1713 1121 1830 1186 the
1904 1142 2153 1201 reason,
2222 1123 2379 1188 hear
2454 1123 2639 1189 what

519 1223 758 1288 Bacon
787 1245 970 1309 says:
1022 1229 1061 1258 “
1083 1223 1456 1290 Secundum
1485 1224 1660 1308 quod
1704 1243 1962 1308 expono
2009 1223 2179 1289 circa
2207 1224 2641 1291 ecclesiastica

524 1333 566 1360 “
614 1335 684 1390 et
716 1324 800 1390 de
829 1325 1241 1412 corruptione
1281 1324 1653 1403 calendarii,
1687 1347 1837 1411 quae
1866 1330 1968 1391 est
1996 1327 2429 1392 intolerabilis
2460 1328 2640 1392 omni

521 1431 564 1462 “
613 1426 917 1512 sapienti,
965 1432 1034 1491 et
1077 1426 1406 1492 horribilis
1474 1427 1654 1492 omni
1699 1432 2092 1506 astronom0,
2159 1433 2229 1494 et
2289 1429 2643 1494 derisibilis

527 1535 568 1563 “
616 1529 706 1592 ab
751 1527 928 1593 omni
974 1529 1409 1614 computista3
1483 1529 1660 1594 unde
1705 1550 1929 1594 omnes
1958 1530 2267 1596 instructi
2310 1530 2384 1595 in
2435 1536 2641 1597 astro-

529 1635 568 1664 ⁰‘
615 1629 856 1709 nomia,
903 1634 972 1695 et
1032 1629 1105 1694 in
1149 1635 1470 1716 comput0,
1519 1635 1589 1695 et
1632 1630 1704 1694 in
1748 1631 2013 1710 talibus,
2061 1631 2391 1698 mirantur
2464 1635 2643 1720 quod

529 1740 568 1766 ‘⁸
617 1737 761 1796 tam
788 1731 1228 1796 abominanda
1253 1731 1508 1797 falsitas
1538 1732 1998 1810 sustineretur,
2034 1734 2165 1799 nisi
2196 1733 2355 1820 quia
2384 1735 2483 1800 illi
2527 1736 2641 1822 qui

535 1839 580 1866 “
623 1831 873 1897 habent
915 1833 1380 1898 auctoritatem
1439 1855 1636 1920 super
1680 1833 1804 1900 hac
1864 1836 2264 1901 correctione
2307 1859 2441 1902 non
2484 1844 2645 1903 sunt

538 1942 580 1972 ‘⁸
626 1935 968 2018 exercitati
1035 1935 1108 2000 in
1168 1935 1584 2014 astronomia,
1652 1940 1722 2001 et
1788 1942 2110 2022 compute,
2159 1947 2229 2004 et
2294 1939 2367 2003 in
2420 1941 2643 2026 hujus-

533 2043 580 2072 “
623 2036 819 2100 modi„
907 2035 1150 2102 Nullus
1194 2037 1370 2101 enim
1415 2037 1779 2124 percipiens
1840 2039 2041 2104 talem
2086 2038 2641 2107 abominationem

539 2145 583 2174 “
626 2139 978 2204 sustineret
1041 2160 1184 2203 eam
1213 2162 1231 2218 ;
1276 2143 1345 2204 et
1389 2139 1670 2224 quilibet
1730 2140 1992 2226 sapiens
2062 2140 2477 2206 Christianus
2531 2145 2645 2228 qui

543 2249 582 2275 “
625 2240 768 2306 haec
827 2245 1076 2306 tractat
1140 2239 1432 2306 ostendit
1495 2241 1802 2306 articulos
1856 2241 2048 2306 istius
2094 2242 2531 2328 corruptionis
2577 2251 2645 2310 et

543 2350 583 2376 “
627 2341 818 2407 docet
860 2340 1164 2407 remedia.
1255 2341 1324 2406 N
1327 2363 1414 2406 on
1459 2347 1686 2407 tamen
1715 2341 1958 2428 aliquis
2002 2343 2344 2428 praesumit
2388 2345 2645 2411 tradere

542 2450 582 2478 “
625 2441 1066 2508 calendarium
1128 2448 1486 2508 correctum
1549 2448 1818 2530 propter
1878 2442 2017 2524 hoc,
2064 2443 2239 2528 quod
2302 2447 2645 2512 concilium

543 2551 584 2581 “
627 2545 928 2632 generale
991 2545 1313 2631 prohibet,
1359 2567 1444 2610 ne
1506 2546 1654 2631 quis
1717 2550 1935 2611 mutet
1996 2545 2440 2613 calendarium
2508 2549 2647 2615 sine

547 2656 584 2682 “
629 2647 896 2712 licentia
968 2646 1141 2712 sedis
1229 2647 1602 2733 apostolicae
1677 2647 1943 2735 speciali
1980 2671 1995 2728 ;
2072 2648 2189 2714 sed
2262 2649 2393 2715 ista
2465 2651 2647 2718 sedes

552 2758 587 2783 “
631 2749 1012 2814 beatissima
1055 2749 1323 2814 deberet
1366 2748 1489 2815 hoc
1554 2755 1923 2815 monstrum
1968 2751 2197 2816 tollere
2243 2751 2325 2817 de
2370 2753 2645 2819 ecclesia.

551 2859 588 2886 “
634 2849 854 2916 Julius
916 2851 1178 2937 quidem
1243 2850 1465 2918 Oaesar
1539 2852 1885 2917 constituit
1962 2851 2403 2920 calendarium
2474 2857 2649 2943 quod

551 2961 590 2989 “
633 2953 964 3024 habemus,
1027 2974 1148 3017 nec
1189 2976 1482 3039 unquam
1545 2954 1676 3019 fuit
1742 2961 1973 3041 postea
2037 2963 2419 3038 correctum,
2464 2964 2533 3024 et
2576 2961 2649 3024 in

551 3063 590 3091 “
633 3072 926 3141 tempore
967 3076 1084 3119 suo
1131 3075 1263 3120 non
1306 3054 1544 3121 habuit
1586 3054 1959 3135 falsitatem,
2006 3078 2153 3142 quae
2196 3081 2373 3125 nunc
2415 3066 2651 3147 regnat

551 3165 589 3191 ‘⁶
635 3162 900 3243 propter
959 3156 1358 3221 mutationes
1403 3178 1550 3242 quae
1610 3156 1989 3223 acciderunt
2032 3180 2074 3223 a
2131 3165 2425 3247 tempore
2470 3162 2649 3247 ejus;

552 3263 590 3292 “
637 3262 840 3343 atque
883 3256 1147 3323 ecclesia
1189 3257 1264 3321 in
1307 3258 1628 3344 principio
1671 3258 1958 3324 multum
2003 3267 2240 3325 conata
2296 3266 2401 3327 est
2458 3263 2654 3329 corri-

550 3366 595 3395 “
637 3381 787 3445 gere
860 3359 1320 3439 calendarium,
1383 3365 1453 3425 et
1528 3359 1729 3424 multi
1804 3382 1989 3446 papae
2064 3361 2146 3425 de
2204 3360 2325 3427 hoc
2390 3366 2651 3428 ordinar-

555 3470 594 3497 “
635 3464 897 3540 verunt,
952 3465 1022 3525 et
1087 3480 1223 3523 non
1283 3460 1413 3525 fuit
1464 3462 1905 3539 satisfactum,
1971 3483 2047 3526 eo
2124 3463 2297 3547 quod
2370 3464 2442 3528 in
2504 3464 2651 3529 aliis

552 3570 591 3599 “
635 3567 963 3647 occupata,
1012 3566 1081 3627 et
1126 3582 1423 3648 oppressa
1483 3563 1595 3627 diu
1659 3584 1779 3649 per
1836 3567 2175 3649 tyrannm,
2239 3564 2475 3630 deinde
2536 3588 2655 3652 per

555 3672 592 3699 “
635 3664 977 3729 haereticos
1021 3663 1304 3748 (circiter
1347 3685 1464 3749 per
1506 3664 1901 3751 quingentos
1943 3666 2197 3751 annos),
2244 3671 2313 3731 et
2356 3666 2504 3734 ideo
2552 3669 2653 3733 in-

555 3772 595 3801 “
639 3766 856 3831 valuit
929 3765 1328 3830 consuetudo
1399 3765 1600 3852 longa
1673 3771 1742 3831 et
1816 3770 2151 3852 pertracta
2212 3774 2313 3833 est
2370 3769 2459 3834 ad
2518 3792 2650 3837 nos

553 3876 600 3905 “
645 3866 974 3935 Caeterum
1013 3887 1149 3930 non
1182 3865 1451 3930 fixerunt
1487 3867 1560 3931 in
1599 3868 1942 3955 primitiva
1985 3868 2249 3934 ecclesia
2292 3874 2651 3939 astronomi

557 3976 597 4006 “
641 3967 928 4055 perfecti,
978 3968 1092 4052 qui
1150 3967 1576 4053 requiruntur
1635 3969 1721 4034 ad
1780 3970 1903 4035 hoc
1960 3970 2239 4036 sublime
2296 3974 2653 4059 negotium.

555 4077 593 4107 “
639 4070 817 4135 Nam
869 4069 1066 4134 multi
1125 4069 1364 4134 summi
1414 4070 1754 4155 pontifices
1803 4077 2212 4158 negaverunt
2262 4074 2440 4139 viros
2490 4098 2653 4162 quos

562 4182 598 4208 “
642 4172 1066 4237 aestimabant
1123 4170 1348 4255 aliqua
1397 4172 1817 4238 laudabiliter
1874 4174 2035 4238 scire
2095 4174 2178 4239 de
2236 4180 2649 4256 astronomia,

560 4283 598 4310 “
641 4280 722 4339 ut
787 4278 1190 4359 apponerent
1246 4272 1625 4351 remedium,
1687 4278 1755 4339 et
1812 4279 2242 4341 tentaverunt
2302 4279 2513 4357 multi,
2577 4285 2655 4344 ut

563 4384 598 4411 “
643 4373 1056 4461 Theophilus,
1119 4374 1460 4455 Eusebius,
1522 4380 1592 4440 et
1643 4375 2038 4454 Victorinus,
2096 4376 2398 4462 Cyrinus,
2454 4379 2652 4461 Beda,

558 4484 598 4515 “
645 4482 716 4541 et
773 4475 985 4541 multi.
1079 4474 1213 4541 Sed
1257 4498 1392 4541 non
1449 4476 1578 4541 fuit
1635 4478 2039 4542 astronomia
2085 4478 2157 4542 in
2215 4500 2342 4543 usu
2390 4480 2656 4546 Latino-

562 4585 599 4615 “
643 4600 791 4643 rum
833 4576 964 4641 nisi
1008 4598 1260 4664 parum,
1292 4598 1412 4643 nec
1453 4578 1526 4642 in
1569 4600 1695 4645 usu
1739 4579 2022 4645 ecclesiae
2066 4579 2246 4665 apud
2284 4578 2543 4646 Graecos
2587 4588 2655 4647 et

560 4688 601 4717 “
649 4680 984 4757 HebraeOS,
1034 4680 1203 4745 sicut
1253 4700 1372 4745 nec
1423 4680 1572 4746 aliae
1631 4684 1851 4766 partes
1908 4680 2332 4766 philosophiae
2390 4690 2657 4769 propter

565 4789 604 4819 “
648 4782 892 4849 multas
937 4804 1178 4861 causaS,
1227 4804 1504 4869 quarum
1552 4782 1805 4869 aliquas
1851 4782 2078 4869 scripsi
2120 4783 2431 4869 superius,
2526 4784 2655 4852 Sed
