3517 5750
858 847 987 918 2¹76
1616 858 1874 909 noonm
1919 858 2210 910 memus
2783 846 2964 935 [cAP.

858 1033 895 1061 “
940 1022 1209 1089 minui.”
1297 1023 1497 1090 Unde
1572 1021 1980 1110 expositores
2053 1022 2260 1110 aliqui
2319 1023 2536 1092 Βουτώ
2605 1024 2966 1114 Scripturae

856 1132 1217 1215 posuerunt
1292 1125 1655 1191 Dominum
1744 1130 1980 1193 natum
2069 1126 2335 1214 quando
2411 1128 2551 1194 dies
2638 1129 2966 1216 incipiunt

856 1252 1151 1310 crescere,
1212 1234 1283 1295 et
1344 1230 1465 1295 hoc
1512 1234 1613 1295 est
1663 1228 1739 1293 in
1795 1227 2078 1295 solstitio
2122 1229 2431 1316 hyemali,
2477 1235 2549 1297 et
2589 1229 2638 1298 J
2641 1231 2966 1298 ohannem

858 1332 1231 1418 Baptista-m
1260 1330 1439 1397 nasci
1484 1330 1748 1416 quando
1795 1330 1936 1396 dies
1979 1330 2307 1419 incipiunt
2351 1333 2582 1415 minui,
2613 1338 2694 1399 ut
2723 1334 2795 1400 in
2837 1335 2964 1400 sol-

854 1433 1039 1500 stitio
1068 1432 1369 1501 aestivali.
1461 1432 1554 1499 Et
1588 1432 1885 1499 Isidorus
1927 1430 2063 1499 fuit
2107 1433 2302 1499 istius
2331 1434 2660 1524 opinionis
2711 1435 2966 1525 Hippo-

856 1536 1133 1615 craticae,
1158 1540 1237 1601 ut
1264 1540 1450 1624 patet
1494 1556 1579 1601 ex
1610 1535 1845 1621 quinto
1889 1534 2059 1601 libro
2105 1533 2676 1624 Etymologiarum
2699 1537 2778 1623 [c.
2812 1538 2964 1626 3⁴21,

857 1644 928 1704 et
990 1642 1257 1704 sanctus
1318 1637 1736 1719 Anatholius,
1764 1634 1783 1673 ¹
1855 1636 1973 1723 qui
2015 1637 2092 1703 in
2151 1638 2474 1726 principio
2531 1640 2814 1707 eeclesiae
2880 1642 2965 1707 de

856 1740 1233 1826 hujusmodi
1306 1738 1691 1827 disputavit.
1827 1738 1960 1806 Sed
2034 1746 2264 1827 postea
2335 1746 2770 1808 mutaverunt
2842 1742 2966 1811 hoc
3059 1824 3072 1837 ·

858 1844 989 1909 viri
1034 1843 1466 1922 ecclesiastici,
1500 1846 1571 1909 et
1618 1847 2001 1909 statuerunt
2029 1844 2497 1931 aequinoctium
2527 1846 2792 1913 vernale
2827 1868 2964 1913 esse

858 1945 1241 2011 duodecimo
1288 1944 1623 2011 Kalendas
1668 1944 1938 2033 Aprilis,
1999 1944 2172 2013 sicut
2217 1944 2381 2013 dicit
2429 1946 2614 2013 Beda
2677 1948 2750 2012 in
2794 1948 2964 2015 libro

858 2048 1253 2136 Temporum
1277 2048 1355 2135 [c.
1389 2048 1583 2136 m]
1614 2072 1631 2129 ;
1678 2048 1856 2134 quod
1885 2066 2091 2134 usque
2121 2070 2298 2115 nunc
2341 2054 2620 2119 tenetur.
2715 2050 2804 2117 Et
2841 2051 2964 2117 hoc

860 2150 1279 2218 manifestum
1310 2156 1412 2217 est
1456 2150 1761 2217 omnibus
1807 2150 1922 2237 qui
1965 2150 2222 2240 aliquid
2264 2151 2482 2219 sciunt
2511 2153 2594 2219 de
2637 2159 2962 2241 computo,

858 2258 929 2319 et
1002 2254 1419 2319 considerant
1490 2274 1684 2319 usum
1758 2253 2058 2320 ecclesiae.
2171 2252 2240 2318 N
2242 2275 2349 2319 am
2407 2254 2580 2320 sicut
2653 2254 2728 2321 in
2789 2256 2964 2342 Lege

858 2357 1101 2437 Veteri,
1150 2364 1299 2444 post
1360 2355 1830 2441 aequinoctium
1871 2356 2160 2439 vernale,
2206 2356 2472 2443 quando
2529 2358 2690 2423 luna
2746 2357 2964 2425 fuerat

852 2464 1090 2545 quarta
1118 2460 1383 2537 decima,
1417 2458 1870 2525 celebrabatur
1898 2456 2166 2539 Pascha,
2195 2460 2289 2525 sic
2332 2460 2597 2525 ecclesia
2627 2458 2962 2526 ordinavit

848 2562 1026 2649 quod
1070 2564 1393 2628 terminus
1440 2560 1707 2627 Paschae
1776 2558 2010 2626 fuisset
2055 2560 2170 2641 ibi,
2217 2567 2286 2628 et
2329 2561 2403 2625 in
2447 2560 2554 2628 die
2610 2562 2960 2628 Dominica

848 2670 1162 2750 sequente
1230 2664 1665 2731 celebraretur
1741 2661 2044 2743 Pascha3
2105 2662 2264 2749 quia
2332 2670 2593 2751 oportet
2645 2665 2821 2751 quod
2882 2666 2956 2730 in

852 2767 959 2832 die
1024 2768 1372 2831 Dominica
1435 2766 1557 2832 fiat
1622 2766 1864 2832 festum
1908 2764 2089 2831 istud
2149 2766 2329 2852 apud
2389 2766 2842 2845 Christianos3
2889 2774 2959 2833 et

852 2870 1001 2936 ideo
1047 2892 1182 2935 non
1230 2891 1571 2957 possumus
1634 2869 1958 2935 celebrare
2006 2866 2258 2934 Pascha
2299 2870 2372 2934 in
2425 2876 2662 2956 quarta
2705 2870 2960 2936 decima.

852 2973 1046 3050 lunae,
1102 2972 1217 3037 sed
1276 2972 1350 3037 in
1396 2971 1742 3037 Dominica
1803 2975 2132 3057 sequente.
2226 2970 2318 3037 Et
2375 2979 2737 3059 posuerunt
2781 2974 2958 3059 quod

854 3075 1139 3161 primum
1203 3073 1453 3139 Pascha
1518 3073 1608 3138 sit
1682 3073 2028 3138 undecimo
2075 3071 2414 3138 Kalendas
2490 3072 2756 3161 Aprilis,
2777 3075 2804 3113 ²
2877 3081 2958 3142 ut

852 3176 1035 3242 nullo
1096 3177 1292 3242 modo
1352 3175 1443 3242 sit
1508 3181 1681 3254 ante,
1746 3179 2015 3262 propter
2078 3173 2202 3240 hoc
2246 3174 2423 3261 quod
2483 3176 2956 3263 aequinoctium

850 3279 1170 3345 dixerunt
1212 3279 1329 3366 figi
1396 3277 1471 3343 in
1516 3277 1898 3344 duodecimo
1952 3275 2308 3356 Kalendas,
2353 3276 2472 3344 ubi
2532 3278 2694 3344 luna
2737 3285 2956 3367 potest

849 3405 987 3449 esse
1030 3381 1383 3469 aliquando
1400 3380 1427 3418 ³
1470 3385 1710 3467 quarta
1754 3379 2023 3445 decima.
2115 3377 2312 3461 Nam,
2345 3380 2516 3446 sicut
2563 3379 2748 3448 Beda
2791 3383 2955 3449 dicit

848 3486 920 3550 in
968 3485 1299 3573 Computo
1342 3503 1461 3550 suo
1495 3483 1576 3570 [c.
1606 3482 1725 3570 x.]‚
1773 3481 2041 3548 ecclesia
2085 3503 2221 3547 non
2280 3481 2497 3548 utitur
2563 3489 2800 3570 quarta
2843 3486 2954 3552 de-

848 3588 1019 3653 cima
1061 3588 1223 3653 luna
1252 3607 1399 3672 quae
1446 3583 1761 3672 praecedit
1849 3583 2335 3668 aequinoctium,
2381 3586 2498 3651 sed
2540 3607 2688 3671 quae
2732 3592 2835 3653 est
2879 3589 2952 3653 in

845 3689 1256 3773 aequinoctiO,
1302 3687 1411 3752 vel
1452 3691 1605 3773 post
1648 3685 1906 3772 ipsum3
1952 3688 2023 3751 et
2071 3685 2288 3773 ipsum
2341 3687 2826 3772 aequinoctium,
2871 3695 2952 3756 ut

848 3790 1028 3866 dicit,
1060 3795 1159 3854 est
1204 3787 1586 3854 duodecimo
1614 3785 1951 3852 Kalendas
1981 3786 2250 3875 Aprilis,
2297 3793 2366 3854 et
2411 3789 2509 3855 ibi
2549 3795 2653 3866 est
2697 3791 2950 3878 primus

846 3891 1167 3955 terminus
1222 3889 1506 3970 Paschae,
1552 3893 1633 3954 ut
1686 3911 1912 3954 omnes
1965 3891 2382 3978 computistae
2425 3892 2659 3959 sciunt.
2754 3895 2950 3975 Quod

844 3994 900 4057 si
963 3993 1052 4056 sit
1118 3993 1189 4056 in
1254 3992 1363 4057 die
1418 3991 1713 4069 Sabbati,
1781 3995 1944 4056 tunc
1961 3991 1990 4030 ⁴
2048 3992 2122 4060 in
2175 3995 2461 4060 crastino
2526 4001 2747 4082 potest
2812 4019 2949 4064 esse

844 4093 1109 4172 Pascha,
1180 4094 1337 4180 quia
1412 4093 1551 4159 dies
1610 4092 2000 4160 Dominicus
2075 4099 2177 4160 est
2211 4120 2229 4176 ;
2303 4101 2374 4162 et
2439 4097 2606 4178 ideo,
2682 4107 2952 4187 propter

838 4195 1162 4261 rationem
1238 4194 1618 4280 aequinoctii
1694 4195 1901 4262 fixam
1975 4196 2048 4262 in
2139 4196 2527 4264 duodecimo
2613 4199 2948 4268 Kalendas

839 4298 1105 4384 Aprilis,
1185 4297 1347 4364 dicit
1420 4296 1686 4363 ecclesia
1761 4298 1937 4383 quod
2010 4298 2314 4364 infimum
2377 4299 2628 4368 Pascha
2699 4309 2804 4370 est
2875 4306 2948 4370 in

840 4400 1190 4466 undecimo
1238 4397 1575 4464 Kalendas
1620 4397 1890 4485 Aprilis.

906 4656 923 4690 ¹
945 4656 1263 4723 Anatholius]
1302 4655 1632 4716 Anathasins,
1654 4654 1716 4706 Τ.
2001 4657 2022 4687 ¹
2042 4673 2146 4706 cue
2157 4655 2450 4726 aliquando]
2471 4660 2942 4725 aliqmdomB.

903 4737 924 4766 ²
948 4734 1167 4802 Aprilis]
1206 4751 1305 4788 om.
1329 4735 1391 4786 T.
1997 4737 2016 4766 ⁴
2040 4735 2180 4802 tnnc]
2219 4751 2317 4788 om.
2342 4737 2404 4788 T.
