3517 5750
567 879 772 970 xv11.]
1347 893 1526 946 orus
1567 891 1886 947 mamm.
2577 883 2661 949 59

567 1080 724 1141 sunt
765 1069 1282 1161 impedimenta3
1326 1069 1444 1138 sed
1499 1091 1636 1138 non
1694 1093 1960 1158 possum
2011 1068 2354 1159 procedere
2396 1074 2665 1158 propter

563 1175 890 1243 defectum
948 1197 1381 1262 expensarum
1438 1174 1917 1262 praedictarum.

657 1278 734 1345 Si
806 1283 1034 1343 tamen
1100 1277 1339 1364 aliquis
1404 1277 1728 1364 posuisset
1784 1281 2052 1343 tantum
2126 1275 2222 1341 ibi
2295 1282 2620 1362 quantum
2644 1273 2664 1312 ¹

566 1402 686 1468 ego
729 1379 939 1468 posui,
1013 1383 1187 1445 certe
1259 1385 1481 1466 posset
1539 1401 1782 1466 magna
1840 1401 1993 1466 pars
2054 1379 2375 1466 compleri.
2486 1378 2661 1444 Nam

563 1503 680 1570 per
727 1480 978 1569 viginti
1023 1503 1232 1547 annos
1288 1481 1526 1567 quibus
1553 1481 1933 1568 specialiter
1974 1481 2273 1547 laboravi
2320 1483 2396 1546 in
2444 1480 2665 1548 studio

560 1583 917 1671 sapientise,
965 1584 1260 1671 neglecto
1311 1601 1504 1650 sensu
1553 1583 1760 1670 vulgi,
1814 1584 1962 1670 plus
2006 1599 2205 1670 quam
2264 1583 2398 1650 duo
2456 1581 2667 1650 millia

561 1685 880 1752 librarum
925 1704 1047 1774 ego
1089 1685 1280 1773 posui
1340 1685 1416 1749 in
1480 1683 1603 1765 his,
1665 1689 1937 1772 propter
1992 1685 2195 1751 libros
2256 1689 2549 1768 secretoe,
2595 1689 2665 1752 et

566 1787 1002 1874 experientias
1092 1785 1331 1868 varias,
1405 1791 1475 1853 et
1566 1785 1845 1874 linguas,
1920 1790 1991 1853 et
2062 1787 2519 1869 instrumenta,
2594 1792 2669 1854 et

563 1889 844 1970 tabulas,
886 1894 956 1956 et
997 1887 1168 1971 ὼς
1212 1893 1361 1955 tum
1405 1889 1491 1954 ad
1537 1885 1997 1975 quoerendum²
2042 1889 2365 1956 amicitias
2410 1889 2663 1976 sapien·

563 1995 727 2069 tum,
775 1995 924 2058 tum
973 1995 1244 2079 propter
1293 1989 1710 2058 instruendos
1770 1991 2103 2079 adjutores
2155 1991 2228 2057 in
2271 1991 2531 2079 linguis,
2590 1991 2667 2058 in

566 2093 814 2181 figuris,
897 2093 971 2159 in
1038 2093 1348 2174 numeris,
1428 2099 1500 2160 et
1572 2091 1838 2173 tabulis,
1916 2099 1989 2160 et
2062 2092 2537 2173 instmmentis,
2596 2100 2667 2160 et

566 2195 797 2262 multis
854 2195 1019 2263 aliis.
1133 2193 1278 2262 Nec
1327 2199 1429 2262 est
1477 2195 1763 2262 intentio
1814 2214 1963 2262 mea
2014 2195 2327 2262 suscitare
2375 2201 2665 2261 vestram

563 2295 996 2379 clementiam,
1067 2301 1150 2364 ut
1221 2317 1340 2384 per
1394 2297 1788 2370 violentiam
1849 2296 2217 2387 corrigatur
2288 2297 2661 2376 multitude,

561 2421 682 2466 neo
744 2399 964 2488 capita
1035 2399 1539 2482 multitudinis3
1626 2419 1748 2466 nec
1830 2399 2009 2486 quod
2075 2417 2197 2486 ego
2276 2399 2665 2466 contendam

560 2523 710 2568 cum
760 2504 889 2585 cis3
959 2503 1078 2570 sed
1145 2523 1273 2592 ago
1342 2503 1430 2568 ad
1445 2499 1474 2541 ⁸
1521 2501 1663 2570 haec
1708 2507 1977 2591 propter
2038 2521 2264 2568 causas
2336 2505 2620 2588 quatuor
2638 2501 2666 2538 ⁴

563 2605 920 2690 praedictas.
1071 2604 1162 2672 Et
1259 2605 1316 2670 si
1398 2605 1640 2670 vestrae
1737 2605 2085 2692 sapientiae
2161 2601 2416 2692 placcat
2488 2603 2663 2690 quod

563 2705 1140 2788 communicentur,
1206 2707 1419 2794 primo
1481 2711 1758 2793 possunt
1816 2707 2145 2794 sapientes
2200 2707 2483 2795 recipere
2551 2727 2665 2772 ex-

561 2809 858 2898 emplar-3
932 2809 1169 2876 deinde
1227 2809 1551 2898 paulatim
1595 2810 1987 2897 quicumque
2047 2809 2231 2890 velit,
2298 2813 2379 2877 ut
2441 2809 2665 2878 nullus

563 2918 846 3001 cogatur.
938 2912 1032 2979 Et
1087 2917 1312 2979 tamen
1359 2913 1493 2979 seio
1539 2913 1716 2999 quod
1775 2933 1999 2980 omnes
2057 2914 2307 2980 vellent
2356 2915 2660 3001 occipere,

565 3016 681 3082 sed
737 3034 873 3083 non
931 3034 1156 3082 omnes
1207 3014 1296 3081 ad
1347 3016 1572 3081 omnia
1628 3019 1787 3081 sunt
1844 3016 2045 3104 digni.
2138 3016 2208 3082 Ν
2210 3036 2318 3083 am
2374 3016 2661 3104 specula-

563 3118 724 3185 tivoe
797 3116 1090 3185 scientiae
1147 3121 1423 3211 possunt
1478 3116 1660 3183 tradi
1730 3118 2021 3196 cuilibet,
2082 3122 2161 3184 ut
2218 3118 2659 3207 grammatica,

564 3219 920 3288 secundum
949 3224 1235 3307 quatuor
1271 3220 1551 3307 linguas,
1583 3220 1913 3301 Latinam,
1944 3219 2312 3299 Hebraeam,
2346 3221 2659 3298 Graecam,

561 3330 630 3389 ct
679 3323 1080 3404 Arabicam3
1149 3326 1219 3387 et
1276 3322 1504 3409 logica,
1569 3328 1639 3389 et
1680 3323 2000 3388 naturalis
2061 3321 2473 3409 philosophia
2514 3323 2662 3387 vul-

561 3430 736 3514 gata,
786 3431 856 3492 et
899 3423 1366 3511 metaphysica,
1421 3429 1490 3490 et
1533 3426 1809 3491 scientia
1853 3424 2197 3511 alchymiae
2242 3424 2660 3510 speculativa,

562 3533 632 3595 et
703 3529 987 3614 quatuor
1060 3527 1540 3593 mathematicoe
1610 3527 2049 3613 speculativae,
2122 3531 2192 3592 et
2254 3526 2665 3612 perspectiva

564 3629 992 3718 speculativa,
1040 3634 1110 3695 et
1167 3628 1492 3694 naturalis
1550 3626 1981 3716 philosophia,
2028 3632 2097 3693 et
2154 3626 2383 3693 multae
2448 3627 2596 3694 aliae
2619 3626 2667 3708 ;⁶

563 3731 682 3797 sed
733 3730 852 3795 ubi
901 3734 1056 3796 sunt
1106 3750 1347 3796 arom
1391 3734 1650 3796 naturae
1698 3734 1769 3795 et
1814 3728 2059 3795 atium
2110 3730 2442 3817 magnalia
2456 3724 2484 3765 ⁶
2526 3752 2664 3796 non

564 3832 880 3899 deberent
927 3832 1105 3898 tradi
1153 3828 1589 3913 multitudini,
1638 3852 1789 3919 quse
1832 3830 2041 3899 nescit
2085 3832 2191 3899 uti
2238 3831 2498 3913 talibus,
2546 3832 2663 3899 sed

559 3938 773 4028 magis
817 3940 1040 4005 omnia
1086 3938 1429 4026 pervertit.

624 4354 640 4383 ¹
662 4352 920 4419 mum]
957 4352 1102 4415 sicut,
1120 4352 1184 4404 Β.
1727 4355 1745 4384 ⁴
1767 4366 1944 4403 cama-⁹
1961 4351 2195 4418 quatuor]
2234 4358 2443 4417 quatuor
2474 4366 2661 4410 causas,

625 4432 647 4465 ²
663 4432 992 4498 wadum]
1041 4432 1410 4500 inquirendum,
1452 4444 1555 4483 cor.
1661 4434 1722 4485 Τ.

560 4517 616 4561 to
645 4512 985 4575 quarendmn,
1017 4510 1078 4564 B.
1727 4514 1748 4543 ⁶
1772 4508 1910 4577 alioe]
1947 4524 2047 4561 om.
2080 4510 2142 4561 B.
2177 4508 2239 4560 Τ.

626 4588 987 4656 manau,
1726 4588 2399 4658 mammmmnm,
2432 4586 2495 4639 B.

2688 1273 2808 1323 Had
2830 1279 2976 1338 spent

2688 1355 2829 1390 more
2850 1341 2972 1390 than

2690 1405 2869 1466 2‚oool.
2885 1406 2941 1456 in

2690 1473 2770 1522 his
2792 1487 2871 1523 re-

2688 1539 2929 1592 και-οδω.
