3517 5750
710 867 906 953 xxv]
1446 880 1621 931 orus
1662 882 1986 932 1113111111.
2718 870 2804 935 89

706 1056 952 1121 durant
1003 1052 1122 1140 qui
1172 1053 1393 1121 sciunt
1439 1054 1743 1135 multum,
1793 1060 1872 1121 ut
1923 1054 2444 1141 sapientissimus
2495 1054 2690 1119 homo
2739 1054 2811 1118 in

705 1158 929 1224 studio
989 1178 1189 1223 sacrae
1252 1156 1628 1243 Scripturas,
1706 1157 1821 1243 qui
1876 1177 2220 1242 nunquam
2285 1154 2522 1221 habuit
2587 1176 2812 1242 parem

708 1282 750 1326 a
790 1263 1085 1346 tempore
1129 1262 1503 1325 sanctorum
1564 1257 1639 1323 in
1698 1259 1898 1324 litera.
1959 1257 2358 1345 corrigenda,
2424 1262 2496 1323 et
2557 1258 2812 1345 exposi-

707 1362 891 1428 tione
930 1382 1161 1427 sensus
1201 1360 1496 1427 literalis.
1587 1360 1719 1425 Sed
1764 1382 1886 1426 nos
1925 1381 2152 1426 sumus
2195 1380 2586 1426 successores
2631 1382 2814 1426 sanc-

706 1469 930 1530 torum
974 1466 1045 1528 ct
1087 1462 1619 1549 philosophorum
1667 1464 1737 1528 et
1798 1463 2174 1549 sapientum
2235 1462 2679 1548 antiquorum,
2743 1468 2814 1529 ct

708 1566 857 1631 ideo
902 1565 1215 1631 debemus
1258 1564 1423 1630 scire
1466 1564 1550 1629 de
1592 1565 1841 1652 linguis
1903 1563 2080 1652 quod
2145 1585 2405 1630 necesse
2471 1569 2574 1630 est
2640 1563 2814 1631 sicut

710 1669 876 1755 ipsi3
919 1672 1039 1733 aut
1080 1667 1182 1732 illi
1224 1667 1499 1734 fuerunt
1542 1667 1735 1732 stulti
1780 1671 1847 1733 et
1892 1688 2012 1733 nos
2058 1667 2406 1754 sapientes,
2455 1666 2632 1753 quod
2675 1686 2814 1733 non

709 1775 811 1837 est
855 1769 1213 1835 fatendum.

800 1872 1049 1938 Beatus
1094 1871 1547 1958 Hieronymus
1600 1876 1979 1956 persecutus
2023 1880 2124 1937 est
2167 1870 2546 1959 linguarum
2594 1870 2810 1936 diver·
2838 1880 2910 1933 St.
2925 1882 3016 1933 Je-

712 1975 977 2040 sitatem
1039 1994 1159 2060 per
1222 1973 1519 2059 regiones
1565 1972 1876 2051 orientia,
1946 1977 2017 2039 et
2084 1972 2318 2039 dentes
2385 1994 2536 2038 suos
2597 1972 2814 2059 aptari
2837 1948 3018 2080 ἓξὲξ
3039 1963 3117 2065 {ff

712 2075 909 2155 feeit‚¹
959 2079 1039 2141 ut
1080 2074 1467 2141 anhelantia,
1507 2074 1717 2140 verba
1760 2073 2094 2153 formaret,
2126 2074 2301 2140 sicut
2329 2074 2468 2162 ipse
2511 2078 2812 2140 testatur.
2838 2080 2942 2130 this
2965 2096 3044 2131 re·

714 2176 969 2244 Deinde
1010 2178 1069 2243 si
1110 2176 1477 2243 nesciamus
1517 2176 1810 2263 aliquam
1855 2174 2190 2241 rationum
2233 2175 2626 2263 linguarum,
2674 2175 2818 2262 qui-
2840 2154 2993 2211 ΨΜ·

711 2280 835 2345 bus
876 2280 981 2345 usi
1024 2284 1185 2345 sunt
1224 2280 1436 2344 sancti
1480 2283 1550 2344 et
1568 2278 1595 2315 ³
1656 2276 2028 2364 philosophi
2070 2281 2140 2342 et
2181 2282 2412 2364 poetae,
2460 2281 2530 2342 et
2593 2298 2817 2343 omnes

712 2382 1039 2469 sapientes
1081 2382 1156 2446 in
1198 2380 1459 2467 scriptis
1500 2380 1653 2459 suis,
1702 2380 1908 2445 etiam
1952 2400 2074 2465 pro
2117 2384 2296 2444 certo
2349 2378 2593 2444 erimus
2621 2380 2816 2445 vacui

712 2508 757 2549 a
798 2483 1125 2570 sapientia
1168 2486 1563 2560 sanctorum,
1629 2485 1699 2547 et
1740 2480 2284 2568 philosophorum
2327 2486 2398 2546 et
2442 2479 2816 2567 sapientum

716 2584 1059 2664 omnium3
1101 2584 1257 2670 quia.
1297 2605 1419 2649 nec
1460 2584 1679 2670 legere
1722 2603 1844 2649 nec
1897 2582 2271 2670 intelligere
2332 2582 2696 2669 poterimus
2739 2604 2818 2648 ea.

715 2708 865 2773 quae
938 2690 1230 2751 tractant
1301 2686 1553 2752 diffuse.
1690 2685 1784 2751 Et
1854 2684 1976 2749 hoc
2049 2685 2253 2771 probo
2327 2706 2445 2771 per
2519 2685 2820 2772 exempla

714 2793 1087 2854 sanctorum
1145 2786 1509 2866 manifesta,
1589 2792 1659 2853 et
1726 2786 1964 2875 magni
2029 2786 2266 2853 erroris
2323 2786 2503 2873 apud
2576 2787 2816 2876 vulgus

710 2891 1163 2978 theologorum
1224 2897 1493 2978 propter
1556 2891 2002 2978 ignorantiam
2062 2890 2482 2978 linguarum3
2553 2891 2669 2956 ubi
2727 2891 2818 2956 ad

716 2993 1119 3058 evidentiam
1149 3013 1375 3058 eorum
1419 3014 1569 3079 quse
1614 2991 1778 3070 dioc,
1809 2991 1998 3078 posui
2043 2991 2470 3079 alphabetum
2516 2991 2816 3060 Graecum

714 3101 784 3161 et
829 3094 1212 3174 Hebraeum,
1261 3097 1331 3158 et
1373 3093 1600 3179 aliqua
1661 3093 1959 3159 notanda
2019 3093 2192 3160 circa
2253 3094 2376 3159 hoc
2437 3115 2557 3180 pro
2617 3095 2814 3160 intel-

712 3197 887 3262 lectu
930 3195 1395 3283 exemplorum.
1516 3195 1609 3261 Et
1653 3217 1816 3282 puer
1858 3195 1904 3261 J
1909 3215 2154 3261 oannes
2204 3197 2397 3261 novit
2439 3196 2674 3262 melius
2715 3197 2816 3261 in-

716 3297 1009 3385 telligere
1062 3297 1223 3376 haec,
1255 3296 1571 3384 exempla,
1630 3297 1937 3384 quamvis
1991 3297 2131 3362 sint
2183 3296 2569 3382 theologica,
2618 3319 2820 3383 quam

714 3421 937 3466 omnes
998 3397 1289 3486 theologi
1351 3399 1467 3484 qui
1518 3403 1677 3465 sunt
1736 3399 2010 3465 lectores
2072 3403 2142 3464 et
2205 3399 2500 3464 doctores
2559 3398 2634 3462 in
2699 3399 2819 3466 hoc

716 3502 982 3568 mundo.
1073 3499 1331 3566 Poterit
1360 3503 1585 3566 autem
1614 3505 1840 3566 vestra
1881 3499 2094 3586 gloria
2122 3499 2398 3585 probare
2427 3497 2819 3584 sapientiam

708 3604 977 3689 juvenis
1020 3603 1095 3669 in
1138 3603 1263 3668 hac
1305 3607 1512 3689 parte.
1629 3603 1723 3669 Et
1767 3602 1970 3668 affero
2037 3601 2200 3666 alias
2267 3599 2558 3666 rationes
2591 3600 2820 3688 'hujus

716 3705 834 3784 rei,
902 3727 1181 3790 quarum
1255 3703 1555 3771 ordinem
1627 3705 1798 3770 forte
1873 3725 2008 3770 non
2081 3703 2308 3782 recolo,
2408 3724 2528 3769 nec
2599 3703 2820 3770 forsan

718 3827 991 3888 omnes3
1038 3806 1152 3872 sed
1194 3807 1363 3873 bene
1381 3819 1391 3828 '
1406 3807 1541 3873 scio
1586 3807 1765 3894 quod
1809 3829 1945 3872 una
1989 3809 2107 3885 est,
2155 3805 2334 3894 quod
2377 3809 2525 3872 tota
2567 3807 2822 3895 sapien-

719 3909 821 3974 tia
864 3907 1252 3975 Latinorum
1298 3908 1651 3996 theologiae
1712 3913 1784 3975 et
1839 3908 2270 3998 philosophiae
2331 3908 2659 3976 translata
2719 3915 2821 3977 est

716 4011 799 4077 de
840 4011 1131 4099 linguis3
1179 4016 1249 4076 et
1290 4009 1434 4077 haec
1476 4032 1671 4076 causa
1713 4016 1816 4076 est
1858 4011 2053 4077 valde
2096 4011 2410 4094 notanda,
2453 4012 2612 4100 quia.
2657 4012 2822 4080 Hie-

716 4134 1033 4200 ronymus
1104 4113 1256 4179 vult
1330 4112 1407 4178 in
1495 4113 1702 4179 libr0⁸
1781 4113 1884 4180 De
1939 4113 2210 4200 Optimo
2291 4115 2542 4183 Genere
2603 4115 2820 4182 Inter-

713 4215 1039 4302 pretandi,
1072 4215 1249 4301 quod
1290 4236 1428 4280 non
1470 4219 1689 4302 potest
1729 4237 1865 4281 una.
1906 4215 2138 4304 lingua.
2165 4218 2448 4304 exprimi
2475 4241 2594 4305 per
2620 4219 2822 4286 aliam

746 4525 752 4530 “
782 4531 799 4564 ¹
821 4533 991 4598 aptari
1031 4532 1191 4598 fecit]
1246 4533 1449 4598 aptavit,
1496 4533 1556 4584 Τ.
1626 4534 1721 4588 See
1821 4534 1980 4600 Epist.
2002 4535 2066 4586 ad
2086 4534 2482 4596 Pammachium‚
2504 4533 2590 4584 De
2607 4533 2818 4599 Optimo,

720 4609 793 4661 St.
818 4609 1067 4663 Jemme’s
1087 4611 1242 4664 Praef.
1262 4611 1319 4663 111
1340 4613 1539 4665 Daniel.
1824 4614 1916 4663 &c-
1955 4613 2008 4663 11.
2051 4618 2164 4663 381.
2201 4613 2262 4664 Β.
2303 4615 2382 4665 ed.
2419 4611 2632 4674 Emmi,
2672 4616 2817 4663 1528.

785 4689 806 4718 ¹
825 4688 899 4754 et]
936 4703 1035 4741 om.
1070 4689 1133 4742 Τ.
1823 4691 1888 4740 111
1938 4689 2024 4741 the
2079 4691 2296 4756 original
2351 4692 2394 4742 it
2445 4691 2616 4742 nands
2657 4691 2816 4746 thusz

785 4768 806 4798 ⁸
827 4765 975 4834 libro]
1045 4767 1224 4822 ultimo
1280 4769 1427 4836 libro,
1470 4770 1532 4824 Τ.
1628 4771 1723 4823 See
1835 4767 2034 4825 Videbis
2052 4769 2262 4823 ordinem
2284 4767 2555 4832 ridiculum,
2579 4771 2670 4824 διο.
