3517 5750
578 870 658 957 1.]
1250 884 1717 937 commumoni
1760 884 2014 939 swnn.
2560 878 2691 943 403

574 1067 803 1129 tamen
844 1062 1280 1150 adimpletum
1324 1068 1426 1130 est
1452 1086 1469 1144 ;
1530 1063 1689 1149 quia
1732 1064 1905 1129 sicut
1945 1063 2326 1151 prophetice
2371 1064 2688 1151 scriptum

574 1164 719 1246 fuit,
768 1166 861 1231 sio
924 1166 1277 1232 recitatum
1340 1165 1731 1253 prophetice,
1799 1169 2118 1252 tanquam
2173 1172 2534 1233 venturum
2599 1168 2689 1234 sit

575 1270 933 1334 secundum
1006 1266 1443 1334 intentionem
1503 1268 1828 1357 Apostoli,
1890 1290 2011 1335 nec
2069 1290 2188 1334 suo
2233 1274 2529 1357 tempore
2573 1272 2687 1337 ad-
2768 1305 2774 1311 ·

574 1371 939 1457 impletum.
1050 1370 1238 1437 Sicut
1288 1390 1409 1436 nos
1451 1370 1707 1451 scimus,
1771 1390 1906 1436 non
1965 1372 2179 1437 solum
2225 1394 2268 1437 a
2311 1373 2522 1459 longe,
2571 1372 2688 1439 sed

573 1494 775 1560 prope
825 1494 963 1553 nos,
991 1473 1290 1561 regiones
1334 1472 1536 1539 maris
1580 1492 1719 1539 esse
1763 1494 1913 1559 quse
1959 1474 2034 1539 in
2079 1494 2248 1560 puro
2300 1474 2686 1561 paganismo

574 1574 789 1642 adhuc
839 1582 1195 1655 remanent,
1228 1576 1467 1663 quibus
1510 1596 1854 1663 nunquam
1903 1576 2036 1641 fuit
2087 1576 2536 1663 praedicatum,
2567 1597 2687 1643 nec

574 1676 787 1765 legem
830 1678 960 1745 Dei
1003 1683 1434 1766 receperunt3
1518 1682 1599 1744 ut
1655 1683 1815 1744 sunt
1857 1676 2145 1745 Ponteni
2207 1684 2277 1744 et
2337 1676 2680 1756 Lecewini,

573 1784 645 1846 et
716 1780 831 1847 alii
904 1781 1119 1862 multi,
1197 1781 1314 1867 qui
1385 1785 1753 1867 sequuntur
1827 1780 1994 1846 fines
2065 1780 2498 1847 Alemanniae.
2593 1780 2686 1846 Et

572 1902 711 1949 non
754 1882 961 1949 distat
1004 1882 1399 1971 principium
1450 1888 1776 1950 terrarum
1819 1882 2084 1949 illarum
2132 1904 2173 1949 a
2212 1882 2520 1960 Parisius,
2551 1882 2683 1948 nisi

496 2070 501 2073 Ι
573 1996 896 2072 quantum
941 1984 1193 2069 Roma3
1268 1992 1337 2055 et
1382 1990 1541 2053 sunt
1584 1986 1838 2072 majora
1879 2006 2086 2074 regna
2131 2006 2330 2073 quam
2371 1982 2680 2051 Aleman-

572 2089 703 2155 niae
776 2094 847 2157 et
908 2088 1207 2157 Franciae
1280 2094 1351 2157 et
1426 2088 1816 2176 Hispaniae3
1891 2090 2064 2157 sicut
2126 2086 2682 2156 certitudinaliter

568 2192 1176 2279 comprehendimus
1218 2210 1337 2280 per
1378 2193 1675 2258 homines
1718 2190 1850 2259 fide
1897 2191 2144 2279 dignos.

658 2294 841 2361 Deus
884 2297 1149 2382 quidem
1210 2300 1479 2383 propter
1538 2314 1725 2361 suam
1778 2293 2147 2361 bonitatem
2209 2293 2560 2375 infinitam,
2609 2299 2680 2360 et
2704 2301 2818 2383 θοᾷ
2840 2305 3011 2372 delays

569 2397 1135 2485 longanimitatem
1210 2397 1570 2484 sapientiae,
1655 2419 1792 2463 non
1869 2398 2098 2464 statim
2191 2398 2389 2484 punit
2468 2418 2675 2484 genus
2697 2372 2902 2490 ξ’ῃᾚῗ·

568 2499 947 2581 humanum,
996 2502 1112 2566 scd
1156 2499 1383 2565 differt
1426 2499 1809 2579 vindictam,
1861 2500 2228 2587 usquedum
2274 2500 2677 2585 compleatur

566 2602 901 2688 iniquitas,
953 2625 1101 2689 quae
1149 2624 1282 2668 non
1326 2605 1546 2689 potest
1588 2622 1709 2667 nec
1769 2602 1968 2667 debet
2027 2603 2302 2667 ulterius
2348 2602 2674 2667 sustineri.
2713 2608 2718 2612 ’

570 2704 655 2769 In
702 2704 939 2771 Genesi
985 2704 1161 2771 enim
1206 2705 1499 2792 legimus,
1567 2706 1746 2791 quod
1789 2705 2007 2771 noluit
2049 2712 2212 2770 tunc
2257 2704 2412 2769 dare
2459 2703 2677 2769 Patri-

567 2806 779 2871 archis
823 2812 1067 2873 terram
1124 2808 1526 2895 promissam,
1604 2808 1760 2894 quia
1805 2808 2100 2872 nondum
2164 2806 2486 2894 completa
2545 2805 2677 2871 fuit

568 2909 883 2994 iniquitas
918 2910 1447 2991 Amorraeorum;
1494 2910 1610 2976 sed
1662 2911 1927 2996 quando
1978 2909 2264 2998 perfecta
2318 2909 2466 2987 fuit,
2515 2913 2676 2974 tunc

565 3033 682 3100 per
723 3013 895 3079 filios
940 3013 1147 3080 Israel
1207 3033 1495 3102 egressos
1562 3014 1644 3078 de
1689 3013 1986 3100 AEgypto
2047 3011 2413 3100 flagellavit
2467 3012 2674 3078 incre-

568 3114 755 3181 dulos
798 3121 867 3181 et
908 3116 1233 3203 indignos.
1344 3115 1479 3182 Sed
1520 3137 1657 3181 non
1710 3115 2186 3182 exterminavit
2227 3116 2458 3182 statim
2502 3115 2674 3180 filios

569 3217 775 3284 Israel
818 3223 1177 3305 peccantes,
1245 3219 1401 3285 licet
1461 3219 1848 3285 multotiens
1907 3219 2242 3304 corripuit.
2333 3217 2466 3284 Sed
2523 3223 2672 3282 tan-

566 3319 719 3385 dem
764 3321 1023 3407 expulit
1070 3341 1179 3386 eos
1222 3321 1512 3387 finaliter
1563 3321 1647 3386 de
1690 3324 1871 3387 terra
1925 3320 2018 3385 eis
2063 3321 2238 3400 data,
2287 3324 2358 3385 et
2401 3319 2675 3384 transie-

564 3427 724 3487 runt
798 3422 871 3487 in
949 3424 1403 3510 captivitatem
1464 3423 1866 3510 Babylonis3
1942 3427 2012 3488 et
2084 3421 2437 3508 castigatos
2511 3423 2675 3486 satis

565 3524 805 3590 iterum
850 3522 1119 3591 reduxit
1160 3527 1233 3591 in
1275 3531 1521 3592 terram
1574 3545 1780 3606 suam,
1829 3525 2035 3590 donec
2083 3523 2492 3589 confirmatio
2542 3522 2674 3588 fuit

568 3629 837 3713 peccati,
888 3635 959 3694 et
1014 3628 1323 3716 apparuit
1380 3627 1706 3694 Dominus
1765 3626 1814 3693 J
1815 3647 1964 3693 esus
2026 3626 2347 3704 Christus,
2407 3630 2490 3691 ut
2565 3625 2675 3692 de-

563 3735 849 3796 strueret
898 3737 1234 3818 peccatum
1294 3731 1663 3816 antiquum,
1711 3735 1783 3797 et
1835 3729 2124 3796 remedia
2189 3730 2378 3795 daret
2445 3733 2674 3796 contra

562 3853 739 3899 nova
779 3834 963 3901 vitia.
1026 3833 1117 3900 Et
1161 3835 1395 3921 elapsis
1440 3834 1631 3900 annis
1674 3831 2108 3921 indulgentiae
2160 3832 2417 3899 circiter
2469 3833 2672 3918 quad-

560 3936 841 4023 raginta,
888 3937 1171 4024 perfidos
1210 3937 1259 4004 J
1260 3937 1483 4004 udaeos
1535 3939 1805 4004 omnino
1855 3936 2237 4023 reprobavit
2281 3957 2399 4024 per
2443 3935 2672 4002 Titum

564 4035 1055 4127 Vespasianum,
1089 4040 1247 4126 quia
1290 4041 1619 4128 completa
1660 4041 1792 4106 fuit
1834 4047 1996 4106 tunc
2039 4040 2362 4126 iniquitas
2399 4039 2450 4106 J
2451 4040 2669 4106 udaeo-

559 4163 721 4208 rum.
812 4142 923 4208 Sic
967 4144 1085 4208 diu
1129 4165 1278 4209 cum
1308 4144 1537 4208 multis
1581 4144 1794 4209 modis
1839 4149 1907 4208 et
1951 4143 2356 4229 temporibus
2397 4141 2674 4208 diversis

563 4245 745 4311 Deus
790 4246 1105 4333 corripuit
1158 4251 1227 4313 et
1285 4247 1570 4312 correxit
1616 4246 1949 4311 ecclesiam
2001 4265 2203 4312 suam.
2297 4244 2432 4312 Sed
2497 4267 2672 4310 nunc
2760 4327 2768 4336 ⁸

564 4347 720 4434 quia
778 4348 1100 4435 completa
1144 4354 1246 4415 est
1288 4347 1545 4415 malitia
1604 4347 1964 4426 hominum,
2021 4351 2281 4435 oportet
2335 4340 2512 4434 q‘uod
2555 4369 2671 4433 per

562 4451 888 4536 optimum
949 4451 1215 4539 Papam,
1264 4457 1333 4518 et
1375 4471 1493 4538 per
1538 4451 1864 4538 optimum
1908 4451 2287 4537 principem,
2350 4455 2670 4535 tanquam

562 4553 783 4640 gladio
850 4555 1177 4621 materiali
1236 4555 1581 4642 conjuncto
1655 4551 1880 4642 gladio
1945 4551 2274 4640 spirituali
2351 4555 2670 4640 purgetur

562 4654 875 4738 ecclesia3
938 4663 1058 4723 aut
1101 4657 1275 4743 quod
1319 4679 1436 4744 per
1480 4655 1982 4734 Antichristum,
2031 4655 2140 4720 vel
2201 4675 2318 4741 per
2380 4655 2668 4739 aliquam

562 4757 1077 4839 tribulationem,
1123 4765 1203 4826 ut
1262 4781 1381 4847 per
1424 4759 1816 4828 discordiam
1867 4759 2237 4844 principum
2300 4755 2665 4825 Christian-

2192 4877 2234 4926 ο
2263 4875 2305 4925 o
2349 4861 2391 4923 2
