3517 5750
862 918 993 983 436
1624 926 1886 977 nocam
1933 926 2226 977 BAOOmS
2797 914 2982 1001 [cu.

862 1105 1047 1171 labas
1120 1104 1193 1170 in
1268 1102 1573 1181 Hebraeo‚
1640 1122 1778 1169 vox
1851 1124 2009 1169 vero
2085 1100 2302 1169 divisa
2372 1123 2510 1167 non
2579 1102 2782 1169 habet
2847 1102 2982 1169 nisi

864 1214 1013 1275 tree-
1106 1206 1417 1293 Quinque
1458 1226 1617 1271 vero
1661 1204 1876 1271 literae
1919 1205 1992 1271 in
2039 1206 2308 1271 nomine
2351 1204 2750 1292 patriarchae
2793 1211 2977 1285 sunt,

856 1310 995 1399 jod,
1042 1306 1179 1387 ein,
1224 1306 1395 1389 reeh,
1440 1306 1658 1393 aleph,
1704 1306 1971 1374 lamth.
2063 1306 2198 1373 Sed
2241 1306 2316 1373 in
2377 1306 2595 1393 prima
2659 1308 2978 1387 dictione,

866 1413 1115 1481 scilicet
1154 1412 1229 1477 in
1274 1411 1397 1478 hac
1440 1410 1727 1476 dictione
1771 1406 1840 1477 ie
1881 1414 2040 1477 eunt
2083 1414 2236 1487 tren,
2283 1408 2534 1475 scilicet
2575 1408 2798 1497 aleph,
2831 1409 2980 1495 jod,

868 1515 989 1581 ein
1011 1542 1039 1597 ;
1086 1516 1158 1581 in
1202 1514 1489 1581 secunda
1530 1518 1690 1579 sunt
1732 1511 1906 1593 reeh,
1951 1510 2170 1599 aleph,
2215 1510 2296 1578 he
2316 1536 2344 1592 ;
2390 1512 2466 1577 in
2509 1512 2715 1579 tertia
2755 1512 2976 1599 aleph,

870 1616 1121 1685 lamth
1148 1642 1179 1697 ,·
1222 1637 1372 1704 quae
1414 1620 1575 1681 sunt
1626 1617 1791 1693 octo,
1861 1614 1923 1681 si
1987 1614 2077 1679 ad
2139 1612 2425 1679 invicem
2493 1618 2978 1702 computentur.

872 1721 1004 1787 Hse
1076 1740 1235 1785 vero
1285 1722 1573 1805 quatuor
1624 1716 1919 1782 rationes
1965 1720 2248 1803 sumptae
2303 1715 2512 1802 juxta
2559 1714 2786 1783 literas
2841 1716 2979 1783 He-

868 1824 1079 1889 braeas
1124 1824 1285 1888 sunt
1312 1820 1508 1887 valde
1552 1818 1906 1900 mirabiles,
1937 1838 2061 1885 nec
2091 1817 2567 1905 intelligibiles,
2597 1820 2730 1883 nisi
2771 1818 2976 1885 homo

870 1927 1039 1993 sciat
1083 1921 1623 2010 orthographiam
1670 1920 2044 1988 Hebraeam.
2167 1920 2342 2001 Quia
2383 1920 2526 1989 haec
2599 1920 2984 1987 differentia

872 2050 1009 2094 non
1052 2030 1270 2115 posset
1312 2024 1601 2091 inveniri
1660 2024 1733 2089 in
1801 2022 2028 2111 aliqua
2093 2044 2254 2089 voce
2319 2022 2562 2089 Latina
2627 2023 2984 2109 conjuncta

874 2136 945 2195 et
994 2130 1223 2210 divisa,
1272 2128 1443 2194 sicut
1488 2126 1916 2192 manifestum
1961 2130 2063 2193 est
2105 2125 2546 2193 consideranti
2589 2126 2710 2190 hae
2775 2127 2982 2191 ratio—

872 2254 993 2299 nes
1036 2236 1107 2299 et
1179 2232 1346 2299 tales
1389 2250 1597 2311 voceS,
1662 2234 1743 2295 ut
1809 2232 1914 2295 est
1965 2227 2353 2315 respublica
2395 2234 2466 2295 et
2511 2228 2859 2307 dominus,
2907 2234 2984 2295 et

872 2336 1006 2402 alia
1093 2334 1585 2421 qualiacunque.
1738 2330 2000 2398 Deinde
2066 2354 2184 2419 per
2250 2331 2538 2417 quinque
2627 2332 2786 2397 alias
2873 2354 2984 2397 ra-

872 2440 1089 2505 tiones
1131 2437 1255 2503 hoc
1299 2438 1475 2503 idem
1518 2434 1797 2523 probat3
1871 2434 2116 2501 scilicet
2161 2434 2638 2499 derivationem
2695 2434 2984 2501 nominis

874 2564 993 2628 per
1064 2540 1114 2607 J
1116 2538 1428 2626 osephum
1470 2538 1547 2604 in
1602 2536 1820 2625 primo
1885 2534 2404 2622 Antiquitatum,
2479 2558 2598 2623 per
2661 2536 2979 2615 Graecum,

878 2666 995 2731 per
1070 2642 1451 2721 Hebraeurn,
1526 2662 1647 2727 per
1720 2639 1938 2725 ipsum
2013 2644 2278 2705 textum
2349 2638 2682 2705 Latinum.
2801 2638 2982 2704 Nam

876 2744 1101 2811 omnia
1144 2746 1285 2811 haec
1328 2744 1619 2832 quinque
1680 2741 2061 2809 discordant
2105 2742 2192 2806 ab
2250 2741 2794 2829 interpretatione
2835 2742 2980 2821 hac,

890 2848 1022 2916 Vir
1064 2846 1299 2914 videns
1340 2846 1583 2928 Deum,
1632 2850 1701 2914 et
1750 2842 1924 2910 nihil
1987 2849 2184 2912 sonat
2249 2842 2381 2910 nisi
2431 2844 2786 2933 principari
2829 2866 2982 2911 cum

877 2953 1036 3028 Deo,
1068 2949 1177 3016 vel
1206 2951 1455 3036 aliquid
1498 2949 1727 3016 simile.
1807 2947 1982 3029 Quia
2021 2947 2094 3012 in
2125 2947 2416 3014 Hebraeo
2461 2949 2555 3014 sic
2583 2949 2980 3026 continetur,

889 3051 1244 3121 Vocaberie
1317 3052 1370 3116 I
1364 3051 1542 3118 eracl
1564 3073 1593 3130 ,·
1702 3051 2014 3138 quoniam
2081 3049 2138 3115 si
2213 3050 2620 3136 principatus
2693 3073 2762 3116 es
2827 3072 2982 3116 cum

876 3157 1037 3234 Dec,
1094 3155 1233 3221 sive
1278 3159 1505 3220 contra
1550 3153 1789 3230 Deum,
1835 3153 1906 3216 in
1951 3152 2066 3218 illa
2108 3150 2287 3218 lucta
2331 3151 2692 3239 spiritualis
2739 3153 2983 3219 oratio-

876 3259 984 3325 nis
1038 3280 1238 3344 quam
1281 3256 1521 3324 habuit
1571 3277 1719 3322 cum
1768 3255 1926 3332 Dec,
1974 3255 2047 3320 in
2091 3275 2371 3341 persona
2437 3255 2674 3342 angeli,
2739 3255 2983 3342 princi-

874 3361 1134 3450 paberis
1196 3364 1427 3426 contra
1469 3358 1790 3435 homineS,
1851 3355 2102 3422 scilicet
2176 3361 2408 3423 contra
2467 3355 2648 3422 Esau
2705 3357 2982 3423 fratrem

873 3471 1082 3530 tuum.
1172 3462 1265 3527 Et
1314 3461 1464 3527 ideo
1494 3459 1739 3526 dicitur
1787 3458 1862 3524 in
1913 3457 2174 3536 Latine,
2205 3457 2356 3524 Rex
2397 3465 2480 3524 tu
2493 3483 2518 3524 .·
2573 3457 2844 3524 Genesis
2873 3481 2980 3526 cae

874 3567 1089 3653 pitulo
1117 3564 1329 3630 xxxii.
1346 3562 1517 3650 [28].
1582 3569 1619 3597 “
1636 3559 2090 3648 Nequaquam,
2123 3559 2364 3646 inquit,
2385 3559 2596 3627 Jacob
2625 3561 2986 3647 appellabi-

876 3675 913 3703 “
956 3673 1073 3732 tur
1124 3687 1365 3732 nomen
1392 3669 1603 3742 tuum,
1636 3662 1753 3728 sed
1784 3660 2026 3742 Israel3
2071 3662 2382 3748 quoniam
2413 3662 2471 3727 si
2501 3668 2733 3728 contra
2762 3663 2980 3728 Deum

876 3777 913 3804 “
956 3768 1145 3834 fortis
1188 3767 1397 3844 fuisti,
1442 3769 1694 3851 quanto
1757 3763 1968 3851 magis
2031 3767 2262 3830 contra
2323 3763 2620 3830 homines
2661 3767 2980 3852 praevale-

878 3877 915 3904 “
958 3869 1063 3933 bis
1086 3867 1158 3934 2''
1232 3866 1599 3952 Principari
1644 3866 1819 3931 enim
1865 3870 2096 3931 contra
2141 3866 2374 3944 Deum,
2425 3871 2496 3932 et
2537 3867 2776 3932 fortem
2823 3890 2977 3947 esse,

873 3975 946 4036 et
988 3970 1363 4056 praevalere,
1410 3969 1590 4033 idem
1652 3972 1895 4033 sonant
1947 3968 2022 4034 in
2073 3989 2162 4033 re.
2269 3967 2448 4033 Nam
2491 3970 2668 4034 ratio
2715 3970 2979 4057 imposi-

872 4071 1076 4137 tionis
1111 4071 1398 4136 nominis
1427 4090 1563 4135 non
1602 4075 1706 4136 est
1734 4069 1904 4136 visio
1936 4069 2080 4150 Dei,
2101 4069 2216 4135 sed
2246 4070 2615 4157 principari,
2649 4071 2757 4138 vel
2787 4073 2980 4138 fortis

872 4196 1029 4253 esse,
1071 4173 1180 4239 vel
1224 4171 1581 4259 praevalere
1610 4177 1841 4238 contra
1871 4171 2108 4252 Deum,
2149 4172 2585 4258 spiritualiter
2627 4177 2851 4239 tamen
2879 4175 2982 4240 in-

876 4274 1248 4364 telligendo,
1370 4274 1465 4339 Et
1526 4275 1621 4340 sic
1682 4273 2011 4340 derivatio
2077 4273 2380 4352 neminie,
2427 4285 2496 4340 et
2543 4275 2862 4357 Graecum,
2911 4285 2981 4344 et

874 4381 924 4447 J
926 4378 1204 4467 osephufl
1234 4378 1643 4444 concordant.
1734 4375 1870 4443 Sed
1915 4381 2182 4464 propter
2227 4376 2626 4444 brevitatem
2671 4383 2980 4459 transe03

876 4483 1035 4569 quia
1078 4480 1402 4570 expositio
1464 4479 1660 4568 plena
1718 4476 1918 4564 hujus
1979 4477 2386 4544 difficultatis
2445 4479 2730 4565 requirit
2793 4501 2979 4568 mag-

872 4607 1032 4651 nam
1122 4583 1433 4650 notitiam
1508 4581 1816 4650 Hebraeae
1911 4581 2378 4668 grammaticoe,
2470 4587 2798 4668 quantum
2887 4584 2980 4649 ad

876 4708 1164 4774 praesens
1204 4708 1344 4753 non
1390 4684 1596 4752 debeo
1646 4705 1769 4750 nec
1809 4683 2000 4750 valeo
2044 4683 2382 4770 explicare.
2475 4683 2780 4750 Moderni
2819 4707 2980 4754 vero

872 4789 1185 4874 theologi,
1234 4785 1599 4855 Hebraeum
1640 4785 2042 4876 ignoranteS,
2087 4789 2321 4853 tenent
2362 4785 2980 4875 interpretationem
