3517 5750
622 900 923 991 xxvm]
1395 921 1572 970 opus
1615 920 1944 973 mmmm.
2599 908 2728 974 103

620 1100 691 1161 et
732 1116 867 1161 non
906 1094 1035 1161 nisi
1076 1095 1235 1181 quin.
1276 1094 1537 1179 judicat
1575 1095 1912 1184 pulchrius
1957 1114 2096 1161 esse
2144 1094 2402 1175 melius,
2433 1101 2504 1161 et
2554 1097 2732 1181 quod

620 1202 723 1263 est
788 1197 1021 1263 melius
1068 1201 1171 1263 est
1235 1197 1445 1285 magis
1496 1197 1886 1285 eligendum.
1981 1198 2160 1285 Ergo
2209 1198 2291 1263 de
2343 1200 2731 1265 necessitate

620 1320 783 1386 puer
810 1299 1033 1387 arguit
1084 1299 1177 1366 sic
1214 1300 1391 1388 apud
1438 1322 1547 1367 se:
1594 1302 1774 1387 quod
1815 1305 1920 1367 est
1966 1300 2302 1387 pulchrius
2345 1307 2448 1367 est
2475 1301 2730 1382 melius,

621 1407 691 1467 et
740 1403 919 1489 quod
962 1408 1065 1469 est
1107 1404 1341 1469 melius
1391 1408 1496 1469 est
1538 1404 1747 1491 magis
1795 1403 2213 1489 eligendum3
2263 1426 2418 1490 ergo
2463 1426 2731 1491 pomum

620 1504 953 1591 pulchrius
988 1510 1091 1571 est
1140 1507 1351 1593 magis
1378 1504 1799 1595 eligendum.¹
1895 1506 1988 1573 Et
2040 1510 2266 1573 tamen
2309 1506 2528 1572 nescit
2571 1506 2733 1592 quid

617 1614 891 1675 vocetur
958 1614 1459 1697 argumentum,
1441 1633 1456 1649 ·
1542 1632 1625 1674 ex
1686 1630 1820 1695 quo
1880 1609 2214 1675 concludit
2273 1614 2502 1676 auctor
2551 1611 2731 1695 quod

621 1710 815 1779 homo
844 1712 1067 1798 arguit
1094 1734 1137 1777 a
1160 1716 1403 1779 natura
1444 1712 1585 1777 sine
1632 1711 2022 1777 difficultate
2052 1716 2122 1777 et
2150 1712 2388 1779 labore.
2483 1711 2580 1777 Et
2610 1713 2730 1779 hoc
2753 1731 2845 1782 Au
2869 1748 2986 1785 men

618 1818 803 1900 patet
848 1834 965 1901 per
1010 1815 1376 1881 rationem:
1432 1815 1590 1900 quia
1618 1815 1832 1880 omnis
1875 1814 2072 1881 homo
2121 1815 2343 1880 reddit
2389 1836 2612 1881 causas
2659 1822 2729 1881 et
2751 1815 2967 1919 ηζὸωξυ

620 1916 905 1983 rationes
970 1916 1315 1995 dictorum,
1402 1921 1473 1983 et
1560 1915 1879 1983 factorum
1961 1939 2250 1999 suorum,
2347 1922 2416 1983 et
2509 1940 2726 1984 rerum
2968 1885 3017 1934 y

621 2024 909 2102 aliarum,
953 2025 1026 2089 in
1072 2024 1313 2111 quibus
1365 2024 1760 2090 exercitatus
1813 2030 1928 2090 est.
2023 2024 2155 2091 sed
2199 2024 2322 2091 hoc
2382 2024 2529 2091 fieri
2589 2046 2726 2090 non

620 2130 840 2212 potest
886 2125 1014 2192 nisi
1071 2148 1191 2213 per
1248 2132 1753 2213 argumentum3
1827 2126 1984 2213 quia
2041 2130 2506 2213 argumentum
2568 2126 2727 2193 facit

620 2226 817 2293 fidem
866 2226 948 2294 de
996 2250 1067 2295 re
1116 2228 1321 2295 dubia
1362 2250 1479 2315 per
1522 2228 2032 2316 assignationem
2061 2248 2272 2295 causae
2323 2233 2392 2294 et
2436 2229 2727 2295 rationis.

622 2329 753 2395 Sed
826 2331 1007 2417 quod
1080 2330 1385 2397 omnibus
1472 2336 1707 2397 notum
1768 2335 1886 2411 est,
1945 2329 2242 2396 noscitur
2317 2330 2726 2397 naturaliter.

622 2429 819 2512 Quod
878 2435 1054 2499 enim
1122 2432 1427 2499 omnibus
1500 2432 1868 2499 individuis
1928 2432 2218 2519 ejusdem
2279 2432 2515 2520 speciei
2575 2454 2730 2497 con-

618 2536 819 2613 venit,
852 2539 1115 2623 oportet
1153 2536 1331 2622 quod
1373 2535 1772 2601 naturaliter
1819 2534 1914 2601 eis
1956 2535 2308 2601 conveniat
2338 2560 2352 2599 ε
2404 2540 2484 2600 ut
2524 2536 2730 2623 gemi-

618 2641 733 2702 tus
777 2636 1209 2719 infirmorum,
1240 2644 1311 2705 et
1337 2638 1617 2705 latratus
1648 2660 1900 2719 canum,
1933 2642 2004 2703 et
2041 2637 2375 2703 calefactio
2423 2638 2680 2725 ignium
2709 2662 2727 2717 3

621 2744 689 2805 et
720 2740 812 2805 sic
854 2740 937 2807 de
968 2739 1287 2817 omnibus,
1320 2744 1400 2805 ut
1443 2744 1647 2828 patet.
1740 2740 1834 2805 Et
1862 2740 2251 2805 Aristoteles
2279 2740 2404 2807 hoc
2431 2738 2612 2819 dicit,
2647 2743 2726 2804 ut

618 2841 836 2929 patet²
888 2843 1123 2930 quinto
1176 2841 1609 2910 Ethicorum.3
1698 2842 1794 2908 Et
1839 2864 2066 2910 omnes
2113 2843 2410 2910 homines
2461 2864 2725 2930 respon-

620 2943 781 3011 dent
810 2947 893 3012 ad
921 2945 1085 3012 falsa
1112 2967 1231 3033 per
1272 2945 1709 3034 negationem,
1743 2949 1815 3012 et
1843 2945 1928 3012 ad
1965 2945 2168 3012 malas
2203 2946 2724 3032 consequentias,

622 3069 771 3133 quae
850 3051 1175 3115 vocantur
1250 3047 1541 3128 fallaciae,
1603 3046 1880 3113 dicendo
1941 3049 2128 3133 quod
2201 3070 2338 3114 non
2421 3047 2724 3134 sequitur

620 3155 889 3237 propter
940 3150 1139 3216 talem
1192 3150 1301 3215 vel
1347 3149 1549 3216 talem
1598 3171 1876 3216 causam.
1970 3149 2174 3216 Unde
2217 3149 2372 3216 lieet
2400 3149 2551 3214 laici
2589 3170 2725 3214 non

618 3251 911 3318 habeant
947 3251 1266 3320 vocabula
1316 3249 1545 3339 logicae
1597 3251 1838 3338 quibus
1884 3251 2100 3316 cleriei
2147 3255 2449 3331 utuntur,
2501 3256 2726 3316 tamen

619 3353 865 3420 habent
916 3375 1067 3420 suos
1117 3355 1345 3420 modos
1372 3353 1671 3420 solvendi
1719 3375 1914 3418 omne
1963 3356 2422 3438 argumentum
2473 3350 2724 3416 falsum.

620 3455 713 3521 Et
770 3457 921 3522 ideo
973 3457 1291 3524 vocabula.
1337 3456 1476 3524 sola
1522 3457 1883 3544 logicorum
1937 3453 2254 3520 deficiunt
2305 3453 2504 3534 leticia,
2552 3451 2726 3517 non⁴

622 3559 763 3645 ipsa
831 3559 1106 3627 scientia
1164 3559 1411 3646 logicoe.

710 3661 805 3726 Et
854 3658 1026 3728 hoc¹⁵
1078 3661 1321 3728 iterum
1382 3660 1702 3748 probatur
1749 3681 1868 3748 per
1917 3659 2056 3736 hoc,
2119 3658 2296 3745 quod
2343 3677 2492 3724 cum
2537 3677 2728 3722 omne
2751 3666 2914 3735 Logia
2944 3685 3059 3736 pre·

622 3763 802 3850 quod
847 3764 929 3829 fit
988 3764 1069 3830 de
1114 3783 1289 3831 novo
1333 3768 1589 3842 notum,
1632 3763 1716 3828 fit
1765 3767 2001 3828 notum
2053 3781 2172 3848 per
2219 3759 2462 3840 notiuS,
2519 3759 2729 3825 ibitur
2752 3753 3038 3856 {zm-

621 3865 695 3930 in
736 3865 1096 3947 infinitum,
1126 3865 1185 3931 si
1232 3865 1507 3954 logicam
1555 3887 1689 3932 non
1729 3865 2013 3930 sciamus
2057 3862 2461 3930 naturaliter.
2551 3861 2727 3929 Nam
2752 3880 2865 3922 nate
2887 3887 2948 3936 pr
2947 3873 3026 3922 in-

620 3968 677 4032 si
722 3969 847 4034 fiat
886 3967 1079 4034 nobis
1123 3973 1287 4035 nota
1338 3967 1420 4034 de
1461 3990 1655 4048 now,
1686 3973 1848 4034 tunc
1885 3989 2002 4054 per
2042 3965 2335 4052 aliquam
2387 3965 2726 4032 scientiam
2750 3939 2988 4056 {3}ssOE

620 4071 811 4137 nobis
868 4075 1095 4137 notam
1135 4070 1335 4158 prius,
1367 4076 1436 4136 et
1464 4069 1579 4135 illa
1616 4091 1735 4156 per
1780 4069 1992 4147 aliam,
2023 4074 2094 4135 et
2121 4069 2212 4135 sic
2250 4069 2324 4135 in
2351 4069 2690 4134 infinitum
2712 4073 2926 4150 310d803

625 4174 802 4258 quod
832 4195 967 4239 non
1000 4177 1219 4260 potest
1264 4195 1417 4239 esse.
1528 4173 1747 4254 Quare
1801 4171 2111 4238 standum
2161 4176 2264 4238 est
2307 4171 2392 4238 ad
2435 4169 2726 4258 aliquam

622 4275 981 4357 scientiam,
1058 4297 1207 4363 quae
1270 4275 1359 4342 sit
1424 4280 1589 4342 nota
1660 4275 2100 4354 naturaliter3
2191 4274 2305 4340 sed
2357 4273 2538 4340 nulla
2605 4279 2722 4352 est,

628 4499 2718 4514 *W*

689 4639 706 4672 ¹
730 4656 839 4708 “9⁰
871 4677 1079 4702 ·····
1126 4643 1281 4710 ”⁸09ss
1333 4641 1618 4711 aagendam]
1793 4643 1812 4672 ²
1833 4638 2146 4706 Ethicorum]
2184 4655 2233 4691 v.
2265 4642 2342 4693 10.

626 4735 727 4774 om·
750 4723 814 4776 T.
1791 4723 1811 4752 ⁴
1833 4719 1954 4786 non]
1991 4727 2042 4770 et
2071 4735 2188 4780 non,
2219 4719 2282 4770 B3

688 4803 709 4832 ²
732 4799 973 4868 περαίη]
1011 4817 1111 4855 om.
1148 4801 1211 4856 B.
1231 4803 1285 4856 U
1663 4831 1671 4848 ι
1794 4801 1814 4830 ⁸
1834 4799 1948 4864 hoc]
1985 4813 2084 4850 om.
2117 4799 2180 4849 Τ.
