3517 5750
523 831 668 922 x1.]‚
1192 847 1654 900 courmmtm
1697 847 1951 900 srunn.
2492 837 2619 901 511

519 1029 788 1114 propter
828 1047 964 1092 non
1008 1029 1110 1092 est
1151 1025 1492 1104 instantia,
1525 1026 1684 1112 quia
1725 1023 1970 1092 abusus
2012 1025 2364 1094 modernus
2405 1027 2629 1116 posuit

521 1149 554 1194 c
597 1129 672 1194 in
715 1128 1091 1214 hujusmodi
1135 1127 1486 1196 vocalibus.
1647 1118 1654 1128 ¹

610 1229 770 1296 Tres
843 1251 998 1296 vero
1060 1230 1382 1318 prosodiae
1454 1238 1777 1300 vocantur
1848 1232 2029 1320 apud
2103 1231 2381 1312 Graemn,
2444 1231 2625 1314 οωὶα,
2652 1246 2890 1300 Accents.

523 1332 740 1414 baa-ia,
805 1337 876 1399 et
941 1331 1436 1420 pem-immi,
1519 1333 1644 1402 hoo
1719 1341 1823 1402 est
1896 1339 2109 1416 muta,
2185 1337 2424 1422 gravis,
2502 1335 2627 1402 oir-

521 1433 860 1516 cumflexa,
957 1441 1028 1504 et
1105 1435 1420 1502 dicuntur
1485 1439 1631 1502 toni
1705 1439 1778 1503 in
1856 1437 2085 1506 Graeoo
2144 1437 2391 1504 scilieet
2457 1437 2623 1520 ooeis,

521 1538 724 1616 baris,
794 1537 1313 1625 perisponwm.
1449 1538 1542 1606 Et
1630 1539 1734 1606 hae
1795 1541 1952 1607 solae
2018 1541 2343 1627 prosodiae
2387 1562 2624 1608 vodan-

520 1646 634 1708 tur
706 1641 883 1728 apud
955 1661 1076 1707 nos
1130 1648 1451 1720 aooentus,
1519 1642 1678 1728 quia
1737 1643 2110 1708 evidentior
2152 1647 2255 1710 est
2298 1649 2627 1727 aooantus,

521 1750 591 1812 et
661 1745 986 1810 sonoritas
1056 1744 1467 1810 manifestior
1553 1743 1658 1809 his
1741 1767 1941 1831 quam
2008 1745 2176 1810 aliis.
2314 1744 2407 1810 Et
2478 1747 2627 1814 ideo

519 1847 686 1914 bene
757 1851 1223 1933 comparantur
1267 1847 1488 1914 tertiae
1531 1847 1926 1913 dimensioni
1987 1869 2135 1934 quae
2180 1849 2463 1934 complet
2510 1871 2627 1914 na-

519 1955 739 2016 turam
783 1948 1222 2016 dimensionis.
1345 1948 1478 2015 Sed
1521 1949 1899 2035 hujusmodi
1966 1949 2273 2036 prosodia
2342 1951 2627 2039 complet

519 2055 886 2122 tensionem
957 2055 1122 2121 soni.
1216 2055 1307 2120 Et
1381 2053 1693 2121 dicuntur
1766 2061 2040 2134 tenoreS,
2108 2055 2266 2142 quia
2339 2056 2626 2124 tendunt

520 2179 752 2224 sonum
825 2157 934 2223 vel
1005 2177 1280 2236 sursum,
1339 2158 1449 2222 vel
1523 2157 1845 2239 deorsum,
1908 2156 2019 2223 vel
2102 2159 2321 2224 medio
2412 2161 2624 2226 modo.

523 2259 722 2326 Unde
793 2259 946 2326 omis
1009 2279 1128 2326 seu
1193 2264 1424 2325 acutus
1499 2265 1804 2326 aooentus
1876 2260 2113 2346 incipit
2188 2261 2273 2326 ab
2348 2261 2481 2328 imo
2556 2266 2627 2328 et

518 2363 813 2430 aseendit
885 2361 958 2428 in
1031 2361 1244 2426 altum
1317 2363 1404 2428 ad
1479 2361 1750 2428 modum
1824 2361 2199 2428 lanoearum
2282 2367 2625 2430 acutarum

519 2469 894 2543 erectarum,
985 2469 1066 2530 ut
1149 2463 1640 2550 exemplificant
1734 2463 1963 2532 Graeci.
2098 2463 2191 2530 Et
2288 2471 2389 2532 est
2484 2468 2625 2553 ejus

519 2567 732 2655 figura
779 2567 887 2653 (l)
937 2586 1133 2652 super
1176 2565 1500 2652 syllabam
1529 2567 1748 2652 posita
1774 2566 1945 2632 talis.
2009 2565 2222 2632 Baris
2258 2589 2376 2634 seu
2403 2569 2627 2656 gravis

521 2677 593 2736 et
635 2669 1004 2756 ponderosa
1048 2668 1288 2754 incipit
1330 2669 1417 2734 ab
1483 2667 1624 2734 alto
1669 2674 1738 2734 et
1802 2669 2139 2734 deseendit
2206 2671 2293 2735 ad
2354 2671 2624 2738 modum

519 2774 618 2839 rei
661 2773 884 2860 gravis
927 2775 998 2836 et
1025 2769 1420 2857 ponderosae.
1485 2770 1843 2837 Desoendit
1872 2771 2051 2836 enim
2094 2772 2451 2838 secundum
2478 2774 2627 2840 lite-

518 2899 662 2943 ram
705 2882 948 2941 rectam
979 2897 1021 2941 a
1065 2896 1324 2941 sursum
1367 2875 1441 2939 in
1485 2873 1791 2941 deorsum
1828 2875 1923 2940 sio
1977 2878 2051 2963 (χ
2064 2873 2111 2964 ),
2160 2898 2307 2962 quae
2357 2878 2627 2963 ponitur

520 3000 715 3065 super
759 2978 1082 3064 syllabam
1127 2977 1497 3063 aliquando,
1587 2976 2073 3064 Persepomeni
2100 2980 2409 3066 prosodia
2450 3002 2623 3047 oom-

520 3081 794 3169 ponitur
866 3102 952 3147 ex
1027 3084 1222 3145 acuto
1297 3084 1369 3145 et
1441 3080 1650 3166 gravi,
1727 3087 1797 3145 et
1872 3080 2109 3167 incipit
2174 3082 2261 3148 ab
2312 3082 2621 3161 inferiori,

519 3183 874 3251 intendens
941 3182 1254 3268 superius,
1303 3181 1546 3246 iterum
1609 3180 1969 3247 inclinatur
2030 3183 2335 3249 deorsum
2370 3208 2387 3265 ;
2441 3186 2626 3271 eujus

517 3288 731 3373 figura
773 3290 875 3351 est
918 3284 1104 3371 quasi
1148 3284 1510 3370 oomposita
1552 3306 1636 3349 ex
1679 3282 1893 3370 figura
1936 3290 2147 3351 acutae
2189 3287 2511 3372 prosodiae
2555 3292 2625 3353 et

518 3388 740 3477 gravis
769 3388 877 3454 vel
905 3388 1120 3474 figura
1147 3386 1332 3471 quasi
1375 3385 1692 3471 superiori
1723 3391 1911 3472 parte
1940 3388 2165 3453 cirmili
2193 3387 2287 3453 sio
2320 3388 2477 3473 (Α).
2533 3390 2625 3455 Et

519 3492 646 3556 iste
707 3496 960 3576 septem
1025 3487 1344 3574 prosodiae
1389 3487 1670 3574 propriae
1723 3493 2047 3553 vocantur
2112 3511 2153 3553 a
2198 3489 2442 3556 Graeois
2476 3514 2493 3570 ;
2554 3496 2623 3557 et

518 3593 889 3659 formantur
933 3612 1157 3656 earum
1201 3590 1434 3676 figurae
1479 3612 1522 3653 a
1572 3590 1789 3654 tribus
1833 3589 2061 3671 literis,
2108 3590 2355 3657 scilieet
2398 3592 2621 3673 labda,

518 3694 714 3775 tlcita,
746 3700 816 3761 et
857 3691 978 3761 ita.
1069 3692 1136 3758 N
1139 3714 1248 3757 am
1281 3692 1424 3757 haee
1461 3680 1676 3779 figura
1717 3695 1791 3769 A,
1827 3714 1973 3777 quae
2018 3698 2121 3759 est
2162 3693 2367 3779 ipsius
2398 3694 2619 3775 labda,

517 3798 720 3863 habet
761 3797 836 3861 in
877 3817 947 3862 se
988 3800 1220 3861 notam
1265 3798 1476 3860 acutae
1519 3795 1839 3880 prosodiae
1883 3800 1953 3861 et
2007 3795 2245 3882 gravis.
2338 3794 2625 3863 Sinistra

515 3899 693 3966 enim
765 3898 908 3985 ejus
981 3920 1132 3984 pars
1207 3902 1308 3963 eet
1381 3900 1544 3961 nota
1616 3902 1847 3976 aoutae,
1924 3902 1995 3964 et
2069 3898 2305 3964 dextra
2377 3900 2617 3988 gravis.

519 4002 768 4089 Figura
812 4000 988 4065 onim
1032 3999 1188 4077 haeo,
1237 4020 1386 4085 quae
1443 4004 1544 4065 est
1587 4000 1793 4085 ipsius
1860 3998 2054 4078 mita,
2103 4007 2321 4088 potest
2385 4002 2625 4069 resolvi

517 4104 591 4169 in
633 4110 888 4191 partem
933 4102 1332 4188 superiorem
1395 4122 1514 4187 pro
1574 4106 1740 4167 nota
1800 4102 2123 4188 prosodiae
2169 4104 2619 4185 circumflexus,

517 4212 589 4272 et
653 4208 726 4270 in
791 4210 1048 4292 partem
1114 4203 1490 4269 inferiorem
1561 4224 1682 4290 pro
1747 4210 1913 4269 nota
1977 4205 2342 4283 brevitatis,
2408 4212 2477 4271 et
2551 4208 2625 4273 in

515 4309 778 4374 literam
850 4306 1356 4373 transversalem
1431 4326 1548 4391 pro
1619 4310 1783 4371 nota
1856 4305 2215 4394 longitatis.
2328 4306 2420 4373 Et
2482 4308 2623 4375 haeo

516 4410 730 4497 figura
799 4410 916 4496 (H)
985 4430 1132 4495 quae
1193 4406 1302 4474 ita
1354 4407 1611 4485 dicitur,
1669 4412 1891 4493 potest
1950 4408 2189 4474 resolvi
2249 4410 2320 4474 in
2364 4416 2621 4496 partem

517 4512 867 4591 sinistram,
916 4532 1062 4597 quae
1108 4516 1209 4575 est
1249 4510 1464 4597 figura
1507 4508 1736 4588 ἀααὶω,
1770 4514 1840 4576 et
1881 4510 1955 4575 in
1998 4516 2255 4598 partem
2297 4512 2617 4594 dextram,

517 4636 666 4701 quae
709 4618 812 4679 est
853 4613 1068 4699 figura
1112 4612 1316 4699 ipsius
1351 4610 1550 4699 peilst,
1597 4617 1678 4677 ut
1735 4612 1992 4677 dietum
2044 4616 2147 4677 est
2198 4614 2395 4701 prius.
2488 4616 2619 4684 Sed

517 4716 693 4803 apud
740 4714 1000 4783 Graeoos
1043 4736 1179 4781 non
1223 4716 1494 4801 ponitur
1537 4719 1701 4781 nota
1751 4714 1975 4803 gravis
2028 4722 2331 4783 aooentus
2372 4716 2503 4785 nisi
2544 4719 2618 4785 in
