3517 5750
1391 864 1569 915 orus
1612 864 1848 915 umus.
2541 852 2672 917 319

570 1039 912 1119 Graeciam,
954 1043 1025 1107 et
1096 1042 1344 1105 terram
1396 1038 1838 1117 Tartarorum,
1903 1043 1974 1103 et
2049 1038 2354 1104 civitates
2413 1038 2486 1104 in
2561 1040 2672 1121 eia,
2701 1042 2864 1121 what
2877 1058 2994 1109 90¹*-

565 1150 635 1211 et
674 1144 909 1209 melius
969 1162 1170 1228 quam
1213 1145 1511 1208 auctores
1578 1142 1707 1228 [et]
1773 1140 2012 1207 certius
2058 1140 2356 1228 loquitur
2402 1142 2485 1207 (16
2529 1142 2674 1207 istis
2699 1111 2950 1244 {32¹5}ss

568 1267 765 1333 quam
834 1247 917 1313 de
976 1244 1222 1311 nostris
1288 1243 1714 1331 regionibus3
1805 1248 1876 1309 et
1942 1266 2142 1328 quam
2209 1243 2531 1310 mirabilis
2575 1251 2677 1310 est
2705 1243 2881 1360 1¹⁸3&
2895 1244 2984 1295 the

567 1354 810 1414 natura
854 1352 1143 1435 quatuor
1183 1346 1537 1412 fluminum
1590 1344 1986 1411 exeuntium
2037 1347 2120 1413 de
2166 1345 2494 1414 ParadisO.
2589 1348 2678 1413 Et
2703 1324 3012 1427 :gimo-egoen-

567 1452 855 1517 maxime
884 1450 1085 1515 Nilus
1129 1454 1232 1515 est
1274 1448 1699 1514 admirandus
1744 1448 1924 1535 apud
1952 1448 2371 1537 philosophos
2400 1454 2676 1532 sanctos,
2701 1450 2836 1495 ’ΠΜ
2853 1444 2950 1494 5¹¹²·

569 1559 639 1620 et
683 1552 1111 1641 scripturam,
1159 1557 1230 1618 a
1274 1551 1625 1632 historiam
1670 1572 1829 1616 nam
1873 1550 2069 1616 multi
2113 1552 2271 1618 libri
2314 1552 2476 1619 facti
2521 1557 2678 1619 sunt
2703 1518 2922 1575 ⁹⁰⁸⁸¹¹²

570 1656 653 1721 de
698 1654 861 1721 Nilo
904 1654 1088 1737 solo;
1132 1659 1205 1719 et
1247 1653 1425 1740 quod
1468 1653 1864 1719 Aristoteles
1930 1651 2091 1720 fecit
2154 1655 2237 1720 de
2289 1676 2368 1721 eo
2430 1656 2676 1722 librum

570 1757 918 1844 specialem
946 1780 964 1837 ;
1025 1761 1095 1822 et
1140 1756 1405 1836 Seneca,
1438 1758 1508 1821 et
1552 1762 1776 1821 omnes
1821 1754 2194 1843 philosophi
2236 1760 2395 1824 ante
2425 1758 2679 1824 Aristo-

571 1860 788 1941 telem,
819 1880 1025 1945 usque
1068 1859 1155 1925 ad
1197 1859 1485 1945 primum
1527 1856 1609 1923 de
1656 1856 1926 1943 Septem
1971 1856 2406 1946 Sapientibus,
2437 1866 2678 1926 tracta-

572 1966 816 2027 verunt
859 1962 942 2027 de
988 1982 1079 2027 eo,
1190 1960 1282 2025 Et
1346 1960 1447 2025 illi
1494 1958 1609 2044 qui
1662 1959 1871 2024 secuti
1933 1964 2106 2038 sunt,
2172 1966 2252 2027 ut
2295 1960 2550 2027 Plinius
2613 1968 2682 2027 et

573 2064 731 2143 alii3
776 2070 845 2129 et
910 2064 1033 2129 hoc
1096 2067 1367 2149 propter
1436 2065 1657 2127 ortum
1702 2059 1864 2141 Nili,
1912 2062 2258 2128 decursum
2322 2071 2392 2130 et
2459 2064 2683 2130 decre-

572 2168 837 2247 menta;
904 2170 974 2230 et
1041 2164 1199 2251 quia
1258 2163 1557 2251 regiones
1602 2164 2029 2230 disterminat
2093 2172 2162 2232 et
2205 2165 2558 2245 foecundat,
2615 2170 2684 2231 et

572 2288 777 2353 aquas
818 2267 1045 2333 reddit
1085 2266 1555 2332 inhabitabiles
1599 2270 1870 2352 propter
1911 2266 2174 2353 frigoris
2240 2268 2579 2355 impetum,
2613 2272 2682 2333 et

572 2378 839 2460 propter
882 2372 1125 2439 multas
1185 2362 1638 2459 proprietates,
1684 2374 1953 2458 propter
2015 2394 2178 2458 quas
2223 2372 2399 2438 fiunt
2451 2374 2680 2460 magni

572 2474 729 2540 libri
774 2476 855 2541 de
900 2496 993 2541 eo.
1086 2474 1179 2539 Et
1207 2474 1357 2540 ideo
1386 2473 1570 2539 volui
1598 2494 1860 2539 causam
1908 2475 1990 2540 de
2035 2476 2158 2540 hoc
2200 2473 2408 2541 fluvio
2452 2479 2683 2542 texere

571 2582 714 2643 tam
778 2576 1071 2653 solemni,
1148 2581 1213 2640 et
1282 2574 1715 2641 nihilominus
1790 2576 1954 2641 alios
2027 2582 2328 2664 tangens,
2390 2582 2473 2642 ut
2539 2578 2682 2644 haec

568 2678 900 2765 persuasio
967 2676 1257 2763 requirit,
1325 2680 1395 2742 et
1455 2678 1786 2764 praecipue
1849 2678 1932 2743 (16
1993 2676 2040 2743 J
2043 2680 2305 2760 ordene,
2379 2684 2450 2744 et
2505 2680 2680 2744 Mari

574 2780 838 2847 Mortuo
882 2780 957 2843 in
1000 2778 1176 2865 quod
1219 2777 1397 2859 fluit,
1439 2779 1557 2844 ubi
1600 2780 1874 2845 fuerunt
1917 2780 2224 2847 civitates
2278 2781 2632 2847 submersae
2665 2807 2682 2861 ;

574 2885 657 2950 de
702 2883 939 2969 quibus
984 2881 1455 2947 certitudinem
1516 2901 1653 2946 non
1721 2882 1914 2969 potui
1977 2883 2156 2961 scire,
2221 2884 2353 2949 nisi
2415 2890 2686 2971 propter

572 2989 867 3053 vestrm
911 2983 1277 3071 imperium,
1310 2983 1467 3069 quia
1508 2984 1672 3048 alias
1711 2984 1976 3071 neglexi
2024 2985 2430 3052 considerare
2473 2986 2686 3052 multa

577 3109 725 3175 quae
766 3107 946 3152 nunc
988 3086 1137 3152 scio,

666 3188 1115 3256 Consideratio
1182 3207 1341 3254 vero
1370 3187 1375 3191 ’
1404 3187 1890 3254 mathematicae
1952 3193 2252 3275 respectu
2319 3189 2682 3278 theologiae,

575 3312 693 3378 per
737 3289 1165 3356 auctoritates
1208 3291 1601 3368 sanctorum,
1650 3288 1925 3375 pulchra
1969 3294 2088 3370 est,
2153 3295 2223 3355 et
2285 3291 2491 3378 digna
2533 3313 2685 3357 con-

575 3393 984 3473 sideratione,
1016 3396 1086 3457 et
1129 3392 1373 3474 facilis3
1418 3396 1491 3457 et
1533 3391 1674 3476 ejus
1718 3392 2126 3479 comparatio
2163 3391 2251 3456 ad
2291 3394 2567 3458 eandem
2611 3395 2684 3458 in

577 3501 827 3582 septem
872 3493 1204 3559 radicibus
1258 3492 1535 3580 magnis,
1600 3492 1848 3558 scilicet
1909 3494 1983 3558 in
2029 3493 2298 3572 coelesti,
2343 3493 2674 3575 videlicet,

576 3598 649 3662 in
692 3596 849 3662 locis
892 3595 1145 3676 mundi,
1176 3596 1251 3660 in
1279 3593 1709 3683 temporibus,
1741 3595 1813 3660 in
1841 3595 2260 3682 portionibus
2289 3599 2680 3683 temporum,

573 3699 647 3765 in
692 3699 981 3764 numeris
1024 3701 1095 3764 et
1134 3697 1381 3785 figuris,
1429 3699 1503 3764 in
1546 3697 1987 3776 musicalibus,
2052 3697 2256 3763 habet
2297 3698 2569 3785 pulchra
2613 3704 2684 3764 et

574 3801 771 3868 utilia
841 3797 1048 3866 valde.
1196 3799 1389 3865 Inter
1464 3822 1615 3887 quae
1688 3805 1790 3866 est
1864 3821 2074 3866 unum
2148 3798 2325 3887 quod
2401 3799 2683 3886 quilibet

574 3925 827 3990 semper
900 3901 1097 3967 debet
1169 3901 1409 3967 habere
1483 3925 1619 3988 prae
1671 3901 1994 3982 manibus,
2066 3903 2222 3989 quia
2293 3903 2680 3969 miraculum

574 4005 844 4072 videtur
886 4010 956 4069 et
1000 4024 1196 4090 super
1236 4003 1602 4092 humanum
1670 4004 2098 4086 intellectum,
2143 4007 2216 4070 et
2285 4009 2511 4071 tamen
2578 4010 2682 4071 est

575 4107 1009 4173 certissimum
1038 4130 1055 4187 ;
1098 4104 1359 4186 scilicet,
1390 4107 1473 4171 (16
1516 4106 1995 4192 magnitudine,
2033 4109 2104 4171 et
2141 4105 2576 4193 spissitudine,
2613 4111 2682 4172 et

576 4209 931 4274 altitudine
975 4207 1290 4273 coelorum
1336 4211 1405 4272 et
1434 4207 1793 4288 stellarum,
1829 4212 1910 4272 ut
1957 4208 2155 4274 homo
2203 4209 2369 4274 sciat
2413 4210 2486 4274 in
2532 4209 2678 4293 mil-

574 4311 863 4391 liaribus,
910 4314 982 4375 et
1024 4331 1142 4396 per
1185 4329 1583 4394 consequens
1650 4310 1723 4372 in
1792 4309 2004 4390 dietis,
2055 4316 2378 4396 quantum
2442 4316 2544 4377 est
2609 4311 2681 4375 in

579 4413 883 4478 omnibus
925 4412 1045 4476 his.
1139 4411 1273 4476 Hic
1318 4411 1495 4475 enim
1540 4433 1737 4497 super
1781 4412 2021 4491 omnia,
2070 4432 2218 4497 quae
2264 4413 2346 4476 de
2394 4412 2680 4499 philoso-

576 4514 734 4601 phia
799 4516 972 4595 sunt,
1041 4513 1549 4578 manifestantur
1593 4513 1893 4598 potentia
1937 4517 2006 4578 et
2048 4513 2374 4598 sapientia
2433 4512 2678 4578 divina.

578 4617 669 4682 Et
740 4616 866 4680 hoc
936 4614 1292 4681 invenietis
1372 4615 1447 4680 in
1532 4614 2019 4702 comparatione
2097 4635 2520 4680 numerorum
2593 4615 2680 4680 ad

577 4718 998 4808 theologiam.
1086 4717 1181 4784 Et
1207 4717 1562 4788 invenietis
1592 4715 2149 4785 considerationes
2183 4715 2506 4804 pulchras,
2535 4717 2682 4785 vul-
