3517 5750
1437 886 1613 939 orus
1656 886 1894 939 mus.
2586 870 2714 943 375

614 1058 845 1127 unicus
926 1059 1044 1147 qui
1127 1058 1361 1126 saltem
1451 1060 1687 1127 leviter
1777 1059 2036 1127 curabit
2097 1063 2168 1127 et
2239 1106 2692 1127 ........
2695 1060 2712 1098 ¹

612 1363 853 1449 partim
898 1365 1055 1428 sunt
1099 1364 1259 1449 apta
1300 1367 1575 1450 argento
1612 1368 1681 1430 et
1724 1382 1943 1451 cupro,
1987 1362 2267 1430 formam
2301 1366 2526 1429 tamen
2570 1363 2716 1431 auri
2733 1343 2882 1429 “rx-inl
2903 1380 2964 1431 of

612 1464 937 1550 recipiunt
1002 1462 1116 1527 sed
1176 1463 1652 1551 incompletam,
1696 1485 1818 1531 nec
1883 1468 1984 1531 est
2049 1468 2303 1531 coctum
2347 1466 2716 1533 decoctione
2737 1447 2989 1565 ffisshl

613 1584 763 1651 quae
806 1564 1083 1631 debetur
1124 1585 1285 1630 auro
1344 1566 1648 1653 perfecto,
1695 1568 1812 1633 sed
1855 1588 2003 1653 quae
2061 1568 2136 1631 in
2178 1572 2366 1654 parte
2411 1569 2714 1654 congruit
2739 1578 2870 1642 gold.

614 1670 890 1753 argento
932 1671 1001 1732 et
1059 1688 1273 1753 cupro.
1365 1668 1457 1732 Et
1514 1689 1633 1755 pro
1691 1670 1884 1734 tanto
1959 1667 2202 1735 dicitur
2259 1670 2426 1735 illud
2482 1690 2714 1735 aurum

616 1767 855 1834 habere
927 1768 1171 1855 gradus
1245 1768 1499 1854 aliquos
1573 1769 1834 1857 argenti
1906 1772 2017 1836 vel
2078 1772 2280 1857 cupri,
2357 1772 2457 1836 ita
2540 1773 2719 1858 quod

616 1890 852 1934 aurum
894 1874 1180 1956 quatuor
1221 1871 1544 1956 graduum
1588 1869 1678 1936 sit
1724 1871 2048 1957 optimum
2092 1872 2270 1958 quod
2312 1876 2534 1959 potest
2576 1872 2722 1937 fieri

617 1990 735 2057 per
806 1974 1127 2037 naturam.
1220 1969 1354 2037 Sed
1420 1990 1655 2037 aurum
1718 1992 1839 2058 per
1899 1970 2370 2059 magisterium,
2417 1973 2499 2037 ut
2561 1972 2726 2038 dicit

616 2071 975 2151 Avicenna,
1046 2072 1217 2137 libro
1284 2072 1389 2137 De
1451 2072 1717 2153 Anima,
1779 2077 1880 2140 est
1941 2074 2174 2139 melius
2235 2074 2542 2142 naturali.
2633 2073 2726 2139 Et

616 2173 921 2239 similiter
986 2178 1085 2239 est
1152 2192 1396 2259 magna
1458 2174 1836 2239 differentia
1896 2174 2074 2240 inter
2139 2175 2369 2240 modos
2429 2174 2578 2239 auri
2643 2175 2725 2240 de

616 2274 1011 2362 magisterio,
1074 2278 1143 2339 et
1206 2274 1531 2361 optimum
1594 2282 1695 2341 est
1756 2276 1934 2362 quod
1988 2274 2070 2341 fit
2137 2294 2254 2362 per
2315 2274 2486 2364 illud
2551 2276 2726 2362 quod

620 2380 720 2441 est
762 2376 1033 2461 aequalis
1076 2376 1559 2461 complexionis.
1654 2376 1746 2441 Et
1790 2378 2140 2463 prolongat
2181 2376 2394 2442 vitam
2421 2398 2439 2458 3
2483 2376 2729 2442 scilicet

618 2477 700 2542 de
744 2477 847 2541 his
890 2476 1102 2541 factus
1146 2481 1249 2541 est
1277 2496 1487 2541 senno
1532 2474 1714 2564 prius
1757 2478 1883 2543 sub
1926 2478 2298 2564 aenigmate,
2345 2481 2426 2542 ut
2467 2476 2728 2564 planius

618 2578 709 2642 sit
754 2577 826 2641 in
869 2580 1057 2664 parte
1100 2577 1339 2642 ultima
1382 2581 1709 2644 tractatus
1769 2598 1906 2643 non
1949 2578 2160 2644 solum
2204 2579 2541 2666 generatio
2584 2580 2729 2643 auri

618 2683 689 2744 et
749 2680 1179 2765 proprietates
1246 2679 1581 2745 naturales
1646 2683 1715 2745 et
1769 2680 2076 2745 conflatio
2151 2701 2227 2745 ac
2294 2679 2728 2767 proprietates

618 2785 689 2845 et
749 2779 993 2865 species
1056 2779 1453 2846 considerari
1516 2780 1726 2859 dictae,
1783 2781 1899 2846 sed
1961 2780 2263 2867 probatio
2327 2780 2470 2866 ejus
2531 2786 2726 2862 certa,

619 2903 827 2946 unum
872 2881 1050 2948 enim
1094 2886 1198 2947 est
1242 2884 1423 2966 quod
1489 2883 1792 2969 probatio
1849 2883 2188 2970 colligitur
2231 2882 2435 2969 ipsius
2499 2883 2730 2948 multis

620 2983 845 3049 modis.
936 2981 1114 3048 Nam
1159 2985 1469 3049 conflatio
1511 2983 1672 3050 facit
1717 2985 1804 3050 ad
1842 2986 1968 3050 hoc
1996 2989 2066 3050 et
2109 2983 2518 3071 operationes
2555 2984 2697 3070 ejus
2709 3009 2727 3065 ;

622 3083 779 3168 quia
820 3103 939 3172 per
982 3085 1397 3172 operationes
1441 3086 1808 3173 probantur
1847 3105 1963 3153 res.
2057 3086 2150 3153 Et
2193 3087 2296 3152 ita
2337 3091 2729 3152 mercatores

619 3183 765 3250 auri
809 3185 1061 3252 habent
1089 3205 1239 3252 suas
1281 3185 1703 3272 probationes
1732 3207 1852 3275 per
1881 3191 2092 3254 cotem
2135 3187 2245 3252 vel
2287 3205 2405 3274 per
2447 3191 2729 3254 careotes

618 3287 767 3351 auri
811 3288 900 3353 ad
942 3287 1067 3353 hoo
1108 3286 1330 3364 factas,
1378 3293 1459 3354 ut
1502 3289 1747 3356 sciatur
1783 3293 1948 3374 quot
1989 3288 2314 3374 graduum
2351 3288 2516 3367 auri,
2562 3293 2729 3373 quot

619 3390 895 3474 argenti,
942 3393 1011 3454 et
1062 3394 1227 3475 quot
1270 3391 1471 3477 cupri,
1514 3391 1624 3455 vel
1678 3391 1971 3454 habeant
2013 3407 2237 3455 omnes
2280 3387 2522 3474 gradus
2565 3390 2724 3453 auri.

622 3487 1005 3574 specialiter
1070 3491 1295 3555 tamen
1371 3491 1563 3556 docet
1635 3490 1978 3556 Avicenna
2051 3488 2430 3554 examinare
2502 3505 2725 3554 omnes

620 3588 847 3654 modos
909 3589 1053 3656 auri
1120 3591 1285 3678 puri.
1380 3591 1564 3657 Dicit
1624 3591 1836 3678 igitur
1895 3591 2128 3676 quinto
2187 3589 2358 3654 libro
2425 3587 2604 3673 quod
2663 3589 2722 3655 si

610 3690 903 3777 jactetur
966 3692 1039 3756 in
1103 3692 1343 3778 ignem,
1406 3697 1477 3758 et
1540 3711 1794 3779 semper
1857 3692 2144 3758 retineat
2186 3691 2465 3757 colorem
2507 3709 2716 3770 suum,

620 3797 781 3857 tunc
824 3796 930 3858 est
986 3815 1221 3858 aurum
1265 3815 1540 3873 verum3
1586 3794 1641 3858 si
1700 3816 1855 3875 non,
1916 3815 2053 3859 non
2111 3796 2213 3858 est
2270 3791 2535 3857 bonum.
2628 3791 2720 3856 Et

616 3893 673 3956 si
717 3892 883 3957 velis
925 3891 1087 3958 scire
1130 3915 1219 3958 an
1262 3893 1353 3960 sit
1395 3893 1697 3961 natm-ale
1726 3895 1836 3960 vel
1878 3893 1964 3960 ab
2007 3892 2306 3974 artificio,
2335 3897 2498 3958 tuno
2541 3892 2721 3958 solve

620 3993 835 4079 ipsum
880 4013 997 4080 per
1058 3995 1240 4076 sales,
1289 3997 1359 4062 et
1419 3997 1476 4062 si
1520 3997 1803 4063 solvitur
1861 4001 1963 4062 est
2019 3995 2101 4061 de
2145 3991 2538 4082 magisterio.
2629 3991 2722 4058 Et

621 4091 925 4160 similiter
965 4096 1020 4160 si
1062 4093 1381 4163 fundatur
1423 4101 1493 4162 et
1551 4097 1808 4164 ferveat
1851 4101 1952 4163 est
2003 4097 2086 4162 de
2129 4115 2286 4162 vero
2327 4094 2717 4182 magisterio,

622 4195 713 4261 Et
751 4197 969 4282 ipsum
1013 4197 1070 4263 si
1112 4197 1309 4264 facias
1366 4198 1701 4284 pulverem
1746 4201 1820 4264 et
1861 4216 2063 4286 ponas
2103 4193 2178 4262 in
2220 4196 2364 4263 vias
2407 4196 2716 4262 sublima-

686 4516 701 4545 ¹
726 4514 923 4566 curabit
973 4516 1046 4582 et]
1122 4517 1286 4568 These
1351 4531 1503 4568 ocem·
1566 4531 1622 4569 aa
1722 4518 1972 4580 however,
2011 4515 2197 4566 affor-ds
2228 4527 2296 4563 no
2332 4509 2606 4562 indication
2637 4509 2718 4561 for

624 4593 934 4646 catchwordn
980 4599 1034 4646 at
1084 4596 1173 4648 the
1209 4597 1401 4648 bottom
1436 4595 1499 4646 of
1536 4596 1621 4649 the
1720 4594 1958 4660 deeiding
2001 4591 2170 4644 which
2219 4591 2281 4642 of
2319 4589 2459 4642 theu
2489 4589 2716 4662 supposi-

620 4685 751 4738 μεθ
784 4672 844 4735 (f.
886 4677 949 4724 66
971 4675 1049 4738 b.)
1118 4673 1267 4726 Some
1296 4675 1463 4728 leave·
1492 4675 1621 4726 have
1720 4675 1856 4732 tione
1873 4673 1920 4729 is
1941 4677 2146 4728 correct.

619 4751 745 4801 been
767 4752 865 4804 lost
879 4765 955 4822 „or
972 4751 1310 4821 nugatur-ed
1322 4771 1339 4816 3
1380 4755 1467 4807 the
1489 4753 1619 4816 MS„
