3517 5750
818 804 949 871 468
1562 814 1822 869 nouum
1867 814 2161 867 memus
2739 798 2926 889 [car.

816 1002 1001 1061 retur
1048 994 1491 1083 interpretari,
1540 999 1621 1061 ut
1682 994 1996 1081 oportuit,
2051 992 2424 1060 deriserunt
2479 1014 2590 1059 me
2635 992 2928 1081 Hispani

817 1098 1139 1165 scholares
1196 1098 1341 1176 mei,
1392 1120 1435 1163 a
1488 1096 1731 1184 quibus
1791 1101 2024 1185 postea
2087 1096 2290 1162 didici
2347 1095 2528 1183 quod
2589 1116 2727 1161 non
2793 1096 2928 1163 fuit

816 1200 1195 1279 Arabicum,
1270 1205 1349 1266 ut
1430 1220 1655 1266 omnes
1730 1200 2032 1265 doctores
2113 1196 2412 1277 credunt,
2481 1198 2596 1265 sed
2676 1198 2926 1286 Hispa-

816 1324 1019 1381 num;
1064 1308 1134 1369 et
1174 1308 1277 1369 est
1328 1324 1551 1369 semen
1594 1302 2014 1389 cassilaginis.
2107 1300 2536 1367 Hermannus
2563 1300 2926 1367 tmislator

814 1404 1021 1471 mihi¹
1070 1406 1263 1471 dixit.
1372 1404 1465 1471 Et
1506 1405 1601 1471 sic
1643 1410 1745 1471 est
1791 1404 1874 1470 de
1915 1404 2066 1469 aliis
2111 1402 2722 1485 innumerabilibus,
2765 1404 2924 1470 licet

814 1508 939 1574 hoc
984 1507 1209 1573 Latini
1268 1507 1567 1573 doctores
1624 1506 1939 1585 nesciant,
1983 1528 2104 1573 nec
2161 1504 2692 1573 verecundantur
2763 1506 2920 1574 licet

812 1611 1121 1697 ignorent
1162 1608 1790 1696 interpretationes3
1832 1609 1992 1695 quia
2031 1608 2368 1675 aestimant
2395 1630 2534 1675 esse
2561 1608 2924 1675 Arabicum

814 1712 925 1779 vel
994 1713 1315 1791 Graecum,
1358 1716 1429 1777 et
1474 1712 1705 1778 dicunt
1750 1712 1932 1799 quod
1997 1716 2396 1779 excusantur
2459 1716 2734 1799 propter
2795 1712 2926 1777 lin-

814 1838 1097 1902 guarum
1139 1814 1603 1903 ignorantiam,
1633 1815 1792 1901 quia
1833 1814 1972 1881 haec
2001 1814 2380 1902 ignorantia
2407 1819 2512 1880 est
2539 1816 2922 1881 communis.

818 1918 921 1983 De
967 1939 1099 2005 qua
1142 1939 1337 1985 causa
1378 1922 1481 1983 est
1524 1916 1926 2004 perversitas
1991 1916 2448 1983 translationis
2509 1917 2802 1983 maxime
2845 1918 2926 1983 in

814 2020 1005 2087 libris
1048 2020 1435 2087 Aristotelis
1510 2022 1581 2085 et
1654 2018 1950 2085 scientiis
2007 2018 2168 2105 ejus,
2239 2040 2389 2106 quae
2457 2024 2618 2085 sunt
2681 2019 2922 2087 funda-

814 2127 1114 2189 mentum
1184 2123 1397 2189 totius
1470 2121 1679 2188 studii
1722 2122 2086 2209 sapientiae.
2205 2122 2426 2205 Quare
2493 2122 2610 2208 qui
2653 2122 2924 2210 ignorat

816 2224 960 2311 ejus
1024 2224 1295 2303 labores,
1374 2224 1447 2289 in
1507 2246 1754 2289 vanum
1821 2224 2082 2292 laborat
2143 2229 2214 2292 et
2287 2224 2482 2291 littus
2557 2229 2724 2305 arat,
2797 2247 2926 2291 nec

814 2350 1109 2414 unquam
1152 2330 1375 2414 potest
1418 2326 1493 2392 in
1536 2326 1685 2392 aliis
1728 2327 2120 2415 promoveri.
2215 2324 2327 2392 Sic
2371 2326 2716 2393 translatae
2759 2333 2924 2393 sunt

815 2436 885 2496 et
928 2430 1223 2497 scientioe
1268 2450 1661 2507 communes,
1708 2434 1792 2518 ut
1833 2428 2064 2516 logica,
2109 2430 2440 2496 naturalis
2483 2428 2920 2516 philosophia,

816 2533 1305 2613 mathematica,
1376 2536 1455 2598 ut
1520 2532 1745 2598 nullus
1811 2530 2112 2597 mortalis
2201 2530 2412 2617 possit
2469 2532 2726 2618 aliquid
2779 2534 2924 2621 dig-

818 2657 981 2701 num
1049 2636 1131 2700 de
1176 2634 1271 2701 eis
1357 2634 1731 2721 intelligere
1795 2633 2134 2713 veraciter,
2203 2634 2376 2699 sicut
2443 2655 2564 2721 ego
2609 2640 2924 2721 expertus

812 2760 961 2803 sum
1022 2736 1313 2803 omnino,
1448 2734 1626 2817 Quia
1692 2740 1764 2801 et
1827 2735 2058 2801 audivi
2121 2736 2475 2823 diligenter
2547 2736 2778 2823 plures,
2849 2742 2924 2803 et

810 2838 943 2925 legi
1006 2838 1156 2927 plus
1218 2860 1421 2924 quam
1494 2838 1679 2919 alius,
1750 2844 1830 2906 ut
1875 2859 2102 2906 omnes
2161 2838 2280 2926 qui
2337 2838 2582 2906 nutriti
2643 2844 2804 2906 sunt
2847 2840 2922 2906 in

817 2941 1043 3007 studio
1102 2963 1239 3008 non
1288 2941 1621 3028 ignorant.
1756 2941 1986 3010 Litera
2046 2942 2226 3009 enim
2285 2963 2408 3008 sua
2465 2946 2568 3008 est
2635 2943 2736 3010 ita
2783 2965 2924 3010 me-

812 3043 1046 3122 retriX‚
1096 3043 1279 3130 quod
1322 3043 1625 3110 solebant
1654 3045 1988 3131 sapientes
2033 3044 2266 3124 dicere,
2313 3045 2490 3132 quod
2533 3046 2810 3132 exponit
2851 3067 2924 3112 se

480 3174 759 3239 Squnbbloe
814 3145 1107 3226 cuilibet,
1158 3151 1227 3211 et
1270 3146 1345 3211 in
1390 3167 1651 3212 omnem
1696 3151 1958 3234 partem
2017 3147 2322 3228 vertitur,
2367 3169 2492 3214 nec
2535 3151 2636 3214 est
2679 3148 2920 3234 aliquis

478 3241 538 3290 of
552 3243 640 3292 the

818 3249 937 3338 qui
982 3271 1061 3316 ea
1104 3246 1415 3315 familiari
1472 3248 1819 3315 intellectu
1871 3255 2093 3336 potest
2137 3249 2440 3336 gaudere,
2495 3251 2610 3315 sed
2667 3250 2920 3315 labitur

478 3308 737 3426 3330
814 3373 857 3418 a
898 3352 1199 3439 quolibet
1276 3352 1416 3437 ejus
1482 3351 1789 3431 intentiO,
1865 3350 2038 3416 sicut
2111 3352 2406 3438 anguilla
2469 3351 2722 3418 lubrica
2777 3373 2916 3420 non

474 3441 797 3561 {ffigssssff
812 3461 1033 3542 potest
1076 3453 1291 3520 teneri
1335 3453 1641 3519 manibus
1700 3454 2136 3518 attrectantis.
2231 3453 2438 3540 Cujus
2467 3454 2674 3520 etiam
2703 3455 2916 3520 mani·

806 3558 979 3623 festa
1042 3556 1346 3644 probatio
1392 3561 1495 3622 est
1540 3555 1892 3621 diversitas
1957 3555 2360 3642 opinionum.
2475 3556 2650 3637 Quia
2707 3579 2915 3643 quan-

806 3665 1214 3744 tumcunque
1298 3657 1437 3722 sint
1524 3656 1807 3722 studiosi
1896 3655 2209 3736 homines,
2309 3663 2377 3724 et
2470 3657 2917 3725 desiderantes

806 3761 1157 3826 veritatem
1202 3759 1512 3837 scientiae,
1544 3758 1770 3826 nullus
1807 3759 2160 3825 concordat
2205 3779 2356 3825 cum
2399 3759 2546 3824 alio.
2661 3761 2798 3826 Sed
2840 3763 2914 3826 in

805 3882 943 3926 uno
990 3881 1189 3948 passu
1233 3881 1409 3925 unus
1452 3861 1618 3926 dicit
1661 3861 1802 3942 hoc,
1835 3866 1907 3927 et
1965 3859 2134 3927 alius
2187 3861 2606 3946 contrarium,
2667 3869 2738 3930 et
2779 3869 2916 3929 ter-

804 3963 943 4029 tius
1034 3959 1646 4043 contradictorium,
1697 3969 1768 4029 et
1839 3968 2115 4048 quartus
2203 3963 2557 4043 diversum,
2637 3970 2708 4030 et
2795 3965 2914 4030 alii

804 4062 1135 4150 quotlibet
1170 4063 1375 4149 juxta
1416 4084 1681 4129 sensum
1746 4085 1954 4130 suum.
2047 4063 2140 4130 Et
2205 4063 2330 4129 hoc
2403 4065 2607 4132 etiam
2651 4066 2910 4148 accidit,

805 4165 965 4252 quia
1001 4165 1195 4252 longe
1240 4165 1477 4244 minus,
1512 4171 1581 4232 et
1610 4166 1755 4232 sine
1799 4166 2302 4253 comparatione,
2335 4166 2545 4232 scitur
2587 4168 2797 4246 modo,
2829 4169 2914 4234 de

803 4267 1220 4355 philosophia
1283 4266 1667 4334 Aristotelis
1712 4289 1911 4354 quam
1973 4267 2358 4354 antiquitus.
2471 4267 2692 4350 Quare
2735 4291 2914 4335 nunc

802 4369 901 4434 nil
969 4369 1153 4436 aliud
1214 4373 1317 4436 est
1387 4369 1521 4436 nisi
1582 4369 1761 4456 quod
1821 4369 2104 4456 quilibet
2169 4390 2317 4436 cum
2363 4369 2494 4436 alio
2549 4373 2908 4453 contendit,
