3517 5750
876 822 967 887 84
1589 836 1851 887 nocam
1895 835 2190 888 mooms
2805 822 2980 910 [cir.
3099 906 3110 918 ι

544 1006 803 1061 chrisoen-
964 1007 1269 1075 Secunda
1314 1030 1507 1075 causa
1551 1031 1753 1097 quare
1801 1009 2064 1077 ostendi
2108 1008 2502 1095 sapientiam
2551 1014 2768 1076 totam
2811 1030 2984 1075 com-

536 1076 677 1193 {¹5ss
690 1076 848 1194 ’,Ἐξ
868 1112 1190 1197 prehendi
1232 1112 1307 1177 in
1348 1112 1493 1199 lege
1536 1112 1667 1177 Dei
1712 1112 2060 1198 utriusque
2113 1112 2521 1178 Testamenti
2574 1118 2679 1178 est
2726 1132 2979 1177 summe

540 1208 847 1325 3332ss
867 1212 1181 1293 notanda,
1210 1218 1283 1279 et
1320 1212 1493 1277 nihil
1530 1212 1605 1278 in
1646 1214 1916 1280 ecclesia
1957 1212 2088 1279 Dei
2131 1213 2280 1300 plus
2324 1213 2522 1280 debet
2564 1212 2980 1279 considerari.

538 1340 801 1393 contained
869 1312 1043 1394 Quia
1084 1314 1141 1381 si
1192 1314 1377 1397 fiant,
1424 1335 1573 1400 quae
1623 1337 1839 1397 narro,
1893 1320 2057 1381 tunc
2099 1319 2323 1381 totum
2389 1315 2686 1381 studium
2737 1314 2976 1380 rectifi-

537 1406 845 1533 &scapi-he
865 1416 1126 1482 cabitur
1170 1437 1287 1505 per
1338 1415 1643 1505 seipsum,
1696 1422 1768 1483 et
1818 1420 1966 1483 tota
2015 1416 2288 1481 ecclesia
2337 1422 2622 1504 regetur,
2679 1416 2853 1482 sicut
2905 1415 2977 1481 in

539 1537 760 1589 nebu-ew
864 1518 1273 1605 temporibus
1346 1524 1743 1599 sanctorum,
1821 1523 1891 1585 et
1962 1516 2084 1584 fiet
2157 1540 2294 1605 pax
2368 1517 2776 1599 universalia,
2835 1521 2976 1583 tam

538 1603 697 1671 9⁰¹³?
710 1621 829 1658 '⁸⁸-
868 1620 1045 1707 apud
1118 1618 1549 1687 eeclesiastica
1614 1620 1887 1707 negotia
1945 1642 2146 1707 quam
2205 1621 2388 1709 apud
2444 1621 2740 1709 regimen
2799 1619 2981 1707 prin-

868 1722 1088 1809 cipum
1154 1727 1225 1787 et
1282 1722 1615 1788 laicorum.
1724 1722 1818 1787 Et
1877 1721 2010 1787 nisi
2069 1744 2188 1811 per
2247 1726 2539 1789 vestram
2597 1722 2767 1787 fiant
2833 1721 2976 1787 haec

866 1823 1279 1911 sapientiam,
1320 1845 1459 1890 non
1510 1824 1703 1889 credo
1752 1823 1931 1910 quod
1981 1846 2278 1911 unquam
2328 1825 2508 1891 fient.
2601 1824 2692 1889 Et
2745 1827 2974 1889 tamen

866 1925 1331 2013 prophetatum
1380 1928 1482 1991 est
1526 1946 1569 1989 a
1620 1924 1854 1991 multis
1901 1926 2312 2013 temporibus
2361 1926 2540 2013 quod
2591 1946 2707 2013 per
2755 1945 2971 1989 unum

866 2026 1149 2115 Papam}
1206 2027 1451 2094 debent
1500 2026 1645 2093 fieri
1696 2048 1848 2114 quae
1899 2028 2224 2110 narrab03
2285 2034 2355 2094 et
2406 2027 2603 2095 debet
2661 2026 2775 2091 ille
2833 2047 2975 2091 esse

864 2130 1016 2195 istis
1074 2128 1494 2215 temporibus,
1557 2130 1729 2196 sicut
1773 2129 2048 2196 inferius
2108 2130 2321 2217 magis
2339 2128 2367 2167 ²
2423 2129 2780 2216 explicabo.
2883 2126 2976 2193 Et

873 2230 1053 2319 quod
1097 2232 1249 2297 volo
1300 2230 1515 2297 dicere
1576 2235 1691 2309 est,
1744 2232 1920 2317 quod
1972 2232 2266 2319 regimen
2311 2231 2597 2298 ecclesiae
2647 2230 2818 2297 sicut
2859 2252 2978 2318 per

872 2334 1085 2421 legem
1144 2334 1273 2399 Dei
1342 2333 1695 2419 regebatur
1768 2330 2144 2419 antiquitus
2219 2333 2400 2420 apud
2475 2332 2808 2411 Hebraeos,
2883 2332 2976 2397 sic

872 2436 1072 2501 debet
1132 2456 1270 2501 esse
1328 2456 1507 2499 nunc
1564 2434 1743 2521 apud
1806 2434 2233 2501 Christianos.
2327 2434 2419 2499 Et
2479 2434 2651 2499 sicut
2710 2434 2782 2499 in
2841 2433 2972 2520 pri-

872 2536 1113 2603 mitiva
1152 2535 1420 2602 ecclesia
1446 2537 1800 2623 regebatur
1840 2558 1957 2623 per
2005 2558 2165 2615 eam,
2214 2536 2306 2601 sic
2349 2557 2525 2601 nunc
2568 2534 2771 2601 habet
2817 2535 2970 2621 regi.

873 2637 964 2704 Et
1016 2638 1073 2703 si
1123 2644 1273 2704 tota
1321 2636 1647 2724 sapientia
1705 2643 1808 2704 est
1867 2638 1963 2703 ibi
2023 2637 2472 2729 principaliter
2531 2641 2845 2703 contenta
2903 2640 2972 2701 et

866 2738 1223 2820 fontaliter,
1270 2744 1431 2804 tunc
1476 2736 1928 2825 principaliter
1971 2740 2059 2805 ad
2102 2740 2323 2805 minus
2375 2739 2573 2804 debet
2623 2758 2743 2825 per
2785 2738 2969 2803 illam

531 2858 644 2938 The
666 2860 791 2914 eivi-
862 2842 1017 2928 regi.
1110 2839 1243 2908 Sed
1299 2862 1479 2906 nunc
1535 2861 1671 2906 non
1731 2846 1836 2908 est
1902 2841 2042 2923 ita3
2111 2863 2268 2908 nam
2327 2840 2474 2928 plus
2530 2840 2841 2907 laudatur
2898 2840 2970 2905 in

529 2928 825 3047 {¹⁸32th
862 2943 1129 3010 ecclesia
1180 2943 1307 3009 Dei
1359 2965 1531 3008 unus
1572 2943 1822 3029 jurista
1881 2944 2115 3027 civilis,
2170 2944 2325 3010 licet
2383 2943 2595 3008 solum
2655 2943 2819 3008 sciat
2857 2943 2969 3028 jus

524 3008 668 3140 gie-t
688 3011 809 3112 Xon-
860 3045 1054 3112 civile
1114 3049 1183 3110 et
1240 3045 1502 3131 ignoret
1552 3043 1665 3130 jus
1724 3045 2114 3112 canonicum
2173 3050 2244 3112 et
2304 3043 2720 3132 theologiam,
2770 3065 2970 3130 quam

523 3125 815 3246 ξῗζέώᾟᾱ
862 3167 1032 3212 unus
1083 3145 1401 3234 magister
1442 3147 1517 3210 in
1561 3146 1911 3234 theologia,
1945 3152 2016 3214 et
2061 3147 2258 3214 citius
2301 3143 2608 3233 eligitur³
2639 3147 2727 3212 ad
2771 3145 2967 3211 eccle-

520 3260 710 3312 abunoe.
860 3249 1153 3315 siasticas
1212 3248 1586 3335 dignitates,
1678 3246 1771 3312 Et
1815 3255 1894 3314 ut
1937 3249 2238 3314 videmus
2283 3247 2457 3334 quod
2519 3247 2966 3334 principaliter

858 3351 1065 3417 currit
1107 3349 1401 3438 regimen
1438 3349 1723 3416 eeclesiae
1767 3371 1885 3437 per
1919 3349 2215 3436 jur-istas,
2254 3355 2326 3416 et
2365 3350 2490 3416 hoc
2527 3371 2646 3436 per
2685 3349 2962 3414 abusum

856 3457 928 3518 ct
987 3451 1435 3518 cavillationes
1476 3451 1665 3536 juris,
1714 3455 1785 3517 et
1844 3456 2074 3517 contra
2117 3453 2289 3537 jura,
2345 3451 2500 3537 quia
2549 3448 2810 3535 injuriae
2861 3451 2963 3515 in-

855 3553 1064 3620 finitae
1098 3554 1299 3628 ,fiunt
1356 3557 1660 3640 respectu
1733 3553 1932 3618 unius
1997 3553 2302 3639 justitiae,
2367 3556 2437 3618 et
2491 3550 2762 3638 just-itia
2817 3557 2960 3618 tam

852 3655 1159 3720 tardatur
1208 3655 1471 3738 ubique,
1516 3654 1695 3740 quod
1746 3676 2064 3741 pauperes
2109 3652 2467 3721 dimittunt
2519 3675 2747 3720 causas
2790 3676 2956 3734 suas,

850 3758 921 3819 et
990 3753 1232 3820 divites
1290 3756 1496 3821 taedio
1556 3754 1952 3837 afficiuntur,
2015 3761 2086 3821 et
2147 3761 2513 3844 gravantur
2571 3757 2789 3837 nimis,
2849 3755 2959 3822 ut⁴

850 3853 1053 3920 etiam
1135 3855 1483 3921 dimittant
1562 3856 1918 3944 saepissime
1983 3857 2100 3943 jus
2182 3880 2392 3936 suum,
2470 3863 2540 3924 et
2614 3857 2955 3923 discordiae

847 3953 1131 4022 infinitae
1174 3957 1578 4023 suscitantur
1620 3959 1692 4024 in
1735 3959 2002 4026 ecclesia
2047 3958 2194 4041 Dei,
2241 3964 2310 4026 et
2357 3980 2492 4046 pax
2538 3958 2797 4024 tollitur
2840 3979 2958 4044 per

838 4054 1133 4143 juristae.
1247 4057 1342 4122 Et
1398 4080 1535 4126 non
1594 4061 1807 4126 solum
1859 4061 2010 4128 lites
2061 4065 2549 4149 promoventur,
2601 4059 2718 4125 sed
2776 4060 2955 4125 bella

849 4179 998 4244 quae
1038 4158 1438 4247 contingunt
1476 4159 1551 4226 in
1592 4163 1774 4228 omni
1812 4184 2015 4251 regno
2059 4163 2311 4230 habent
2351 4167 2568 4229 ortum
2609 4183 2696 4228 ex
2739 4161 2953 4228 abusu

838 4257 1065 4346 juris;
1142 4259 1313 4328 sicut
1370 4261 1654 4348 quilibet
1712 4269 1935 4352 potest
2005 4265 2252 4330 intueri
2326 4265 2440 4350 qui
2513 4265 2668 4330 vult
2739 4265 2950 4332 consi-

914 4607 928 4638 ¹
944 4609 1160 4676 papam]
1186 4608 1385 4672 delevit,
1404 4608 1467 4664 B.
1486 4617 1543 4665 ut
1564 4612 1685 4665 fere.
2009 4615 2029 4644 ⁸
2048 4611 2264 4680 diffluat]
2301 4611 2529 4680 eligetur.
2563 4611 2624 4664 T·

910 4687 1358 4756 ’πιοςιηοπιᾞ
2009 4693 2130 4760 ⁴⁸3]
2167 4691 2392 4757 “⁸²23-
