<?xml version="1.0" encoding="UTF-8"?>
<!DOCTYPE html PUBLIC "-//W3C//DTD XHTML 1.0 Transitional//EN"
    "http://www.w3.org/TR/xhtml1/DTD/xhtml1-transitional.dtd">
<html xmlns="http://www.w3.org/1999/xhtml" xml:lang="en" lang="en">
 <head>
  <title>
</title>
<meta http-equiv="Content-Type" content="text/html;charset=utf-8" />
  <meta name='ocr-system' content='tesseract 3.04.00' />
  <meta name='ocr-capabilities' content='ocr_page ocr_carea ocr_par ocr_line ocrx_word'/>
</head>
<body>
  <div class='ocr_page' id='page_1' title='image "./frrogeribaconop00brewgoog_0221.png"; bbox 0 0 3517 5750; ppageno 0'>
   <div class='ocr_carea' id='block_1_1' title="bbox 788 818 2896 935">
    <p class='ocr_par' dir='ltr' id='par_1_1' title="bbox 788 818 2896 935">
     <span class='ocr_line' id='line_1_1' title="bbox 788 818 2896 935; baseline 0.003 -27"><span class='ocrx_word' id='word_1_1' title='bbox 788 843 927 909; x_wconf 70' lang='lat'>‘108</span> <span class='ocrx_word' id='word_1_2' title='bbox 1532 818 1792 909; x_wconf 63' lang='grc' dir='ltr'>Βορέω</span> <span class='ocrx_word' id='word_1_3' title='bbox 1840 858 2138 910; x_wconf 74' lang='lat' dir='ltr'>BAcoms</span> <span class='ocrx_word' id='word_1_4' title='bbox 2719 845 2896 935; x_wconf 62' lang='lat' dir='ltr'>[car.</span> 
     </span>
    </p>
   </div>
   <div class='ocr_carea' id='block_1_2' title="bbox 466 1029 2898 1121">
    <p class='ocr_par' dir='ltr' id='par_1_2' title="bbox 466 1029 2898 1121">
     <span class='ocr_line' id='line_1_2' title="bbox 466 1029 2898 1121; baseline 0.007 -36"><span class='ocrx_word' id='word_1_5' title='bbox 466 1035 550 1087; x_wconf 84' lang='lat' dir='ltr'>An</span> <span class='ocrx_word' id='word_1_6' title='bbox 574 1052 723 1103; x_wconf 79' lang='lat' dir='ltr'>gene·</span> <span class='ocrx_word' id='word_1_7' title='bbox 794 1036 863 1095; x_wconf 85' lang='lat' dir='ltr'>et</span> <span class='ocrx_word' id='word_1_8' title='bbox 920 1029 1067 1097; x_wconf 83' lang='lat' dir='ltr'>ideo</span> <span class='ocrx_word' id='word_1_9' title='bbox 1138 1034 1285 1096; x_wconf 84' lang='lat' dir='ltr'>tota</span> <span class='ocrx_word' id='word_1_10' title='bbox 1358 1030 1695 1119; x_wconf 86' lang='lat' dir='ltr'>originalis</span> <span class='ocrx_word' id='word_1_11' title='bbox 1767 1053 1988 1098; x_wconf 88' lang='lat' dir='ltr'>rerum</span> <span class='ocrx_word' id='word_1_12' title='bbox 2047 1030 2336 1120; x_wconf 87' lang='lat' dir='ltr'>cognitio</span> <span class='ocrx_word' id='word_1_13' title='bbox 2411 1031 2739 1121; x_wconf 90' lang='lat' dir='ltr'>dependet</span> <span class='ocrx_word' id='word_1_14' title='bbox 2811 1058 2898 1102; x_wconf 77' lang='lat' dir='ltr'>ex</span> 
     </span>
    </p>
   </div>
   <div class='ocr_carea' id='block_1_3' title="bbox 456 1104 766 1687">
    <p class='ocr_par' dir='ltr' id='par_1_3' title="bbox 456 1104 766 1687">
     <span class='ocr_line' id='line_1_3' title="bbox 458 1104 725 1167; baseline -0.004 -13"><span class='ocrx_word' id='word_1_15' title='bbox 458 1104 621 1154; x_wconf 71' lang='lat' dir='ltr'>ration</span> <span class='ocrx_word' id='word_1_16' title='bbox 646 1106 725 1167; x_wconf 78' lang='lat' dir='ltr'>(in</span> 
     </span>
     <span class='ocr_line' id='line_1_4' title="bbox 459 1172 701 1233; baseline 0.012 -15"><span class='ocrx_word' id='word_1_17' title='bbox 459 1172 600 1233; x_wconf 73' lang='lat' dir='ltr'>esse),</span> <span class='ocrx_word' id='word_1_18' title='bbox 622 1186 701 1221; x_wconf 84' lang='lat' dir='ltr'>re-</span> 
     </span>
     <span class='ocr_line' id='line_1_5' title="bbox 458 1236 734 1288; baseline 0.004 -3"><span class='ocrx_word' id='word_1_19' title='bbox 458 1237 583 1287; x_wconf 74' lang='lat' dir='ltr'>sults</span> <span class='ocrx_word' id='word_1_20' title='bbox 602 1236 734 1288; x_wconf 78' lang='lat' dir='ltr'>from</span> 
     </span>
     <span class='ocr_line' id='line_1_6' title="bbox 458 1303 745 1363; baseline 0.01 -12"><span class='ocrx_word' id='word_1_21' title='bbox 458 1304 544 1352; x_wconf 77' lang='lat' dir='ltr'>the</span> <span class='ocrx_word' id='word_1_22' title='bbox 567 1303 745 1363; x_wconf 79' lang='lat' dir='ltr'>virtue,</span> 
     </span>
     <span class='ocr_line' id='line_1_7' title="bbox 456 1371 733 1435; baseline 0.007 -17"><span class='ocrx_word' id='word_1_23' title='bbox 456 1384 517 1419; x_wconf 87' lang='lat' dir='ltr'>or</span> <span class='ocrx_word' id='word_1_24' title='bbox 537 1371 733 1435; x_wconf 72' lang='lat' dir='ltr'>species,</span> 
     </span>
     <span class='ocr_line' id='line_1_8' title="bbox 458 1436 709 1487; baseline 0.008 -2"><span class='ocrx_word' id='word_1_25' title='bbox 458 1436 516 1485; x_wconf 82' lang='lat' dir='ltr'>of</span> <span class='ocrx_word' id='word_1_26' title='bbox 530 1436 616 1485; x_wconf 86' lang='lat' dir='ltr'>the</span> <span class='ocrx_word' id='word_1_27' title='bbox 638 1437 709 1487; x_wconf 83' lang='lat' dir='ltr'>ef-</span> 
     </span>
     <span class='ocr_line' id='line_1_9' title="bbox 458 1502 766 1569; baseline 0 -20"><span class='ocrx_word' id='word_1_28' title='bbox 458 1502 626 1553; x_wconf 80' lang='lat' dir='ltr'>ficient</span> <span class='ocrx_word' id='word_1_29' title='bbox 648 1519 766 1569; x_wconf 86' lang='lat' dir='ltr'>ope.</span> 
     </span>
     <span class='ocr_line' id='line_1_10' title="bbox 458 1569 713 1635; baseline 0.016 -18"><span class='ocrx_word' id='word_1_30' title='bbox 458 1569 628 1635; x_wconf 80' lang='lat' dir='ltr'>rating</span> <span class='ocrx_word' id='word_1_31' title='bbox 648 1586 713 1621; x_wconf 86' lang='lat' dir='ltr'>on</span> 
     </span>
     <span class='ocr_line' id='line_1_11' title="bbox 458 1642 651 1687; baseline 0.021 -4"><span class='ocrx_word' id='word_1_32' title='bbox 458 1642 651 1687; x_wconf 79' lang='lat' dir='ltr'>matter.</span> 
     </span>
    </p>
   </div>
   <div class='ocr_carea' id='block_1_4' title="bbox 455 1950 751 2086">
    <p class='ocr_par' dir='ltr' id='par_1_4' title="bbox 455 1950 751 2086">
     <span class='ocr_line' id='line_1_12' title="bbox 458 1950 751 2032; baseline 0.003 -29"><span class='ocrx_word' id='word_1_33' title='bbox 458 1950 534 2003; x_wconf 79' lang='lat' dir='ltr'>of</span> <span class='ocrx_word' id='word_1_34' title='bbox 548 1952 620 2032; x_wconf 64' lang='lat'>³²⁸.</span> <span class='ocrx_word' id='word_1_35' title='bbox 634 1968 751 2018; x_wconf 83' lang='lat' dir='ltr'>pro-</span> 
     </span>
     <span class='ocr_line' id='line_1_13' title="bbox 455 2030 722 2086; baseline -0.015 0"><span class='ocrx_word' id='word_1_36' title='bbox 455 2030 689 2086; x_wconf 69' lang='lat' dir='ltr'>pagano„</span> <span class='ocrx_word' id='word_1_37' title='bbox 706 2039 722 2082; x_wconf 68' lang='grc' dir='ltr'>ε</span> 
     </span>
    </p>
   </div>
   <div class='ocr_carea' id='block_1_5' title="bbox 452 3293 731 3494">
    <p class='ocr_par' dir='ltr' id='par_1_5' title="bbox 452 3293 731 3494">
     <span class='ocr_line' id='line_1_14' title="bbox 454 3293 667 3360; baseline 0.019 -18"><span class='ocrx_word' id='word_1_38' title='bbox 454 3294 523 3360; x_wconf 77' lang='lat' dir='ltr'>by</span> <span class='ocrx_word' id='word_1_39' title='bbox 548 3293 667 3346; x_wconf 86' lang='lat' dir='ltr'>nine</span> 
     </span>
     <span class='ocr_line' id='line_1_15' title="bbox 455 3361 723 3422; baseline 0.015 -12"><span class='ocrx_word' id='word_1_40' title='bbox 455 3361 723 3422; x_wconf 67' lang='lat' dir='ltr'>accidente,</span> 
     </span>
     <span class='ocr_line' id='line_1_16' title="bbox 452 3429 731 3494; baseline 0.014 -18"><span class='ocrx_word' id='word_1_41' title='bbox 452 3429 553 3478; x_wconf 84' lang='lat' dir='ltr'>and</span> <span class='ocrx_word' id='word_1_42' title='bbox 576 3431 646 3494; x_wconf 83' lang='lat' dir='ltr'>by</span> <span class='ocrx_word' id='word_1_43' title='bbox 663 3430 731 3480; x_wconf 83' lang='lat' dir='ltr'>all</span> 
     </span>
    </p>
   </div>
   <div class='ocr_carea' id='block_1_6' title="bbox 786 1132 2898 3476">
    <p class='ocr_par' dir='ltr' id='par_1_6' title="bbox 786 1132 2898 3476">
     <span class='ocr_line' id='line_1_17' title="bbox 792 1132 2898 1219; baseline 0.002 -22"><span class='ocrx_word' id='word_1_44' title='bbox 792 1138 979 1219; x_wconf 86' lang='lat' dir='ltr'>parte</span> <span class='ocrx_word' id='word_1_45' title='bbox 1053 1132 1395 1199; x_wconf 86' lang='lat' dir='ltr'>efficientis</span> <span class='ocrx_word' id='word_1_46' title='bbox 1468 1138 1538 1199; x_wconf 89' lang='lat' dir='ltr'>et</span> <span class='ocrx_word' id='word_1_47' title='bbox 1612 1134 1922 1200; x_wconf 83' lang='lat' dir='ltr'>materiae.</span> <span class='ocrx_word' id='word_1_48' title='bbox 2062 1134 2238 1199; x_wconf 86' lang='lat' dir='ltr'>Nam</span> <span class='ocrx_word' id='word_1_49' title='bbox 2315 1134 2600 1201; x_wconf 88' lang='lat' dir='ltr'>efficiens</span> <span class='ocrx_word' id='word_1_50' title='bbox 2673 1138 2898 1204; x_wconf 87' lang='lat' dir='ltr'>influit</span> 
     </span>
     <span class='ocr_line' id='line_1_18' title="bbox 790 1235 2891 1325; baseline 0.003 -26"><span class='ocrx_word' id='word_1_51' title='bbox 790 1256 976 1299; x_wconf 86' lang='lat' dir='ltr'>suam</span> <span class='ocrx_word' id='word_1_52' title='bbox 1005 1235 1327 1300; x_wconf 85' lang='lat' dir='ltr'>virtutem</span> <span class='ocrx_word' id='word_1_53' title='bbox 1366 1235 1439 1301; x_wconf 92' lang='lat' dir='ltr'>in</span> <span class='ocrx_word' id='word_1_54' title='bbox 1484 1236 1848 1317; x_wconf 83' lang='lat' dir='ltr'>materiam,</span> <span class='ocrx_word' id='word_1_55' title='bbox 1903 1241 1972 1302; x_wconf 90' lang='lat' dir='ltr'>et</span> <span class='ocrx_word' id='word_1_56' title='bbox 2016 1240 2424 1302; x_wconf 82' lang='lat' dir='ltr'>transmutat</span> <span class='ocrx_word' id='word_1_57' title='bbox 2453 1259 2599 1304; x_wconf 89' lang='lat' dir='ltr'>eam</span> <span class='ocrx_word' id='word_1_58' title='bbox 2653 1261 2891 1325; x_wconf 84' lang='lat' dir='ltr'>usque-</span> 
     </span>
     <span class='ocr_line' id='line_1_19' title="bbox 790 1337 2892 1427; baseline 0.002 -25"><span class='ocrx_word' id='word_1_59' title='bbox 790 1359 919 1422; x_wconf 91' lang='lat' dir='ltr'>quo</span> <span class='ocrx_word' id='word_1_60' title='bbox 976 1359 1079 1403; x_wconf 84' lang='lat' dir='ltr'>res</span> <span class='ocrx_word' id='word_1_61' title='bbox 1137 1342 1499 1424; x_wconf 72' lang='lat' dir='ltr'><strong>generetur.</strong></span> <span class='ocrx_word' id='word_1_62' title='bbox 1613 1337 1705 1403; x_wconf 87' lang='lat' dir='ltr'>Et</span> <span class='ocrx_word' id='word_1_63' title='bbox 1763 1338 1871 1405; x_wconf 90' lang='lat' dir='ltr'>hic</span> <span class='ocrx_word' id='word_1_64' title='bbox 1929 1344 2087 1405; x_wconf 85' lang='lat' dir='ltr'>sunt</span> <span class='ocrx_word' id='word_1_65' title='bbox 2149 1338 2402 1405; x_wconf 77' lang='lat' dir='ltr'>radices</span> <span class='ocrx_word' id='word_1_66' title='bbox 2451 1340 2662 1405; x_wconf 85' lang='lat' dir='ltr'>totius</span> <span class='ocrx_word' id='word_1_67' title='bbox 2721 1342 2892 1427; x_wconf 85' lang='lat' dir='ltr'>sapi-</span> 
     </span>
     <span class='ocr_line' id='line_1_20' title="bbox 788 1440 2898 1529; baseline 0.001 -24"><span class='ocrx_word' id='word_1_68' title='bbox 788 1440 988 1505; x_wconf 83' lang='lat' dir='ltr'>entiae</span> <span class='ocrx_word' id='word_1_69' title='bbox 1018 1460 1235 1505; x_wconf 88' lang='lat' dir='ltr'>rerum</span> <span class='ocrx_word' id='word_1_70' title='bbox 1264 1445 1333 1505; x_wconf 89' lang='lat' dir='ltr'>et</span> <span class='ocrx_word' id='word_1_71' title='bbox 1360 1440 1802 1521; x_wconf 72' lang='lat' dir='ltr'><strong>scientiarum,</strong></span> <span class='ocrx_word' id='word_1_72' title='bbox 1833 1443 2101 1528; x_wconf 90' lang='lat' dir='ltr'>propter</span> <span class='ocrx_word' id='word_1_73' title='bbox 2127 1440 2308 1526; x_wconf 91' lang='lat' dir='ltr'>quod</span> <span class='ocrx_word' id='word_1_74' title='bbox 2336 1440 2690 1529; x_wconf 72' lang='lat' dir='ltr'><strong>diligenter</strong></span> <span class='ocrx_word' id='word_1_75' title='bbox 2713 1443 2898 1508; x_wconf 83' lang='lat' dir='ltr'>volui</span> 
     </span>
     <span class='ocr_line' id='line_1_21' title="bbox 788 1540 2891 1632; baseline 0.003 -27"><span class='ocrx_word' id='word_1_76' title='bbox 788 1540 906 1606; x_wconf 84' lang='lat' dir='ltr'>has</span> <span class='ocrx_word' id='word_1_77' title='bbox 953 1540 1286 1607; x_wconf 84' lang='lat' dir='ltr'>revolvere</span> <span class='ocrx_word' id='word_1_78' title='bbox 1338 1546 1409 1607; x_wconf 86' lang='lat' dir='ltr'>et</span> <span class='ocrx_word' id='word_1_79' title='bbox 1450 1542 1845 1632; x_wconf 74' lang='lat' dir='ltr'>examinare,</span> <span class='ocrx_word' id='word_1_80' title='bbox 1877 1547 1948 1607; x_wconf 88' lang='lat' dir='ltr'>et</span> <span class='ocrx_word' id='word_1_81' title='bbox 1991 1542 2080 1607; x_wconf 89' lang='lat' dir='ltr'>ad</span> <span class='ocrx_word' id='word_1_82' title='bbox 2123 1564 2354 1621; x_wconf 52' lang='lat' dir='ltr'>ramos</span> <span class='ocrx_word' id='word_1_83' title='bbox 2403 1542 2511 1608; x_wconf 86' lang='lat' dir='ltr'>et¹</span> <span class='ocrx_word' id='word_1_84' title='bbox 2561 1544 2771 1625; x_wconf 89' lang='lat' dir='ltr'>flores,</span> <span class='ocrx_word' id='word_1_85' title='bbox 2819 1550 2891 1611; x_wconf 88' lang='lat' dir='ltr'>et</span> 
     </span>
     <span class='ocr_line' id='line_1_22' title="bbox 787 1642 2895 1732; baseline 0.001 -24"><span class='ocrx_word' id='word_1_86' title='bbox 787 1643 1039 1709; x_wconf 88' lang='lat' dir='ltr'>fructus</span> <span class='ocrx_word' id='word_1_87' title='bbox 1094 1644 1435 1731; x_wconf 87' lang='lat' dir='ltr'>applicare.</span> <span class='ocrx_word' id='word_1_88' title='bbox 1526 1642 1619 1710; x_wconf 85' lang='lat' dir='ltr'>Et</span> <span class='ocrx_word' id='word_1_89' title='bbox 1670 1644 2058 1731; x_wconf 85' lang='lat' dir='ltr'>diligentius</span> <span class='ocrx_word' id='word_1_90' title='bbox 2126 1644 2357 1730; x_wconf 82' lang='lat' dir='ltr'>scripsi</span> <span class='ocrx_word' id='word_1_91' title='bbox 2405 1645 2488 1710; x_wconf 91' lang='lat' dir='ltr'>de</span> <span class='ocrx_word' id='word_1_92' title='bbox 2536 1645 2676 1727; x_wconf 83' lang='lat' dir='ltr'>hoc,</span> <span class='ocrx_word' id='word_1_93' title='bbox 2737 1647 2895 1732; x_wconf 83' lang='lat' dir='ltr'>quia</span> 
     </span>
     <span class='ocr_line' id='line_1_23' title="bbox 786 1744 2892 1834; baseline 0.002 -24"><span class='ocrx_word' id='word_1_94' title='bbox 786 1744 1026 1833; x_wconf 76' lang='lat' dir='ltr'>vulgus</span> <span class='ocrx_word' id='word_1_95' title='bbox 1076 1746 1377 1811; x_wconf 86' lang='lat' dir='ltr'>totaliter</span> <span class='ocrx_word' id='word_1_96' title='bbox 1434 1746 1698 1833; x_wconf 91' lang='lat' dir='ltr'>ignorat</span> <span class='ocrx_word' id='word_1_97' title='bbox 1764 1746 1934 1811; x_wconf 91' lang='lat' dir='ltr'>hanc</span> <span class='ocrx_word' id='word_1_98' title='bbox 1980 1746 2408 1834; x_wconf 85' lang='lat' dir='ltr'>philosophiae</span> <span class='ocrx_word' id='word_1_99' title='bbox 2457 1753 2718 1833; x_wconf 88' lang='lat' dir='ltr'>partem</span> <span class='ocrx_word' id='word_1_100' title='bbox 2775 1770 2892 1814; x_wconf 82' lang='lat' dir='ltr'>no-</span> 
     </span>
     <span class='ocr_line' id='line_1_24' title="bbox 787 1847 2652 1936; baseline 0.002 -24"><span class='ocrx_word' id='word_1_101' title='bbox 787 1847 1192 1929; x_wconf 83' lang='lat' dir='ltr'>bilissimam,</span> <span class='ocrx_word' id='word_1_102' title='bbox 1231 1849 1542 1936; x_wconf 87' lang='lat' dir='ltr'>quoniam</span> <span class='ocrx_word' id='word_1_103' title='bbox 1570 1870 1706 1914; x_wconf 91' lang='lat' dir='ltr'>non</span> <span class='ocrx_word' id='word_1_104' title='bbox 1734 1853 1836 1914; x_wconf 87' lang='lat' dir='ltr'>est</span> <span class='ocrx_word' id='word_1_105' title='bbox 1879 1848 2126 1934; x_wconf 88' lang='lat' dir='ltr'>scripta</span> <span class='ocrx_word' id='word_1_106' title='bbox 2155 1848 2334 1935; x_wconf 88' lang='lat' dir='ltr'>apud</span> <span class='ocrx_word' id='word_1_107' title='bbox 2365 1848 2652 1915; x_wconf 77' lang='lat' dir='ltr'>Latinos,</span> 
     </span>
     <span class='ocr_line' id='line_1_25' title="bbox 879 1950 2892 2041; baseline 0.001 -24"><span class='ocrx_word' id='word_1_108' title='bbox 879 1950 1307 2017; x_wconf 77' lang='lat' dir='ltr'>Consideravi</span> <span class='ocrx_word' id='word_1_109' title='bbox 1347 1951 1556 2038; x_wconf 87' lang='lat' dir='ltr'>igitur</span> <span class='ocrx_word' id='word_1_110' title='bbox 1576 1973 1619 2015; x_wconf 86' lang='lat' dir='ltr'>a</span> <span class='ocrx_word' id='word_1_111' title='bbox 1646 1954 1836 2038; x_wconf 88' lang='lat' dir='ltr'>parte</span> <span class='ocrx_word' id='word_1_112' title='bbox 1865 1950 2206 2018; x_wconf 87' lang='lat' dir='ltr'>efficientis</span> <span class='ocrx_word' id='word_1_113' title='bbox 2235 1950 2386 2033; x_wconf 86' lang='lat' dir='ltr'>tria,</span> <span class='ocrx_word' id='word_1_114' title='bbox 2417 1952 2668 2019; x_wconf 85' lang='lat' dir='ltr'>scilicet</span> <span class='ocrx_word' id='word_1_115' title='bbox 2697 1974 2892 2041; x_wconf 86' lang='lat' dir='ltr'>gene-</span> 
     </span>
     <span class='ocr_line' id='line_1_26' title="bbox 790 2052 2896 2141; baseline 0.002 -24"><span class='ocrx_word' id='word_1_116' title='bbox 790 2054 1115 2120; x_wconf 73' lang='lat' dir='ltr'>rationem</span> <span class='ocrx_word' id='word_1_117' title='bbox 1144 2052 1415 2120; x_wconf 84' lang='lat' dir='ltr'>virtutis</span> <span class='ocrx_word' id='word_1_118' title='bbox 1455 2052 1612 2141; x_wconf 87' lang='lat' dir='ltr'>ejus,</span> <span class='ocrx_word' id='word_1_119' title='bbox 1644 2057 1715 2119; x_wconf 87' lang='lat' dir='ltr'>et</span> <span class='ocrx_word' id='word_1_120' title='bbox 1742 2052 2380 2140; x_wconf 70' lang='lat' dir='ltr'>multiplicationem,</span> <span class='ocrx_word' id='word_1_121' title='bbox 2413 2060 2484 2121; x_wconf 88' lang='lat' dir='ltr'>et</span> <span class='ocrx_word' id='word_1_122' title='bbox 2528 2057 2850 2122; x_wconf 73' lang='lat' dir='ltr'>actionem</span> <span class='ocrx_word' id='word_1_123' title='bbox 2879 2080 2896 2135; x_wconf 81' lang='lat'><em>3</em></span> 
     </span>
     <span class='ocr_line' id='line_1_27' title="bbox 792 2156 2895 2245; baseline 0 -22"><span class='ocrx_word' id='word_1_124' title='bbox 792 2162 863 2223; x_wconf 89' lang='lat' dir='ltr'>et</span> <span class='ocrx_word' id='word_1_125' title='bbox 904 2158 1074 2224; x_wconf 89' lang='lat' dir='ltr'>circa</span> <span class='ocrx_word' id='word_1_126' title='bbox 1100 2156 1607 2245; x_wconf 80' lang='lat' dir='ltr'>generationem,</span> <span class='ocrx_word' id='word_1_127' title='bbox 1652 2156 1883 2243; x_wconf 89' lang='lat' dir='ltr'>prim0‚</span> <span class='ocrx_word' id='word_1_128' title='bbox 1919 2156 2083 2243; x_wconf 90' lang='lat' dir='ltr'>quid</span> <span class='ocrx_word' id='word_1_129' title='bbox 2126 2156 2218 2222; x_wconf 87' lang='lat' dir='ltr'>sit</span> <span class='ocrx_word' id='word_1_130' title='bbox 2260 2158 2392 2223; x_wconf 87' lang='lat' dir='ltr'>ista</span> <span class='ocrx_word' id='word_1_131' title='bbox 2433 2158 2665 2239; x_wconf 85' lang='lat' dir='ltr'>virtus,</span> <span class='ocrx_word' id='word_1_132' title='bbox 2699 2180 2895 2245; x_wconf 86' lang='lat' dir='ltr'>quam</span> 
     </span>
     <span class='ocr_line' id='line_1_28' title="bbox 795 2258 2892 2349; baseline 0 -22"><span class='ocrx_word' id='word_1_133' title='bbox 795 2282 988 2327; x_wconf 88' lang='lat' dir='ltr'>omne</span> <span class='ocrx_word' id='word_1_134' title='bbox 1048 2281 1249 2349; x_wconf 87' lang='lat' dir='ltr'>agens</span> <span class='ocrx_word' id='word_1_135' title='bbox 1306 2258 1535 2325; x_wconf 87' lang='lat' dir='ltr'>influit</span> <span class='ocrx_word' id='word_1_136' title='bbox 1594 2259 1665 2323; x_wconf 91' lang='lat' dir='ltr'>in</span> <span class='ocrx_word' id='word_1_137' title='bbox 1708 2258 2058 2325; x_wconf 86' lang='lat' dir='ltr'>materiam</span> <span class='ocrx_word' id='word_1_138' title='bbox 2117 2258 2192 2324; x_wconf 89' lang='lat' dir='ltr'>in</span> <span class='ocrx_word' id='word_1_139' title='bbox 2251 2282 2451 2346; x_wconf 87' lang='lat' dir='ltr'>quam</span> <span class='ocrx_word' id='word_1_140' title='bbox 2497 2260 2640 2348; x_wconf 86' lang='lat' dir='ltr'>agit</span> <span class='ocrx_word' id='word_1_141' title='bbox 2655 2286 2674 2341; x_wconf 82' lang='lat'><em>3</em></span> <span class='ocrx_word' id='word_1_142' title='bbox 2735 2284 2892 2347; x_wconf 89' lang='lat' dir='ltr'>quo-</span> 
     </span>
     <span class='ocr_line' id='line_1_29' title="bbox 794 2362 2894 2450; baseline 0.001 -23"><span class='ocrx_word' id='word_1_143' title='bbox 794 2364 975 2429; x_wconf 83' lang='lat' dir='ltr'>niam</span> <span class='ocrx_word' id='word_1_144' title='bbox 1020 2368 1122 2429; x_wconf 82' lang='lat' dir='ltr'>est</span> <span class='ocrx_word' id='word_1_145' title='bbox 1184 2362 1455 2428; x_wconf 86' lang='lat' dir='ltr'>effectus</span> <span class='ocrx_word' id='word_1_146' title='bbox 1516 2362 1658 2447; x_wconf 86' lang='lat' dir='ltr'>ejus</span> <span class='ocrx_word' id='word_1_147' title='bbox 1714 2362 2048 2443; x_wconf 84' lang='lat' dir='ltr'>univocus,</span> <span class='ocrx_word' id='word_1_148' title='bbox 2095 2362 2331 2427; x_wconf 80' lang='lat' dir='ltr'>similis</span> <span class='ocrx_word' id='word_1_149' title='bbox 2381 2364 2610 2450; x_wconf 88' lang='lat' dir='ltr'>agenti</span> <span class='ocrx_word' id='word_1_150' title='bbox 2653 2368 2894 2429; x_wconf 87' lang='lat' dir='ltr'>natura</span> 
     </span>
     <span class='ocr_line' id='line_1_30' title="bbox 794 2464 2894 2553; baseline -0 -22"><span class='ocrx_word' id='word_1_151' title='bbox 794 2471 865 2531; x_wconf 90' lang='lat' dir='ltr'>et</span> <span class='ocrx_word' id='word_1_152' title='bbox 908 2464 1314 2530; x_wconf 88' lang='lat' dir='ltr'>diffinitione.</span> <span class='ocrx_word' id='word_1_153' title='bbox 1406 2465 1497 2530; x_wconf 86' lang='lat' dir='ltr'>Et</span> <span class='ocrx_word' id='word_1_154' title='bbox 1540 2486 1690 2530; x_wconf 87' lang='lat' dir='ltr'>cum</span> <span class='ocrx_word' id='word_1_155' title='bbox 1740 2469 2014 2531; x_wconf 86' lang='lat' dir='ltr'>vocetur</span> <span class='ocrx_word' id='word_1_156' title='bbox 2055 2465 2287 2543; x_wconf 86' lang='lat' dir='ltr'>virtus,</span> <span class='ocrx_word' id='word_1_157' title='bbox 2333 2466 2441 2531; x_wconf 88' lang='lat' dir='ltr'>vel</span> <span class='ocrx_word' id='word_1_158' title='bbox 2485 2466 2742 2553; x_wconf 82' lang='lat' dir='ltr'>species,</span> <span class='ocrx_word' id='word_1_159' title='bbox 2787 2466 2894 2531; x_wconf 88' lang='lat' dir='ltr'>vel</span> 
     </span>
     <span class='ocr_line' id='line_1_31' title="bbox 792 2564 2894 2654; baseline 0.001 -23"><span class='ocrx_word' id='word_1_160' title='bbox 792 2567 1011 2654; x_wconf 83' lang='lat' dir='ltr'>imago</span> <span class='ocrx_word' id='word_1_161' title='bbox 1073 2568 1350 2653; x_wconf 84' lang='lat' dir='ltr'>agentis,</span> <span class='ocrx_word' id='word_1_162' title='bbox 1396 2572 1467 2631; x_wconf 86' lang='lat' dir='ltr'>et</span> <span class='ocrx_word' id='word_1_163' title='bbox 1526 2567 1757 2632; x_wconf 85' lang='lat' dir='ltr'>multis</span> <span class='ocrx_word' id='word_1_164' title='bbox 1820 2566 1969 2632; x_wconf 85' lang='lat' dir='ltr'>aliis</span> <span class='ocrx_word' id='word_1_165' title='bbox 2019 2564 2442 2648; x_wconf 62' lang='lat' dir='ltr'>nominibus?</span> <span class='ocrx_word' id='word_1_166' title='bbox 2487 2569 2894 2634; x_wconf 84' lang='lat' dir='ltr'>consideravi</span> 
     </span>
     <span class='ocr_line' id='line_1_32' title="bbox 792 2668 2892 2757; baseline 0.001 -24"><span class='ocrx_word' id='word_1_167' title='bbox 792 2668 1119 2755; x_wconf 89' lang='lat' dir='ltr'>quomodo</span> <span class='ocrx_word' id='word_1_168' title='bbox 1196 2668 1499 2735; x_wconf 86' lang='lat' dir='ltr'>educitur</span> <span class='ocrx_word' id='word_1_169' title='bbox 1565 2669 1638 2734; x_wconf 91' lang='lat' dir='ltr'>in</span> <span class='ocrx_word' id='word_1_170' title='bbox 1690 2690 1874 2751; x_wconf 82' lang='lat' dir='ltr'>esse3</span> <span class='ocrx_word' id='word_1_171' title='bbox 1928 2692 2016 2733; x_wconf 88' lang='lat' dir='ltr'>an</span> <span class='ocrx_word' id='word_1_172' title='bbox 2099 2691 2216 2756; x_wconf 90' lang='lat' dir='ltr'>per</span> <span class='ocrx_word' id='word_1_173' title='bbox 2268 2670 2758 2757; x_wconf 88' lang='lat' dir='ltr'>generationem</span> <span class='ocrx_word' id='word_1_174' title='bbox 2811 2671 2892 2738; x_wconf 91' lang='lat' dir='ltr'>de</span> 
     </span>
     <span class='ocr_line' id='line_1_33' title="bbox 792 2771 2893 2859; baseline 0 -23"><span class='ocrx_word' id='word_1_175' title='bbox 792 2771 1091 2857; x_wconf 85' lang='lat' dir='ltr'>potentia</span> <span class='ocrx_word' id='word_1_176' title='bbox 1150 2771 1467 2851; x_wconf 59' lang='lat' dir='ltr'>materiae,</span> <span class='ocrx_word' id='word_1_177' title='bbox 1529 2794 1617 2836; x_wconf 88' lang='lat' dir='ltr'>an</span> <span class='ocrx_word' id='word_1_178' title='bbox 1672 2794 1790 2857; x_wconf 88' lang='lat' dir='ltr'>per</span> <span class='ocrx_word' id='word_1_179' title='bbox 1843 2772 2104 2837; x_wconf 79' lang='lat' dir='ltr'>exitum</span> <span class='ocrx_word' id='word_1_180' title='bbox 2167 2772 2253 2837; x_wconf 89' lang='lat' dir='ltr'>ab</span> <span class='ocrx_word' id='word_1_181' title='bbox 2321 2777 2574 2859; x_wconf 79' lang='lat' dir='ltr'>agente,</span> <span class='ocrx_word' id='word_1_182' title='bbox 2631 2794 2720 2837; x_wconf 89' lang='lat' dir='ltr'>an</span> <span class='ocrx_word' id='word_1_183' title='bbox 2775 2795 2893 2859; x_wconf 92' lang='lat' dir='ltr'>per</span> 
     </span>
     <span class='ocr_line' id='line_1_34' title="bbox 789 2872 2892 2962; baseline 0 -23"><span class='ocrx_word' id='word_1_184' title='bbox 789 2873 1297 2960; x_wconf 77' lang='lat' dir='ltr'>impressionem,</span> <span class='ocrx_word' id='word_1_185' title='bbox 1375 2873 1546 2940; x_wconf 83' lang='lat' dir='ltr'>sicut</span> <span class='ocrx_word' id='word_1_186' title='bbox 1618 2872 1911 2962; x_wconf 82' lang='lat' dir='ltr'>sigillum</span> <span class='ocrx_word' id='word_1_187' title='bbox 1986 2876 2130 2962; x_wconf 83' lang='lat' dir='ltr'>agit</span> <span class='ocrx_word' id='word_1_188' title='bbox 2201 2872 2276 2940; x_wconf 89' lang='lat' dir='ltr'>in</span> <span class='ocrx_word' id='word_1_189' title='bbox 2349 2897 2580 2942; x_wconf 87' lang='lat' dir='ltr'>ceram.</span> <span class='ocrx_word' id='word_1_190' title='bbox 2714 2875 2892 2941; x_wconf 89' lang='lat' dir='ltr'>Nam</span> 
     </span>
     <span class='ocr_line' id='line_1_35' title="bbox 792 2975 2893 3064; baseline 0.001 -24"><span class='ocrx_word' id='word_1_191' title='bbox 792 2977 899 3042; x_wconf 89' lang='lat' dir='ltr'>hic</span> <span class='ocrx_word' id='word_1_192' title='bbox 920 2976 957 3013; x_wconf 57' lang='grc' dir='ltr'>δ’</span> <span class='ocrx_word' id='word_1_193' title='bbox 1000 2981 1103 3041; x_wconf 85' lang='lat' dir='ltr'>est</span> <span class='ocrx_word' id='word_1_194' title='bbox 1154 2997 1411 3042; x_wconf 85' lang='lat' dir='ltr'>summa</span> <span class='ocrx_word' id='word_1_195' title='bbox 1456 2975 1826 3058; x_wconf 87' lang='lat' dir='ltr'>difficultas,</span> <span class='ocrx_word' id='word_1_196' title='bbox 1874 2983 2140 3064; x_wconf 88' lang='lat' dir='ltr'>propter</span> <span class='ocrx_word' id='word_1_197' title='bbox 2192 2977 2636 3064; x_wconf 82' lang='lat' dir='ltr'>ignorantiam</span> <span class='ocrx_word' id='word_1_198' title='bbox 2697 2977 2893 3044; x_wconf 86' lang='lat' dir='ltr'>istius</span> 
     </span>
     <span class='ocr_line' id='line_1_36' title="bbox 788 3078 2894 3165; baseline 0 -22"><span class='ocrx_word' id='word_1_199' title='bbox 788 3079 998 3165; x_wconf 86' lang='lat' dir='ltr'>partis</span> <span class='ocrx_word' id='word_1_200' title='bbox 1087 3078 1526 3165; x_wconf 60' lang='lat' dir='ltr'>philosophiae.</span> <span class='ocrx_word' id='word_1_201' title='bbox 1646 3079 1936 3145; x_wconf 89' lang='lat' dir='ltr'>Probavi</span> <span class='ocrx_word' id='word_1_202' title='bbox 2024 3085 2251 3146; x_wconf 82' lang='lat' dir='ltr'>tamen</span> <span class='ocrx_word' id='word_1_203' title='bbox 2339 3080 2894 3146; x_wconf 86' lang='lat' dir='ltr'>certitudinaliter</span> 
     </span>
     <span class='ocr_line' id='line_1_37' title="bbox 792 3180 2892 3269; baseline 0.001 -24"><span class='ocrx_word' id='word_1_204' title='bbox 792 3180 969 3266; x_wconf 91' lang='lat' dir='ltr'>quod</span> <span class='ocrx_word' id='word_1_205' title='bbox 1024 3181 1167 3248; x_wconf 83' lang='lat' dir='ltr'>haec</span> <span class='ocrx_word' id='word_1_206' title='bbox 1214 3181 1431 3248; x_wconf 84' lang='lat' dir='ltr'>virtus</span> <span class='ocrx_word' id='word_1_207' title='bbox 1484 3181 1790 3249; x_wconf 84' lang='lat' dir='ltr'>educitur</span> <span class='ocrx_word' id='word_1_208' title='bbox 1861 3181 1944 3248; x_wconf 89' lang='lat' dir='ltr'>de</span> <span class='ocrx_word' id='word_1_209' title='bbox 1997 3182 2301 3269; x_wconf 87' lang='lat' dir='ltr'>potentia</span> <span class='ocrx_word' id='word_1_210' title='bbox 2353 3183 2668 3262; x_wconf 84' lang='lat' dir='ltr'>materiae,</span> <span class='ocrx_word' id='word_1_211' title='bbox 2721 3183 2892 3249; x_wconf 88' lang='lat' dir='ltr'>sicut</span> 
     </span>
     <span class='ocr_line' id='line_1_38' title="bbox 789 3283 2890 3372; baseline 0 -23"><span class='ocrx_word' id='word_1_212' title='bbox 789 3283 937 3350; x_wconf 83' lang='lat' dir='ltr'>aliae</span> <span class='ocrx_word' id='word_1_213' title='bbox 999 3305 1103 3350; x_wconf 90' lang='lat' dir='ltr'>res</span> <span class='ocrx_word' id='word_1_214' title='bbox 1168 3285 1565 3350; x_wconf 85' lang='lat' dir='ltr'>naturaliter</span> <span class='ocrx_word' id='word_1_215' title='bbox 1628 3290 1976 3372; x_wconf 72' lang='lat' dir='ltr'>generatae.</span> <span class='ocrx_word' id='word_1_216' title='bbox 2115 3284 2209 3349; x_wconf 89' lang='lat' dir='ltr'>Et</span> <span class='ocrx_word' id='word_1_217' title='bbox 2274 3284 2683 3350; x_wconf 84' lang='lat' dir='ltr'>consideravi</span> <span class='ocrx_word' id='word_1_218' title='bbox 2742 3307 2890 3372; x_wconf 85' lang='lat' dir='ltr'>quae</span> 
     </span>
     <span class='ocr_line' id='line_1_39' title="bbox 789 3387 2890 3476; baseline 0.001 -25"><span class='ocrx_word' id='word_1_219' title='bbox 789 3387 1056 3474; x_wconf 84' lang='lat' dir='ltr'>agentia</span> <span class='ocrx_word' id='word_1_220' title='bbox 1097 3387 1353 3454; x_wconf 86' lang='lat' dir='ltr'>faciunt</span> <span class='ocrx_word' id='word_1_221' title='bbox 1396 3387 1654 3476; x_wconf 83' lang='lat' dir='ltr'>species,</span> <span class='ocrx_word' id='word_1_222' title='bbox 1719 3391 1791 3452; x_wconf 87' lang='lat' dir='ltr'>et</span> <span class='ocrx_word' id='word_1_223' title='bbox 1835 3387 2011 3474; x_wconf 91' lang='lat' dir='ltr'>quod</span> <span class='ocrx_word' id='word_1_224' title='bbox 2055 3391 2322 3452; x_wconf 85' lang='lat' dir='ltr'>tantum</span> <span class='ocrx_word' id='word_1_225' title='bbox 2353 3387 2716 3453; x_wconf 86' lang='lat' dir='ltr'>accidentia</span> <span class='ocrx_word' id='word_1_226' title='bbox 2743 3395 2890 3454; x_wconf 87' lang='lat' dir='ltr'>octo</span> 
     </span>
    </p>
   </div>
   <div class='ocr_carea' id='block_1_7' title="bbox 454 3488 2884 3577">
    <p class='ocr_par' dir='ltr' id='par_1_7' title="bbox 454 3488 2884 3577">
     <span class='ocr_line' id='line_1_40' title="bbox 454 3488 2884 3577; baseline -0.002 -18"><span class='ocrx_word' id='word_1_227' title='bbox 454 3493 679 3558; x_wconf 75' lang='lat' dir='ltr'>⁸Piritual</span> <span class='ocrx_word' id='word_1_228' title='bbox 786 3489 1041 3555; x_wconf 84' lang='lat' dir='ltr'>faciunt</span> <span class='ocrx_word' id='word_1_229' title='bbox 1085 3491 1381 3577; x_wconf 89' lang='lat' dir='ltr'>speciem,</span> <span class='ocrx_word' id='word_1_230' title='bbox 1428 3491 1536 3556; x_wconf 84' lang='lat' dir='ltr'>vel</span> <span class='ocrx_word' id='word_1_231' title='bbox 1582 3511 1822 3555; x_wconf 89' lang='lat' dir='ltr'>novem</span> <span class='ocrx_word' id='word_1_232' title='bbox 1869 3489 1952 3554; x_wconf 90' lang='lat' dir='ltr'>ad</span> <span class='ocrx_word' id='word_1_233' title='bbox 1999 3489 2146 3575; x_wconf 88' lang='lat' dir='ltr'>plus</span> <span class='ocrx_word' id='word_1_234' title='bbox 2171 3488 2222 3570; x_wconf 81' lang='lat'>3⁴</span> <span class='ocrx_word' id='word_1_235' title='bbox 2273 3489 2536 3568; x_wconf 87' lang='lat' dir='ltr'>scilicet,</span> <span class='ocrx_word' id='word_1_236' title='bbox 2583 3489 2884 3570; x_wconf 87' lang='lat' dir='ltr'>calidum,</span> 
     </span>
    </p>
   </div>
   <div class='ocr_carea' id='block_1_8' title="bbox 452 3563 685 3611">
    <p class='ocr_par' dir='ltr' id='par_1_8' title="bbox 452 3563 685 3611">
     <span class='ocr_line' id='line_1_41' title="bbox 452 3563 685 3611; baseline 0.004 -1"><span class='ocrx_word' id='word_1_237' title='bbox 452 3563 551 3610; x_wconf 77' lang='lat' dir='ltr'>and</span> <span class='ocrx_word' id='word_1_238' title='bbox 572 3577 685 3611; x_wconf 85' lang='lat' dir='ltr'>cor-</span> 
     </span>
    </p>
   </div>
   <div class='ocr_carea' id='block_1_9' title="bbox 452 3701 661 3746">
    <p class='ocr_par' dir='ltr' id='par_1_9' title="bbox 452 3701 661 3746">
     <span class='ocr_line' id='line_1_42' title="bbox 452 3701 661 3746; baseline 0.014 -3"><span class='ocrx_word' id='word_1_239' title='bbox 452 3701 661 3746; x_wconf 56' lang='lat' dir='ltr'>stane&amp;-</span> 
     </span>
    </p>
   </div>
   <div class='ocr_carea' id='block_1_10' title="bbox 454 3590 2890 4720">
    <p class='ocr_par' dir='ltr' id='par_1_10' title="bbox 454 3590 2890 4720">
     <span class='ocr_line' id='line_1_43' title="bbox 454 3590 2884 3690; baseline 0.001 -34"><span class='ocrx_word' id='word_1_240' title='bbox 454 3629 623 3690; x_wconf 75' lang='lat' dir='ltr'>porea}</span> <span class='ocrx_word' id='word_1_241' title='bbox 645 3630 761 3680; x_wconf 81' lang='lat' dir='ltr'>suh-</span> <span class='ocrx_word' id='word_1_242' title='bbox 787 3592 1119 3680; x_wconf 89' lang='lat' dir='ltr'>frigidum,</span> <span class='ocrx_word' id='word_1_243' title='bbox 1182 3591 1550 3674; x_wconf 90' lang='lat' dir='ltr'>humidum,</span> <span class='ocrx_word' id='word_1_244' title='bbox 1616 3591 1877 3670; x_wconf 84' lang='lat' dir='ltr'>siccum,</span> <span class='ocrx_word' id='word_1_245' title='bbox 1940 3592 2078 3670; x_wconf 84' lang='lat' dir='ltr'>lux,</span> <span class='ocrx_word' id='word_1_246' title='bbox 2156 3590 2349 3671; x_wconf 86' lang='lat' dir='ltr'>color,</span> <span class='ocrx_word' id='word_1_247' title='bbox 2427 3591 2602 3671; x_wconf 90' lang='lat' dir='ltr'>odor,</span> <span class='ocrx_word' id='word_1_248' title='bbox 2678 3615 2884 3680; x_wconf 86' lang='lat' dir='ltr'>sapor,</span> 
     </span>
     <span class='ocr_line' id='line_1_44' title="bbox 786 3693 2890 3782; baseline 0.001 -24"><span class='ocrx_word' id='word_1_249' title='bbox 786 3716 994 3758; x_wconf 84' lang='lat' dir='ltr'>sonus.</span> <span class='ocrx_word' id='word_1_250' title='bbox 1087 3693 1220 3760; x_wconf 88' lang='lat' dir='ltr'>Sed</span> <span class='ocrx_word' id='word_1_251' title='bbox 1281 3700 1507 3760; x_wconf 79' lang='lat' dir='ltr'>tamen</span> <span class='ocrx_word' id='word_1_252' title='bbox 1570 3717 1793 3759; x_wconf 88' lang='lat' dir='ltr'>omnes</span> <span class='ocrx_word' id='word_1_253' title='bbox 1855 3693 2264 3774; x_wconf 68' lang='lat' dir='ltr'>substantiae,</span> <span class='ocrx_word' id='word_1_254' title='bbox 2311 3701 2452 3759; x_wconf 83' lang='lat' dir='ltr'>tam</span> <span class='ocrx_word' id='word_1_255' title='bbox 2515 3695 2890 3782; x_wconf 83' lang='lat' dir='ltr'>spirituales</span> 
     </span>
     <span class='ocr_line' id='line_1_45' title="bbox 789 3796 2890 3884; baseline 0.003 -25"><span class='ocrx_word' id='word_1_256' title='bbox 789 3816 985 3882; x_wconf 87' lang='lat' dir='ltr'>quam</span> <span class='ocrx_word' id='word_1_257' title='bbox 1031 3796 1411 3882; x_wconf 83' lang='lat' dir='ltr'>corporales,</span> <span class='ocrx_word' id='word_1_258' title='bbox 1441 3796 1696 3862; x_wconf 86' lang='lat' dir='ltr'>faciunt</span> <span class='ocrx_word' id='word_1_259' title='bbox 1739 3819 1900 3863; x_wconf 89' lang='lat' dir='ltr'>eam.</span> <span class='ocrx_word' id='word_1_260' title='bbox 1993 3797 2252 3884; x_wconf 87' lang='lat' dir='ltr'>Species</span> <span class='ocrx_word' id='word_1_261' title='bbox 2295 3797 2470 3862; x_wconf 88' lang='lat' dir='ltr'>enim</span> <span class='ocrx_word' id='word_1_262' title='bbox 2503 3799 2890 3865; x_wconf 62' lang='lat' dir='ltr'>substantia»</span> 
     </span>
     <span class='ocr_line' id='line_1_46' title="bbox 854 4092 2888 4160; baseline 0 -14"><span class='ocrx_word' id='word_1_263' title='bbox 854 4092 966 4156; x_wconf 72' lang='grc' dir='ltr'>ἐι]</span> <span class='ocrx_word' id='word_1_264' title='bbox 1004 4109 1101 4146; x_wconf 91' lang='lat' dir='ltr'>om.</span> <span class='ocrx_word' id='word_1_265' title='bbox 1138 4093 1198 4145; x_wconf 90' lang='grc' dir='ltr'>Τ.</span> <span class='ocrx_word' id='word_1_266' title='bbox 1891 4099 1924 4125; x_wconf 88' lang='grc'>“</span> <span class='ocrx_word' id='word_1_267' title='bbox 1957 4111 2058 4147; x_wconf 83' lang='lat' dir='ltr'>uon</span> <span class='ocrx_word' id='word_1_268' title='bbox 2120 4095 2333 4149; x_wconf 79' lang='lat' dir='ltr'>sumitur</span> <span class='ocrx_word' id='word_1_269' title='bbox 2403 4095 2488 4145; x_wconf 88' lang='lat' dir='ltr'>hic</span> <span class='ocrx_word' id='word_1_270' title='bbox 2557 4109 2646 4160; x_wconf 88' lang='lat' dir='ltr'>pro</span> <span class='ocrx_word' id='word_1_271' title='bbox 2701 4104 2888 4160; x_wconf 81' lang='lat' dir='ltr'>quanto</span> 
     </span>
     <span class='ocr_line' id='line_1_47' title="bbox 852 4173 2884 4241; baseline 0.001 -17"><span class='ocrx_word' id='word_1_272' title='bbox 852 4176 874 4205; x_wconf 80' lang='lat'>²</span> <span class='ocrx_word' id='word_1_273' title='bbox 894 4173 1185 4241; x_wconf 69' lang='lat' dir='ltr'>nominibus]</span> <span class='ocrx_word' id='word_1_274' title='bbox 1234 4177 1266 4204; x_wconf 92' lang='lat'><strong>“</strong></span> <span class='ocrx_word' id='word_1_275' title='bbox 1287 4173 1415 4227; x_wconf 81' lang='lat' dir='ltr'>Haec</span> <span class='ocrx_word' id='word_1_276' title='bbox 1454 4175 1607 4226; x_wconf 70' lang='lat' dir='ltr'>virtus</span> <span class='ocrx_word' id='word_1_277' title='bbox 1638 4175 1790 4226; x_wconf 81' lang='lat' dir='ltr'>babet</span> <span class='ocrx_word' id='word_1_278' title='bbox 1892 4180 1922 4204; x_wconf 90' lang='grc'><strong>“</strong></span> <span class='ocrx_word' id='word_1_279' title='bbox 1954 4176 2228 4227; x_wconf 74' lang='lat' dir='ltr'>universali</span> <span class='ocrx_word' id='word_1_280' title='bbox 2248 4175 2380 4241; x_wconf 83' lang='lat' dir='ltr'>apud</span> <span class='ocrx_word' id='word_1_281' title='bbox 2403 4174 2739 4241; x_wconf 75' lang='lat' dir='ltr'>Porphyrium</span> <span class='ocrx_word' id='word_1_282' title='bbox 2773 4177 2884 4238; x_wconf 64' lang='lat' dir='ltr'>(Le.</span> 
     </span>
     <span class='ocr_line' id='line_1_48' title="bbox 785 4251 2886 4321; baseline 0.001 -18"><span class='ocrx_word' id='word_1_283' title='bbox 785 4258 817 4283; x_wconf 76' lang='lat'>‘⁶</span> <span class='ocrx_word' id='word_1_284' title='bbox 852 4256 1011 4305; x_wconf 81' lang='lat' dir='ltr'>multa</span> <span class='ocrx_word' id='word_1_285' title='bbox 1043 4254 1279 4314; x_wconf 81' lang='lat' dir='ltr'>nomina;</span> <span class='ocrx_word' id='word_1_286' title='bbox 1312 4263 1523 4306; x_wconf 78' lang='lat' dir='ltr'>vocatur</span> <span class='ocrx_word' id='word_1_287' title='bbox 1559 4254 1694 4305; x_wconf 86' lang='lat' dir='ltr'>enim</span> <span class='ocrx_word' id='word_1_288' title='bbox 1717 4255 1786 4306; x_wconf 76' lang='lat' dir='ltr'>si·</span> <span class='ocrx_word' id='word_1_289' title='bbox 1889 4251 2064 4320; x_wconf 69' lang='lat' dir='ltr'>loyr&#39;cal</span> <span class='ocrx_word' id='word_1_290' title='bbox 2119 4256 2346 4321; x_wconf 69' lang='lat' dir='ltr'>epecies),</span> <span class='ocrx_word' id='word_1_291' title='bbox 2405 4255 2494 4305; x_wconf 72' lang='lat' dir='ltr'>aed</span> <span class='ocrx_word' id='word_1_292' title='bbox 2556 4255 2886 4306; x_wconf 78' lang='lat' dir='ltr'>transumitur</span> 
     </span>
     <span class='ocr_line' id='line_1_49' title="bbox 784 4333 2887 4399; baseline 0 -15"><span class='ocrx_word' id='word_1_293' title='bbox 784 4338 815 4364; x_wconf 79' lang='lat'>‘⁴</span> <span class='ocrx_word' id='word_1_294' title='bbox 848 4333 1078 4386; x_wconf 81' lang='lat' dir='ltr'>militudo</span> <span class='ocrx_word' id='word_1_295' title='bbox 1134 4333 1341 4399; x_wconf 77' lang='lat' dir='ltr'>agentis,</span> <span class='ocrx_word' id='word_1_296' title='bbox 1396 4341 1449 4384; x_wconf 83' lang='lat' dir='ltr'>et</span> <span class='ocrx_word' id='word_1_297' title='bbox 1502 4333 1686 4399; x_wconf 77' lang='lat' dir='ltr'>imago,</span> <span class='ocrx_word' id='word_1_298' title='bbox 1736 4341 1788 4384; x_wconf 85' lang='lat' dir='ltr'>et</span> <span class='ocrx_word' id='word_1_299' title='bbox 1889 4339 1920 4362; x_wconf 82' lang='lat'>‘⁸</span> <span class='ocrx_word' id='word_1_300' title='bbox 1952 4335 2050 4386; x_wconf 86' lang='lat' dir='ltr'>hoc</span> <span class='ocrx_word' id='word_1_301' title='bbox 2075 4348 2260 4384; x_wconf 84' lang='lat' dir='ltr'>nomen</span> <span class='ocrx_word' id='word_1_302' title='bbox 2295 4335 2360 4384; x_wconf 75' lang='lat' dir='ltr'>ad</span> <span class='ocrx_word' id='word_1_303' title='bbox 2397 4333 2760 4399; x_wconf 74' lang='lat' dir='ltr'>designandum</span> <span class='ocrx_word' id='word_1_304' title='bbox 2784 4335 2887 4399; x_wconf 86' lang='lat' dir='ltr'>pri·</span> 
     </span>
     <span class='ocr_line' id='line_1_50' title="bbox 784 4401 2888 4479; baseline 0 -15"><span class='ocrx_word' id='word_1_305' title='bbox 784 4419 815 4444; x_wconf 82' lang='lat'>‘⁸</span> <span class='ocrx_word' id='word_1_306' title='bbox 848 4413 1053 4478; x_wconf 75' lang='lat' dir='ltr'>species,</span> <span class='ocrx_word' id='word_1_307' title='bbox 1068 4421 1120 4465; x_wconf 82' lang='lat' dir='ltr'>et</span> <span class='ocrx_word' id='word_1_308' title='bbox 1138 4414 1345 4475; x_wconf 84' lang='lat' dir='ltr'>idolum,</span> <span class='ocrx_word' id='word_1_309' title='bbox 1370 4421 1421 4464; x_wconf 81' lang='lat' dir='ltr'>et</span> <span class='ocrx_word' id='word_1_310' title='bbox 1440 4401 1804 4476; x_wconf 69' lang='lat' dir='ltr'>simulacrum,¹</span> <span class='ocrx_word' id='word_1_311' title='bbox 1887 4417 1918 4441; x_wconf 78' lang='lat'>⁴⁴</span> <span class='ocrx_word' id='word_1_312' title='bbox 1953 4428 2087 4463; x_wconf 87' lang='lat' dir='ltr'>mum</span> <span class='ocrx_word' id='word_1_313' title='bbox 2124 4413 2358 4466; x_wconf 83' lang='lat' dir='ltr'>effectum</span> <span class='ocrx_word' id='word_1_314' title='bbox 2396 4413 2663 4476; x_wconf 78' lang='lat' dir='ltr'>cujuslibet</span> <span class='ocrx_word' id='word_1_315' title='bbox 2693 4413 2888 4479; x_wconf 77' lang='lat' dir='ltr'>agentis</span> 
     </span>
     <span class='ocr_line' id='line_1_51' title="bbox 782 4490 2841 4559; baseline 0 -15"><span class='ocrx_word' id='word_1_316' title='bbox 782 4497 815 4523; x_wconf 90' lang='lat'>“</span> <span class='ocrx_word' id='word_1_317' title='bbox 849 4501 901 4545; x_wconf 86' lang='lat' dir='ltr'>et</span> <span class='ocrx_word' id='word_1_318' title='bbox 933 4493 1241 4557; x_wconf 76' lang='lat' dir='ltr'>phantasma,</span> <span class='ocrx_word' id='word_1_319' title='bbox 1262 4501 1314 4543; x_wconf 85' lang='lat' dir='ltr'>et</span> <span class='ocrx_word' id='word_1_320' title='bbox 1334 4492 1509 4554; x_wconf 82' lang='lat' dir='ltr'>forma,</span> <span class='ocrx_word' id='word_1_321' title='bbox 1532 4500 1583 4544; x_wconf 81' lang='lat' dir='ltr'>et</span> <span class='ocrx_word' id='word_1_322' title='bbox 1620 4490 1783 4544; x_wconf 82' lang='lat' dir='ltr'>inten-</span> <span class='ocrx_word' id='word_1_323' title='bbox 1887 4497 1916 4521; x_wconf 89' lang='lat'><strong>“</strong></span> <span class='ocrx_word' id='word_1_324' title='bbox 1949 4493 2495 4558; x_wconf 76' lang='lat' dir='ltr'>natm-aliter.&#39;&#39;-Opus</span> <span class='ocrx_word' id='word_1_325' title='bbox 2518 4491 2642 4558; x_wconf 81' lang='lat' dir='ltr'>Maj.</span> <span class='ocrx_word' id='word_1_326' title='bbox 2659 4507 2706 4559; x_wconf 90' lang='lat' dir='ltr'>p.</span> <span class='ocrx_word' id='word_1_327' title='bbox 2728 4499 2841 4545; x_wconf 79' lang='lat'><strong>358.</strong></span> 
     </span>
     <span class='ocr_line' id='line_1_52' title="bbox 781 4569 2350 4640; baseline 0.001 -17"><span class='ocrx_word' id='word_1_328' title='bbox 781 4578 813 4601; x_wconf 81' lang='lat'>‘⁸</span> <span class='ocrx_word' id='word_1_329' title='bbox 845 4573 931 4633; x_wconf 82' lang='lat' dir='ltr'>tio,</span> <span class='ocrx_word' id='word_1_330' title='bbox 953 4581 1004 4623; x_wconf 83' lang='lat' dir='ltr'>et</span> <span class='ocrx_word' id='word_1_331' title='bbox 1024 4573 1204 4637; x_wconf 73' lang='lat' dir='ltr'>passio,</span> <span class='ocrx_word' id='word_1_332' title='bbox 1226 4581 1277 4624; x_wconf 81' lang='lat' dir='ltr'>et</span> <span class='ocrx_word' id='word_1_333' title='bbox 1298 4571 1576 4638; x_wconf 82' lang='lat' dir='ltr'>impressio,</span> <span class='ocrx_word' id='word_1_334' title='bbox 1600 4580 1650 4624; x_wconf 79' lang='lat' dir='ltr'>et</span> <span class='ocrx_word' id='word_1_335' title='bbox 1672 4587 1781 4622; x_wconf 83' lang='lat' dir='ltr'>um-</span> <span class='ocrx_word' id='word_1_336' title='bbox 1949 4575 1970 4602; x_wconf 78' lang='lat'>⁸</span> <span class='ocrx_word' id='word_1_337' title='bbox 1991 4571 2091 4640; x_wconf 70' lang='lat' dir='ltr'>hic]</span> <span class='ocrx_word' id='word_1_338' title='bbox 2125 4573 2252 4637; x_wconf 81' lang='lat' dir='ltr'>haec,</span> <span class='ocrx_word' id='word_1_339' title='bbox 2287 4569 2350 4625; x_wconf 86' lang='grc' dir='ltr'>Τ.</span> 
     </span>
     <span class='ocr_line' id='line_1_53' title="bbox 780 4651 2880 4720; baseline 0 -18"><span class='ocrx_word' id='word_1_340' title='bbox 780 4655 811 4679; x_wconf 87' lang='grc'>“</span> <span class='ocrx_word' id='word_1_341' title='bbox 846 4652 939 4702; x_wconf 77' lang='lat' dir='ltr'>bra</span> <span class='ocrx_word' id='word_1_342' title='bbox 959 4652 1385 4718; x_wconf 74' lang='lat' dir='ltr'>philosophorum,</span> <span class='ocrx_word' id='word_1_343' title='bbox 1401 4652 1535 4716; x_wconf 80' lang='lat' dir='ltr'>apud</span> <span class='ocrx_word' id='word_1_344' title='bbox 1556 4659 1781 4704; x_wconf 81' lang='lat' dir='ltr'>auctores</span> <span class='ocrx_word' id='word_1_345' title='bbox 1947 4652 1967 4681; x_wconf 86' lang='lat'>⁴</span> <span class='ocrx_word' id='word_1_346' title='bbox 1975 4651 2181 4716; x_wconf 74' lang='lat' dir='ltr'>faciunt</span> <span class='ocrx_word' id='word_1_347' title='bbox 2233 4654 2432 4719; x_wconf 70' lang='lat' dir='ltr'>speciem</span> <span class='ocrx_word' id='word_1_348' title='bbox 2477 4687 2690 4705; x_wconf 87' lang='grc'><strong>.....</strong></span> <span class='ocrx_word' id='word_1_349' title='bbox 2738 4651 2880 4720; x_wconf 72' lang='lat' dir='ltr'>plns]</span> 
     </span>
    </p>
   </div>
   <div class='ocr_carea' id='block_1_11' title="bbox 780 4730 2794 4797">
    <p class='ocr_par' dir='ltr' id='par_1_11' title="bbox 780 4730 2794 4797">
     <span class='ocr_line' id='line_1_54' title="bbox 780 4730 2794 4797; baseline 0.002 -17"><span class='ocrx_word' id='word_1_350' title='bbox 780 4735 809 4761; x_wconf 84' lang='lat'>‘⁸</span> <span class='ocrx_word' id='word_1_351' title='bbox 842 4731 907 4781; x_wconf 75' lang='lat' dir='ltr'>de</span> <span class='ocrx_word' id='word_1_352' title='bbox 968 4731 1267 4795; x_wconf 78' lang='lat' dir='ltr'>aspectibus.</span> <span class='ocrx_word' id='word_1_353' title='bbox 1340 4730 1539 4797; x_wconf 73' lang='lat' dir='ltr'>Species</span> <span class='ocrx_word' id='word_1_354' title='bbox 1612 4739 1780 4782; x_wconf 77' lang='lat' dir='ltr'>autem</span> <span class='ocrx_word' id='word_1_355' title='bbox 1884 4745 1982 4782; x_wconf 87' lang='lat' dir='ltr'>om.</span> <span class='ocrx_word' id='word_1_356' title='bbox 2021 4731 2099 4792; x_wconf 66' lang='lat'>13„</span> <span class='ocrx_word' id='word_1_357' title='bbox 2131 4733 2232 4782; x_wconf 82' lang='lat' dir='ltr'>and</span> <span class='ocrx_word' id='word_1_358' title='bbox 2269 4731 2449 4784; x_wconf 77' lang='lat' dir='ltr'>inserts</span> <span class='ocrx_word' id='word_1_359' title='bbox 2473 4733 2601 4784; x_wconf 76' lang='lat' dir='ltr'>aster</span> <span class='ocrx_word' id='word_1_360' title='bbox 2633 4749 2794 4786; x_wconf 72' lang='lat' dir='ltr'>sonus.</span> 
     </span>
    </p>
   </div>
  </div>
 </body>
</html>
