3517 5750
550 2378 712 2432 sends
734 2382 821 2433 the

548 2514 749 2565 {reatino
770 2530 835 2565 on

542 2579 630 2631 the
650 2582 770 2631 snb-

540 2646 658 2711 ject-

888 846 1021 919 270
1650 863 1908 913 noem
1951 862 2244 911 mcoms
2817 844 2991 931 [cir.

888 1038 1295 1116 maleficium,
1342 1038 1768 1125 praestigium,
1819 1038 2266 1125 sortilegium3
2331 1056 2613 1122 quarum
2675 1035 2991 1121 quaelibet

886 1140 1087 1205 habet
1130 1140 1373 1225 species
1418 1140 1677 1207 multas.
1755 1141 1847 1207 Et
1891 1142 2030 1207 haec
2072 1140 2212 1205 sola
2255 1138 2652 1225 dampnatur
2681 1160 2723 1202 a
2749 1136 2992 1203 amotis

884 1247 954 1307 et
1018 1240 1421 1328 philosophis
1487 1242 1810 1321 similiter,
1859 1264 1992 1308 non
2067 1242 2200 1307 alia.
2273 1239 2756 1319 mathematica,
2821 1240 2992 1304 sicut

883 1348 1073 1430 patet
1142 1366 1261 1430 per
1334 1344 1780 1425 Aristotelem,
1843 1348 1914 1411 et
1989 1342 2351 1421 Platonem,
2413 1348 2484 1407 et
2559 1342 2868 1417 Plinium,
2921 1346 2991 1407 et

886 1446 1195 1525 Tullium,
1242 1450 1311 1511 et
1354 1466 1597 1512 omnes.
1688 1447 1759 1513 Ν
1758 1468 1870 1511 am
1913 1448 2055 1513 haec
2097 1448 2238 1512 sola.
2295 1444 2580 1533 imponit
2637 1444 2988 1511 necessita-

886 1554 1023 1613 tem
1080 1548 1287 1615 libero
1346 1548 1638 1631 arbitrio,
1686 1557 1757 1616 et
1818 1550 2010 1617 docet
2071 1550 2403 1615 hominem
2469 1548 2718 1634 fingere
2777 1568 2988 1613 mores

886 1672 1037 1716 suos
1112 1652 1185 1715 in
1259 1652 1464 1732 coe103
1540 1656 1609 1717 et
1671 1652 1752 1717 de
1823 1654 2130 1719 omnibus
2203 1651 2449 1718 nititur
2515 1656 2766 1716 certum
2834 1650 2991 1715 dare

884 1753 1243 1819 indicium:
1306 1760 1375 1820 et
1426 1756 1568 1821 hoec
1628 1761 1730 1820 est
1791 1756 2160 1823 maledicta..
2252 1755 2345 1820 Et
2411 1774 2639 1819 omnes
2705 1752 2989 1818 auctori-

884 1861 1055 1922 tates
1098 1857 1477 1943 Augustini,
1526 1864 1593 1925 et
1638 1858 2056 1945 Hieronymi,
2103 1862 2174 1925 et
2217 1857 2509 1937 aliorum,
2555 1858 2628 1921 in
2675 1854 2990 1921 Homiliis

884 1958 1291 2047 Epiphaniae,
1338 1965 1408 2026 et
1452 1960 1629 2039 alibi,
1675 1960 1942 2027 directae
2021 1966 2180 2027 sunt
2237 1965 2462 2025 contra
2513 1982 2610 2039 ea,
2657 1980 2802 2045 quae
2847 1958 2988 2023 haec

880 2084 987 2127 ars
1064 2060 1291 2129 docet.¹
1386 2062 1479 2129 Et
1536 2063 1611 2127 in
1668 2064 1854 2129 nullo
1927 2064 2417 2130 contrariantur
2487 2061 2984 2140 mathematicoe,

881 2186 1029 2249 quoe
1073 2172 1175 2231 est
1218 2188 1368 2253 pars
1411 2164 1840 2252 philosophiae
1869 2189 1886 2245 3
1946 2166 2117 2232 sicut
2175 2164 2520 2230 manifeste
2580 2162 2854 2229 ostendo
2912 2162 2987 2227 in

882 2266 1001 2333 hoc
1047 2268 1355 2355 capitulo.
1452 2268 1545 2333 Et
1602 2268 1661 2333 si
1720 2268 1929 2333 vultis
1997 2267 2322 2355 copiosius
2389 2266 2632 2346 videre,
2692 2266 2985 2351 jubeatis

882 2368 1177 2435 «Iohanni
1221 2376 1300 2437 ut
1342 2370 1541 2435 faciat
1584 2369 1782 2436 scribi
1834 2370 1916 2435 de
1975 2371 2152 2436 bona
2193 2372 2390 2435 litera
2433 2372 2790 2435 tractatum
2849 2368 2985 2454 ple-

882 2472 1149 2553 niorem,
1198 2494 1391 2559 quem
1439 2472 1655 2553 habet,
1702 2495 1822 2559 pro
1867 2473 2073 2553 vobis,
2120 2477 2201 2538 ut
2243 2472 2528 2538 videatis
2571 2472 2750 2557 quod
2777 2470 2986 2556 philo-

882 2574 1073 2661 sophi
1130 2580 1288 2641 sunt
1346 2574 1731 2641 sobriissimi
1783 2576 1856 2639 in
1898 2576 2168 2662 judiciis
2215 2574 2648 2651 astronomiae,
2695 2580 2765 2638 et
2813 2573 2988 2658 quod

884 2678 955 2741 in
1008 2676 1193 2741 nullo
1244 2682 1670 2763 praesumunt,
1732 2700 1853 2743 nec
1906 2684 2140 2743 errant.
2251 2676 2343 2741 Et
2393 2698 2510 2763 per
2561 2677 2682 2741 hoc
2731 2675 2982 2761 capitu-

882 2776 1022 2843 lum
1083 2780 1585 2865 deprehendetis
1644 2780 1833 2867 vulgi
1914 2779 2518 2866 philosophantium
2589 2784 2659 2843 et
2731 2776 2981 2843 theolo-

880 2901 1113 2966 gorum
1156 2882 1514 2947 multorum
1559 2883 1916 2949 stultitiam
1959 2883 2290 2948 infinitam
2318 2905 2334 2960 ;
2383 2881 2540 2968 quia
2580 2881 2764 2958 illud,
2808 2881 2986 2966 quod

881 2984 1171 3048 maxime
1230 2983 1413 3049 valet
1472 2986 1584 3064 eis,
1655 2987 1764 3071 (ut
1841 2991 2032 3071 patet
2091 3007 2178 3050 ex
2241 2985 2439 3051 dictis
2507 2989 2576 3050 et
2641 2981 2985 3070 dicendis‚)

878 3085 1274 3171 reprobant3
1364 3087 1468 3151 et⁹
1520 3109 1657 3152 non
1703 3089 1917 3153 solum
1976 3089 2048 3153 in
2099 3090 2450 3154 veritatem
2506 3085 2984 3174 blasphemant,

880 3187 995 3252 sed
1055 3189 1233 3273 quod
1292 3189 1668 3274 reprobant,
1728 3189 2059 3276 ignorant,
2121 3195 2193 3256 et
2242 3191 2514 3255 modum
2572 3187 2983 3275 reprobandi,

878 3295 959 3355 ut
1002 3290 1239 3356 merito
1287 3292 1372 3357 ab
1426 3293 1608 3358 omni
1656 3293 1948 3379 sapiente
2011 3292 2452 3360 derideantur.
2547 3291 2788 3356 Nullus
2833 3313 2990 3356 vero

758 3381 807 3405 '⁸
868 3393 1081 3479 judex
1142 3394 1347 3461 habet
1403 3395 1700 3481 judicare
1763 3416 2025 3461 causam
2085 3416 2283 3482 quam
2343 3396 2651 3482 ignorat3
2715 3399 2783 3460 et
2839 3393 2986 3459 ideo

876 3497 947 3562 in
1018 3497 1205 3564 nullo
1286 3503 1389 3564 est
1459 3499 1554 3564 eis
1630 3499 2046 3579 credendum,
2100 3499 2303 3563 immo
2378 3504 2536 3564 sunt
2600 3497 2770 3563 sicut
2819 3495 2988 3562 asini

878 3601 1235 3666 deridendi.

1706 3911 1866 3975 CAP.
1914 3909 2156 3976 LXVI.

542 4126 616 4179 122
638 4129 838 4181 various
970 4110 1283 4175 ΟΒΤΕΝΒΟ
1344 4111 1521 4197 quod
1580 4114 2052 4180 mathematica
2109 4119 2212 4179 est
2270 4111 2634 4178 necessaria
2683 4110 2990 4189 scientiis,

542 4211 669 4246 11808.

882 4215 952 4276 et
996 4211 1191 4276 rebus
1236 4213 1435 4300 hujus
1480 4214 1735 4296 mundi,
1783 4222 1854 4281 et
1901 4215 2265 4303 theologiae‚
2313 4213 2652 4280 evacuatis
2695 4211 2995 4298 blesphe-

878 4314 1031 4379 miis
1125 4315 1480 4380 stultorum
1555 4317 1673 4403 qui
1757 4317 2290 4384 mathematicam
2387 4318 2716 4403 ignorant,
2831 4319 2992 4379 tunc

882 4418 1292 4484 consideravi
1368 4419 1900 4485 mathematicam
1975 4427 2277 4508 respectu
2360 4420 2644 4485 ecclesiae
2720 4417 2849 4484 Dei
2922 4421 2993 4482 et

2632 4611 2713 4616 —-
2740 4609 2972 4616 ——-——-

946 4737 959 4768 ¹
984 4737 1143 4802 docet]
1183 4737 1326 4800 dicit,
1360 4739 1421 4788 Τ.
1819 4737 1828 4804 Ι
2055 4737 2077 4766 ²
2091 4737 2162 4803 et]
2202 4752 2301 4788 om.
2325 4737 2386 4790 Τ.
