3517 5750
567 865 767 952 κήτη]
1345 882 1521 934 orus
1565 882 1886 932 'murrum
2541 870 2668 932 225

557 1061 721 1143 puto
784 1060 1005 1143 potest
1067 1055 1189 1123 hoe
1262 1056 1537 1144 probare
1607 1079 1725 1144 per
1787 1055 2266 1122 revolutionem
2354 1058 2670 1143 temporis

554 1180 761 1245 usque
806 1159 891 1225 ad
936 1159 1113 1225 diem
1162 1159 1510 1226 Passionis,
1604 1160 1697 1225 Et
1757 1181 1904 1225 eum
1967 1164 2190 1225 totum
2257 1159 2496 1245 vulgus
2561 1159 2668 1225 vel

554 1266 729 1328 erret
772 1260 897 1341 hie,
942 1261 1049 1326 vel
1108 1260 1389 1328 dubium
1434 1262 1844 1349 sapientibus
1888 1265 2232 1349 proponat,
2281 1282 2401 1327 nee
2467 1262 2669 1329 habet

554 1362 791 1449 aliquis
866 1362 948 1429 de
1008 1364 1209 1450 vulgo
1283 1366 1460 1429 unde
1535 1365 1772 1451 probet
1846 1364 2024 1450 quod
2099 1364 2280 1441 dicit,
2328 1385 2444 1429 neo
2512 1385 2660 1449 qua·

554 1464 709 1533 liter
750 1466 1148 1552 respondeat
1194 1466 1582 1548 rationibus,
1618 1466 1941 1554 Magister
1983 1472 2212 1533 tamen
2256 1465 2328 1531 in
2371 1465 2666 1533 historiis

558 1566 835 1655 pessime
880 1576 1074 1635 errat.

648 1682 976 1763 Quoniam
1020 1704 1343 1771 ponamus
1388 1684 1565 1771 quod
1609 1706 1746 1750 non
1803 1689 1977 1751 erret
2031 1684 2102 1748 in
2149 1683 2424 1750 dicendo
2491 1685 2666 1770 quod

561 1785 1045 1870 quintadecima
1102 1786 1279 1868 luna,
1334 1790 1404 1851 et
1458 1791 1691 1853 octavo
1740 1786 2062 1853 kalendas
2128 1784 2380 1852 fuerit¹
2441 1808 2666 1874 passus

556 1886 920 1968 Dominus;
962 1893 1188 1954 tamen
1232 1911 1381 1955 cum
1412 1890 1562 1954 vult
1605 1889 1731 1955 hoo
1776 1889 2072 1977 probare,
2103 1894 2280 1955 errat
2310 1889 2492 1954 ultra
2525 1912 2664 1953 mo-

556 1990 735 2070 dum,
781 1995 852 2056 et
895 1990 1081 2057 ducit
1126 2014 1352 2057 omnes
1382 1992 1455 2057 in
1485 2014 1788 2070 errorem,
1835 1997 1915 2057 ut
1959 1992 2232 2058 credant
2277 1992 2456 2078 quod
2501 1991 2664 2057 bene

556 2092 936 2179 probaverit
979 2094 1153 2180 quod
1184 2094 1507 2181 proponit..
1585 2094 1661 2159 Si
1690 2094 1867 2159 enim
1912 2094 2108 2159 homo
2151 2095 2502 2159 veritatem
2547 2094 2664 2159 ali-

562 2218 761 2282 quam
801 2219 921 2283 pro
976 2197 1141 2262 falsa
1209 2198 1452 2263 nititur
1517 2198 1812 2285 probare,
1860 2200 1930 2261 et
1975 2198 2208 2261 asserit
2271 2218 2453 2261 suam
2518 2218 2666 2283 pro-

560 2298 909 2377 bationem,
977 2321 1113 2364 non
1176 2302 1396 2365 minus
1460 2306 1561 2365 est
1623 2299 2083 2387 vituperabilis
2151 2320 2348 2385 quam
2393 2299 2502 2363 ille
2549 2300 2664 2385 qui

468 2448 481 2461 .
558 2400 795 2465 falsum
858 2402 1099 2467 nititur
1160 2422 1278 2489 per
1320 2402 1483 2467 falsa
1542 2401 1860 2489 probare3
1927 2402 2128 2467 immo
2173 2402 2382 2487 magis
2425 2402 2498 2465 in
2543 2401 2666 2467 hoo

561 2502 953 2568 deridendus
995 2508 1113 2581 est,
1147 2504 1323 2590 quod
1351 2526 1469 2591 per
1512 2503 1677 2569 falsa
1721 2504 2010 2569 maculat
2039 2504 2408 2569 veritatem.
2481 2504 2666 2569 Veri-

559 2610 663 2670 tas
708 2606 881 2670 enim
914 2608 1251 2672 mendacio
1282 2628 1419 2672 non
1445 2606 1718 2693 indiget.
1811 2606 1978 2671 Dioo
2015 2606 2222 2693 igitur
2266 2606 2443 2691 quod
2488 2608 2665 2692 quic-

558 2708 719 2793 quid
764 2709 855 2773 sit
898 2708 979 2774 de
1024 2709 1430 2775 conclusione
1474 2710 1737 2775 intenta
1798 2708 2118 2795 Magister
2176 2713 2354 2775 errat
2398 2709 2664 2774 omnino

556 2810 628 2876 in
696 2832 815 2877 sua
881 2812 1321 2900 propositione
1392 2834 1589 2899 quam
1654 2812 1860 2899 ponit,
1927 2812 2000 2876 in
2066 2811 2197 2877 fine
2259 2811 2532 2899 capituli
2579 2811 2661 2877 de

558 2913 765 2980 Coena
811 2915 1121 2994 Domini3
1165 2938 1313 2981 eum
1360 2916 1541 2995 dicit,
1586 2917 1643 2980 si
1688 2915 1990 2981 revolvas
2031 2915 2330 2980 tabulas2
2375 2917 2665 3003 computi

556 3017 629 3081 in
696 3039 869 3083 anno
932 3017 1278 3098 Passionis„
1348 3018 1645 3084 invenies
1706 3019 1934 3084 lunam
2011 3019 2390 3083 vicesimam
2437 3039 2664 3085 secun-

559 3119 727 3198 dam,
821 3121 890 3184 in
979 3119 1281 3186 kalendis
1328 3121 1594 3208 Aprilis,
1642 3127 1711 3187 et
1756 3122 1932 3187 diem
1999 3121 2316 3200 Veneris3
2397 3143 2550 3208 ergo
2596 3123 2666 3186 in

556 3227 789 3288 octavo
832 3221 1151 3288 kalendas
1213 3222 1345 3288 fuit
1389 3223 1550 3289 luna
1595 3223 2100 3309 quintadecima,
2148 3230 2218 3290 et
2263 3223 2403 3288 dies
2450 3223 2662 3289 Vene-

554 3325 659 3390 ris,
773 3324 1017 3392 Totum
1084 3326 1267 3390 istud
1336 3331 1802 3414 argumentum
1871 3327 2061 3414 ponit
2106 3327 2536 3413 compositum
2582 3347 2665 3392 ex

556 3426 813 3492 duabus
856 3427 1349 3514 consequentiis·

646 3527 779 3595 Sed
824 3551 909 3596 ex
954 3531 1167 3617 prima
1228 3535 1594 3616 sequuntur
1638 3531 1771 3596 duo
1831 3529 2274 3618 impossibilia.
2388 3528 2566 3593 Nam
2611 3531 2668 3594 si

557 3632 967 3698 revolvamus
1033 3633 1293 3698 tabulas
1356 3630 1696 3720 eomputi‚⁸
1758 3638 1828 3698 et
1894 3630 2054 3696 luna
2095 3632 2298 3698 fuerit
2359 3631 2670 3697 vicesima

560 3733 843 3800 secunda
886 3735 959 3800 in
1002 3734 1303 3801 kalendis
1345 3734 1611 3822 Aprilis,
1684 3735 1984 3820 sequitur
2027 3734 2204 3821 quod
2248 3755 2483 3799 aureus
2545 3757 2670 3800 nu·-

558 3859 777 3902 merus
828 3836 1030 3903 fuerit
1074 3837 1365 3904 decimus
1407 3839 1646 3902 tertius
1708 3839 1780 3902 in
1847 3859 2022 3902 anno
2068 3836 2410 3914 Passionis,
2460 3842 2528 3901 et
2573 3837 2670 3902 ita

556 3939 733 4025 quod
776 3939 979 4005 fuerit
1008 3939 1299 4005 decimus
1342 3941 1580 4006 tertius
1622 3962 1836 4006 annus
1881 3939 2130 4006 Christi
2159 3940 2516 4005 seeundum
2561 3961 2672 4026 ey-

556 4041 705 4106 olos.
824 4041 957 4107 Sed
1001 4047 1163 4108 tune
1207 4041 1289 4108 de
1333 4043 1717 4108 necessitate
1781 4043 2077 4128 sequitur
2120 4042 2296 4129 quod
2345 4042 2668 4108 Dominus

558 4141 687 4208 fuit
763 4165 989 4230 passus
1070 4144 1141 4209 in
1204 4145 1531 4211 tricesimo
1597 4165 1790 4225 ann0,
1859 4151 1929 4211 et
1990 4146 2063 4210 in
2125 4145 2232 4210 die
2301 4143 2665 4223 Dominioa,

561 4245 732 4309 sicut
790 4245 1073 4330 quilibet
1131 4249 1351 4335 potest
1396 4248 1693 4334 experiri,
1759 4247 1876 4333 qui
1943 4247 2068 4314 soit
2141 4246 2436 4313 tabulam
2503 4247 2670 4312 hano

564 4348 915 4414 revolvere.
1026 4347 1117 4415 Et
1174 4349 1299 4415 hoc
1350 4351 1597 4436 poterit
1642 4349 1689 4416 J
1692 4349 1996 4430 ohannes,
2046 4371 2240 4435 quem
2307 4349 2475 4428 misi,
2523 4370 2670 4434 pro-

634 4723 647 4754 ¹
658 4723 851 4791 suerit]
886 4725 999 4786 fuit,
1019 4727 1080 4778 B.
1732 4725 1752 4755 ¹
1775 4721 1966 4776 tabulas
1985 4721 2220 4789 computi]
2257 4727 2562 4786 computum,
2583 4719 2645 4770 B.

632 4804 653 4833 ³
677 4802 897 4871 tabulas]
937 4807 1175 4868 tabulam,
1197 4805 1257 4857 B.
1682 4843 1687 4847 Δ

742 4900 895 4954 VOL.
931 4902 971 4956 1.
2367 4897 2408 4946 Ρ
