<?xml version="1.0" encoding="UTF-8"?>
<!DOCTYPE html PUBLIC "-//W3C//DTD XHTML 1.0 Transitional//EN"
    "http://www.w3.org/TR/xhtml1/DTD/xhtml1-transitional.dtd">
<html xmlns="http://www.w3.org/1999/xhtml" xml:lang="en" lang="en">
 <head>
  <title>
</title>
<meta http-equiv="Content-Type" content="text/html;charset=utf-8" />
  <meta name='ocr-system' content='tesseract 3.04.00' />
  <meta name='ocr-capabilities' content='ocr_page ocr_carea ocr_par ocr_line ocrx_word'/>
</head>
<body>
  <div class='ocr_page' id='page_1' title='image "./frrogeribaconop00brewgoog_0453.png"; bbox 0 0 3517 5750; ppageno 0'>
   <div class='ocr_carea' id='block_1_1' title="bbox 496 978 793 1095">
    <p class='ocr_par' dir='ltr' id='par_1_1' title="bbox 496 978 793 1095">
     <span class='ocr_line' id='line_1_1' title="bbox 498 978 719 1029; baseline 0.009 -2"><span class='ocrx_word' id='word_1_1' title='bbox 498 978 719 1029; x_wconf 66' lang='lat' dir='ltr'><strong>Vsu-iona</strong></span> 
     </span>
     <span class='ocr_line' id='line_1_2' title="bbox 496 1044 793 1095; baseline -0.003 -1"><span class='ocrx_word' id='word_1_2' title='bbox 496 1044 721 1095; x_wconf 72' lang='lat' dir='ltr'><strong>versione</strong></span> <span class='ocrx_word' id='word_1_3' title='bbox 734 1044 793 1093; x_wconf 77' lang='lat' dir='ltr'><strong>of</strong></span> 
     </span>
    </p>
   </div>
   <div class='ocr_carea' id='block_1_2' title="bbox 498 1110 765 1227">
    <p class='ocr_par' dir='ltr' id='par_1_2' title="bbox 498 1110 765 1227">
     <span class='ocr_line' id='line_1_3' title="bbox 498 1110 765 1175; baseline -0.007 -14"><span class='ocrx_word' id='word_1_4' title='bbox 498 1112 584 1161; x_wconf 85' lang='lat' dir='ltr'><strong>the</strong></span> <span class='ocrx_word' id='word_1_5' title='bbox 603 1110 765 1175; x_wconf 81' lang='lat' dir='ltr'><strong>Scrip-</strong></span> 
     </span>
     <span class='ocr_line' id='line_1_4' title="bbox 500 1186 650 1227; baseline 0 0"><span class='ocrx_word' id='word_1_6' title='bbox 500 1186 650 1227; x_wconf 74' lang='lat' dir='ltr'><strong>tures.</strong></span> 
     </span>
    </p>
   </div>
   <div class='ocr_carea' id='block_1_3' title="bbox 834 782 2163 850">
    <p class='ocr_par' dir='ltr' id='par_1_3' title="bbox 834 782 2163 850">
     <span class='ocr_line' id='line_1_5' title="bbox 834 782 2163 850; baseline -0.006 -1"><span class='ocrx_word' id='word_1_7' title='bbox 834 782 967 850; x_wconf 79' lang='lat'><strong>340</strong></span> <span class='ocrx_word' id='word_1_8' title='bbox 1564 792 1827 843; x_wconf 70' lang='lat' dir='ltr'><strong>nocam</strong></span> <span class='ocrx_word' id='word_1_9' title='bbox 1873 792 2163 843; x_wconf 71' lang='lat' dir='ltr'><strong>mcoms</strong></span> 
     </span>
    </p>
   </div>
   <div class='ocr_carea' id='block_1_4' title="bbox 832 962 2946 4217">
    <p class='ocr_par' dir='ltr' id='par_1_4' title="bbox 832 962 2946 4217">
     <span class='ocr_line' id='line_1_6' title="bbox 832 962 2937 1034; baseline -0.003 -1"><span class='ocrx_word' id='word_1_10' title='bbox 832 974 948 1034; x_wconf 85' lang='lat' dir='ltr'><strong>est.</strong></span> <span class='ocrx_word' id='word_1_11' title='bbox 1044 967 1134 1032; x_wconf 91' lang='lat' dir='ltr'><strong>Et</strong></span> <span class='ocrx_word' id='word_1_12' title='bbox 1190 966 1337 1031; x_wconf 92' lang='lat' dir='ltr'><strong>ideo</strong></span> <span class='ocrx_word' id='word_1_13' title='bbox 1394 967 1539 1032; x_wconf 82' lang='lat' dir='ltr'><strong>haec</strong></span> <span class='ocrx_word' id='word_1_14' title='bbox 1594 967 1769 1032; x_wconf 89' lang='lat' dir='ltr'><strong>ratio</strong></span> <span class='ocrx_word' id='word_1_15' title='bbox 1827 964 2014 1031; x_wconf 83' lang='lat' dir='ltr'><strong>nulla</strong></span> <span class='ocrx_word' id='word_1_16' title='bbox 2071 965 2188 1031; x_wconf 82' lang='lat' dir='ltr'><strong>est.</strong></span> <span class='ocrx_word' id='word_1_17' title='bbox 2297 962 2432 1029; x_wconf 88' lang='lat' dir='ltr'><strong>Sed</strong></span> <span class='ocrx_word' id='word_1_18' title='bbox 2491 962 2732 1029; x_wconf 87' lang='lat' dir='ltr'><strong>dicitur</strong></span> <span class='ocrx_word' id='word_1_19' title='bbox 2775 962 2937 1027; x_wconf 86' lang='lat' dir='ltr'><strong>Vul-</strong></span> 
     </span>
     <span class='ocr_line' id='line_1_7' title="bbox 832 1066 2937 1156; baseline -0.002 -23"><span class='ocrx_word' id='word_1_20' title='bbox 832 1075 1005 1156; x_wconf 82' lang='lat' dir='ltr'><strong>gata,</strong></span> <span class='ocrx_word' id='word_1_21' title='bbox 1074 1090 1221 1154; x_wconf 80' lang='lat' dir='ltr'><strong>quae</strong></span> <span class='ocrx_word' id='word_1_22' title='bbox 1279 1069 1481 1155; x_wconf 83' lang='lat' dir='ltr'><strong>vulgo</strong></span> <span class='ocrx_word' id='word_1_23' title='bbox 1540 1074 1611 1133; x_wconf 85' lang='lat' dir='ltr'><strong>et</strong></span> <span class='ocrx_word' id='word_1_24' title='bbox 1670 1068 1928 1155; x_wconf 84' lang='lat' dir='ltr'><strong>publice</strong></span> <span class='ocrx_word' id='word_1_25' title='bbox 1987 1066 2074 1131; x_wconf 85' lang='lat' dir='ltr'><strong>ab</strong></span> <span class='ocrx_word' id='word_1_26' title='bbox 2149 1066 2523 1131; x_wconf 86' lang='lat' dir='ltr'><strong>hominibus</strong></span> <span class='ocrx_word' id='word_1_27' title='bbox 2581 1066 2937 1153; x_wconf 85' lang='lat' dir='ltr'><strong>legebatur,</strong></span> 
     </span>
     <span class='ocr_line' id='line_1_8' title="bbox 833 1166 2936 1257; baseline -0.002 -22"><span class='ocrx_word' id='word_1_28' title='bbox 833 1176 903 1235; x_wconf 85' lang='lat' dir='ltr'><strong>et</strong></span> <span class='ocrx_word' id='word_1_29' title='bbox 960 1170 1091 1235; x_wconf 80' lang='lat' dir='ltr'><strong>fuit</strong></span> <span class='ocrx_word' id='word_1_30' title='bbox 1149 1170 1222 1234; x_wconf 88' lang='lat' dir='ltr'><strong>in</strong></span> <span class='ocrx_word' id='word_1_31' title='bbox 1280 1192 1403 1235; x_wconf 89' lang='lat' dir='ltr'><strong>usu</strong></span> <span class='ocrx_word' id='word_1_32' title='bbox 1464 1170 1666 1257; x_wconf 75' lang='lat' dir='ltr'><strong>vulgi,</strong></span> <span class='ocrx_word' id='word_1_33' title='bbox 1763 1174 1834 1235; x_wconf 91' lang='lat' dir='ltr'><strong>et</strong></span> <span class='ocrx_word' id='word_1_34' title='bbox 1907 1168 2116 1233; x_wconf 89' lang='lat' dir='ltr'><strong>totius</strong></span> <span class='ocrx_word' id='word_1_35' title='bbox 2189 1166 2472 1233; x_wconf 85' lang='lat' dir='ltr'><strong>ecclesiae</strong></span> <span class='ocrx_word' id='word_1_36' title='bbox 2547 1167 2794 1233; x_wconf 81' lang='lat' dir='ltr'><strong>Graecae</strong></span> <span class='ocrx_word' id='word_1_37' title='bbox 2867 1172 2936 1231; x_wconf 93' lang='lat' dir='ltr'><strong>et</strong></span> 
     </span>
     <span class='ocr_line' id='line_1_9' title="bbox 836 1268 2938 1356; baseline -0.002 -19"><span class='ocrx_word' id='word_1_38' title='bbox 836 1272 1111 1338; x_wconf 72' lang='lat' dir='ltr'><strong>Latium.</strong></span> <span class='ocrx_word' id='word_1_39' title='bbox 1208 1272 1300 1337; x_wconf 92' lang='lat' dir='ltr'><strong>Et</strong></span> <span class='ocrx_word' id='word_1_40' title='bbox 1344 1272 1482 1337; x_wconf 65' lang='lat' dir='ltr'><strong>brec</strong></span> <span class='ocrx_word' id='word_1_41' title='bbox 1524 1272 1657 1336; x_wconf 82' lang='lat' dir='ltr'><strong>fuit</strong></span> <span class='ocrx_word' id='word_1_42' title='bbox 1701 1271 1840 1335; x_wconf 82' lang='lat' dir='ltr'><strong>sola</strong></span> <span class='ocrx_word' id='word_1_43' title='bbox 1883 1268 2230 1335; x_wconf 68' lang='lat' dir='ltr'><strong>translatio</strong></span> <span class='ocrx_word' id='word_1_44' title='bbox 2275 1268 2732 1356; x_wconf 72' lang='lat' dir='ltr'><strong>Septuaginta,</strong></span> <span class='ocrx_word' id='word_1_45' title='bbox 2765 1269 2938 1354; x_wconf 89' lang='lat' dir='ltr'><strong>quod</strong></span> 
     </span>
     <span class='ocr_line' id='line_1_10' title="bbox 832 1370 2938 1461; baseline -0.001 -23"><span class='ocrx_word' id='word_1_46' title='bbox 832 1374 1153 1461; x_wconf 79' lang='lat' dir='ltr'><strong>probatur</strong></span> <span class='ocrx_word' id='word_1_47' title='bbox 1182 1374 1537 1440; x_wconf 86' lang='lat' dir='ltr'><strong>evidenter.</strong></span> <span class='ocrx_word' id='word_1_48' title='bbox 1584 1372 1769 1438; x_wconf 90' lang='lat' dir='ltr'><strong>Dicit</strong></span> <span class='ocrx_word' id='word_1_49' title='bbox 1795 1372 2034 1437; x_wconf 86' lang='lat' dir='ltr'><strong>beatus</strong></span> <span class='ocrx_word' id='word_1_50' title='bbox 2063 1372 2480 1457; x_wconf 72' lang='lat' dir='ltr'>Augustinus</span> <span class='ocrx_word' id='word_1_51' title='bbox 2511 1376 2659 1437; x_wconf 89' lang='lat' dir='ltr'><strong>octo</strong></span> <span class='ocrx_word' id='word_1_52' title='bbox 2689 1370 2938 1436; x_wconf 87' lang='lat' dir='ltr'><strong>decimo</strong></span> 
     </span>
     <span class='ocr_line' id='line_1_11' title="bbox 836 1473 2940 1569; baseline -0.001 -29"><span class='ocrx_word' id='word_1_53' title='bbox 836 1476 939 1540; x_wconf 92' lang='lat' dir='ltr'><strong>De</strong></span> <span class='ocrx_word' id='word_1_54' title='bbox 978 1474 1271 1542; x_wconf 85' lang='lat' dir='ltr'><strong>Civitate</strong></span> <span class='ocrx_word' id='word_1_55' title='bbox 1306 1476 1450 1555; x_wconf 91' lang='lat' dir='ltr'><strong>Dei,</strong></span> <span class='ocrx_word' id='word_1_56' title='bbox 1488 1482 1524 1511; x_wconf 93' lang='lat'><strong>“</strong></span> <span class='ocrx_word' id='word_1_57' title='bbox 1544 1474 1712 1539; x_wconf 85' lang='lat' dir='ltr'><strong>hanc</strong></span> <span class='ocrx_word' id='word_1_58' title='bbox 1752 1496 1902 1559; x_wconf 74' lang='lat' dir='ltr'><strong>quae</strong></span> <span class='ocrx_word' id='word_1_59' title='bbox 1949 1473 2389 1569; x_wconf 75' lang='lat' dir='ltr'><strong>Septuaginta</strong></span> <span class='ocrx_word' id='word_1_60' title='bbox 2435 1476 2552 1551; x_wconf 87' lang='lat' dir='ltr'><strong>est,</strong></span> <span class='ocrx_word' id='word_1_61' title='bbox 2601 1478 2940 1557; x_wconf 78' lang='lat' dir='ltr'><strong>tamquam</strong></span> 
     </span>
     <span class='ocr_line' id='line_1_12' title="bbox 836 1575 2938 1662; baseline -0.002 -20"><span class='ocrx_word' id='word_1_62' title='bbox 836 1584 875 1615; x_wconf 87' lang='lat'><em>“</em></span> <span class='ocrx_word' id='word_1_63' title='bbox 917 1578 1057 1643; x_wconf 87' lang='lat' dir='ltr'><strong>sola</strong></span> <span class='ocrx_word' id='word_1_64' title='bbox 1094 1583 1263 1643; x_wconf 81' lang='lat' dir='ltr'><strong>esset</strong></span> <span class='ocrx_word' id='word_1_65' title='bbox 1306 1578 1397 1641; x_wconf 87' lang='lat' dir='ltr'><strong>sic</strong></span> <span class='ocrx_word' id='word_1_66' title='bbox 1426 1576 1659 1662; x_wconf 77' lang='lat' dir='ltr'><strong>recipit</strong></span> <span class='ocrx_word' id='word_1_67' title='bbox 1686 1576 1974 1655; x_wconf 85' lang='lat' dir='ltr'><strong>ecclesia,</strong></span> <span class='ocrx_word' id='word_1_68' title='bbox 2007 1596 2210 1660; x_wconf 84' lang='lat' dir='ltr'><strong>eaque</strong></span> <span class='ocrx_word' id='word_1_69' title='bbox 2241 1575 2379 1639; x_wconf 85' lang='lat' dir='ltr'><strong>sola</strong></span> <span class='ocrx_word' id='word_1_70' title='bbox 2409 1580 2695 1640; x_wconf 87' lang='lat' dir='ltr'><strong>utuntur</strong></span> <span class='ocrx_word' id='word_1_71' title='bbox 2729 1576 2938 1640; x_wconf 74' lang='lat' dir='ltr'><strong>Graeci</strong></span> 
     </span>
     <span class='ocr_line' id='line_1_13' title="bbox 838 1676 2942 1767; baseline -0.002 -22"><span class='ocrx_word' id='word_1_72' title='bbox 838 1686 875 1715; x_wconf 87' lang='lat'><strong>“</strong></span> <span class='ocrx_word' id='word_1_73' title='bbox 920 1680 1148 1767; x_wconf 87' lang='lat' dir='ltr'><strong>populi</strong></span> <span class='ocrx_word' id='word_1_74' title='bbox 1196 1678 1575 1757; x_wconf 72' lang='lat' dir='ltr'><strong>Christiani,</strong></span> <span class='ocrx_word' id='word_1_75' title='bbox 1640 1698 1922 1763; x_wconf 89' lang='lat' dir='ltr'><strong>quorum</strong></span> <span class='ocrx_word' id='word_1_76' title='bbox 1973 1676 2270 1763; x_wconf 83' lang='lat' dir='ltr'><strong>plerique</strong></span> <span class='ocrx_word' id='word_1_77' title='bbox 2331 1682 2555 1742; x_wconf 90' lang='lat' dir='ltr'><strong>utrum</strong></span> <span class='ocrx_word' id='word_1_78' title='bbox 2629 1678 2767 1743; x_wconf 87' lang='lat' dir='ltr'><strong>sint</strong></span> <span class='ocrx_word' id='word_1_79' title='bbox 2825 1677 2942 1741; x_wconf 83' lang='lat' dir='ltr'><strong>ali-</strong></span> 
     </span>
     <span class='ocr_line' id='line_1_14' title="bbox 838 1778 2940 1867; baseline -0.001 -21"><span class='ocrx_word' id='word_1_80' title='bbox 838 1790 875 1818; x_wconf 88' lang='lat'><strong>“</strong></span> <span class='ocrx_word' id='word_1_81' title='bbox 920 1780 1081 1867; x_wconf 89' lang='lat' dir='ltr'><strong>qua¹</strong></span> <span class='ocrx_word' id='word_1_82' title='bbox 1128 1782 1263 1845; x_wconf 85' lang='lat' dir='ltr'><strong>alia</strong></span> <span class='ocrx_word' id='word_1_83' title='bbox 1306 1778 1675 1867; x_wconf 81' lang='lat' dir='ltr'><strong>ignorant.’&#39;</strong></span> <span class='ocrx_word' id='word_1_84' title='bbox 1751 1779 1846 1843; x_wconf 86' lang='lat' dir='ltr'><strong>Et</strong></span> <span class='ocrx_word' id='word_1_85' title='bbox 1877 1778 2103 1843; x_wconf 88' lang='lat' dir='ltr'><strong>Latini</strong></span> <span class='ocrx_word' id='word_1_86' title='bbox 2143 1778 2314 1843; x_wconf 81' lang='lat' dir='ltr'><strong>hanc</strong></span> <span class='ocrx_word' id='word_1_87' title='bbox 2353 1779 2562 1843; x_wconf 88' lang='lat' dir='ltr'><strong>solum</strong></span> <span class='ocrx_word' id='word_1_88' title='bbox 2608 1800 2649 1843; x_wconf 88' lang='lat' dir='ltr'><strong>a</strong></span> <span class='ocrx_word' id='word_1_89' title='bbox 2698 1778 2940 1844; x_wconf 82' lang='lat' dir='ltr'><strong>Graeeis</strong></span> 
     </span>
     <span class='ocr_line' id='line_1_15' title="bbox 836 1880 2942 1967; baseline -0.002 -18"><span class='ocrx_word' id='word_1_90' title='bbox 836 1884 1225 1963; x_wconf 85' lang='lat' dir='ltr'><strong>habuerunt,</strong></span> <span class='ocrx_word' id='word_1_91' title='bbox 1257 1888 1337 1947; x_wconf 91' lang='lat' dir='ltr'><strong>ut</strong></span> <span class='ocrx_word' id='word_1_92' title='bbox 1382 1902 1607 1946; x_wconf 85' lang='lat' dir='ltr'><strong>omnes</strong></span> <span class='ocrx_word' id='word_1_93' title='bbox 1652 1880 1884 1946; x_wconf 87' lang='lat' dir='ltr'><strong>sciunt.</strong></span> <span class='ocrx_word' id='word_1_94' title='bbox 1979 1880 2395 1967; x_wconf 73' lang='lat' dir='ltr'><strong>Quapropter</strong></span> <span class='ocrx_word' id='word_1_95' title='bbox 2433 1881 2554 1947; x_wconf 91' lang='lat' dir='ltr'><strong>hoc</strong></span> <span class='ocrx_word' id='word_1_96' title='bbox 2597 1886 2698 1947; x_wconf 86' lang='lat' dir='ltr'><strong>est</strong></span> <span class='ocrx_word' id='word_1_97' title='bbox 2727 1886 2942 1946; x_wconf 83' lang='lat' dir='ltr'><strong>trans-</strong></span> 
     </span>
     <span class='ocr_line' id='line_1_16' title="bbox 838 1980 2942 2071; baseline 0 -22"><span class='ocrx_word' id='word_1_98' title='bbox 838 1985 1001 2051; x_wconf 84' lang='lat' dir='ltr'><strong>latio</strong></span> <span class='ocrx_word' id='word_1_99' title='bbox 1076 2006 1227 2071; x_wconf 83' lang='lat' dir='ltr'><strong>quae</strong></span> <span class='ocrx_word' id='word_1_100' title='bbox 1300 1984 1543 2049; x_wconf 88' lang='lat' dir='ltr'><strong>dicitur</strong></span> <span class='ocrx_word' id='word_1_101' title='bbox 1604 1983 1914 2069; x_wconf 86' lang='lat' dir='ltr'><strong>Vulgata.</strong></span> <span class='ocrx_word' id='word_1_102' title='bbox 2038 1980 2131 2045; x_wconf 89' lang='lat' dir='ltr'><strong>Et</strong></span> <span class='ocrx_word' id='word_1_103' title='bbox 2189 1981 2312 2048; x_wconf 91' lang='lat' dir='ltr'><strong>hoc</strong></span> <span class='ocrx_word' id='word_1_104' title='bbox 2369 1981 2716 2048; x_wconf 83' lang='lat' dir='ltr'><strong>evidenter</strong></span> <span class='ocrx_word' id='word_1_105' title='bbox 2757 1988 2942 2070; x_wconf 87' lang='lat' dir='ltr'><strong>patet</strong></span> 
     </span>
     <span class='ocr_line' id='line_1_17' title="bbox 838 2084 2942 2175; baseline -0.001 -22"><span class='ocrx_word' id='word_1_106' title='bbox 838 2110 953 2175; x_wconf 86' lang='lat' dir='ltr'><strong>per</strong></span> <span class='ocrx_word' id='word_1_107' title='bbox 1026 2088 1307 2153; x_wconf 80' lang='lat' dir='ltr'><strong>eundem</strong></span> <span class='ocrx_word' id='word_1_108' title='bbox 1376 2086 1830 2173; x_wconf 83' lang='lat' dir='ltr'><strong>Augustinum</strong></span> <span class='ocrx_word' id='word_1_109' title='bbox 1877 2084 2128 2149; x_wconf 79' lang='lat' dir='ltr'><strong>decimo</strong></span> <span class='ocrx_word' id='word_1_110' title='bbox 2181 2084 2420 2169; x_wconf 91' lang='lat' dir='ltr'><strong>quinto</strong></span> <span class='ocrx_word' id='word_1_111' title='bbox 2485 2084 2588 2149; x_wconf 91' lang='lat' dir='ltr'><strong>De</strong></span> <span class='ocrx_word' id='word_1_112' title='bbox 2649 2084 2942 2151; x_wconf 82' lang='lat' dir='ltr'><strong>Civitate</strong></span> 
     </span>
     <span class='ocr_line' id='line_1_18' title="bbox 840 2189 2943 2276; baseline -0.001 -18"><span class='ocrx_word' id='word_1_113' title='bbox 840 2194 991 2273; x_wconf 89' lang='lat' dir='ltr'><strong>Dei,</strong></span> <span class='ocrx_word' id='word_1_114' title='bbox 1020 2194 1112 2259; x_wconf 82' lang='lat' dir='ltr'><strong>sic</strong></span> <span class='ocrx_word' id='word_1_115' title='bbox 1156 2194 1513 2259; x_wconf 83' lang='lat' dir='ltr'><strong>dicentem:</strong></span> <span class='ocrx_word' id='word_1_116' title='bbox 1566 2198 1601 2227; x_wconf 91' lang='lat'><strong>“</strong></span> <span class='ocrx_word' id='word_1_117' title='bbox 1628 2190 1930 2256; x_wconf 90' lang='lat' dir='ltr'><strong>Fuerunt</strong></span> <span class='ocrx_word' id='word_1_118' title='bbox 1959 2212 2002 2254; x_wconf 86' lang='lat' dir='ltr'><strong>a</strong></span> <span class='ocrx_word' id='word_1_119' title='bbox 2045 2189 2318 2254; x_wconf 84' lang='lat' dir='ltr'><strong>Diluvio</strong></span> <span class='ocrx_word' id='word_1_120' title='bbox 2363 2212 2570 2276; x_wconf 85' lang='lat' dir='ltr'><strong>usque</strong></span> <span class='ocrx_word' id='word_1_121' title='bbox 2613 2192 2701 2255; x_wconf 83' lang='lat' dir='ltr'><strong>ad</strong></span> <span class='ocrx_word' id='word_1_122' title='bbox 2729 2190 2943 2256; x_wconf 87' lang='lat' dir='ltr'><strong>Abra-</strong></span> 
     </span>
     <span class='ocr_line' id='line_1_19' title="bbox 842 2290 2945 2378; baseline -0.002 -17"><span class='ocrx_word' id='word_1_123' title='bbox 842 2303 877 2332; x_wconf 85' lang='lat'><em>“</em></span> <span class='ocrx_word' id='word_1_124' title='bbox 924 2296 1077 2361; x_wconf 85' lang='lat' dir='ltr'><strong>ham</strong></span> <span class='ocrx_word' id='word_1_125' title='bbox 1123 2297 1255 2361; x_wconf 89' lang='lat' dir='ltr'><strong>duo</strong></span> <span class='ocrx_word' id='word_1_126' title='bbox 1290 2294 1499 2359; x_wconf 89' lang='lat' dir='ltr'><strong>millia</strong></span> <span class='ocrx_word' id='word_1_127' title='bbox 1529 2292 1685 2357; x_wconf 85' lang='lat' dir='ltr'><strong>anni</strong></span> <span class='ocrx_word' id='word_1_128' title='bbox 1718 2290 2075 2357; x_wconf 85' lang='lat' dir='ltr'><strong>secundum</strong></span> <span class='ocrx_word' id='word_1_129' title='bbox 2107 2291 2465 2378; x_wconf 78' lang='lat' dir='ltr'><strong>Vulgatam</strong></span> <span class='ocrx_word' id='word_1_130' title='bbox 2494 2292 2945 2374; x_wconf 77' lang='lat' dir='ltr'><strong>editioncm‚”²</strong></span> 
     </span>
     <span class='ocr_line' id='line_1_20' title="bbox 837 2392 2940 2482; baseline -0.001 -20"><span class='ocrx_word' id='word_1_131' title='bbox 837 2396 961 2463; x_wconf 82' lang='lat' dir='ltr'><strong>hoc</strong></span> <span class='ocrx_word' id='word_1_132' title='bbox 1038 2402 1143 2463; x_wconf 85' lang='lat' dir='ltr'><strong>est</strong></span> <span class='ocrx_word' id='word_1_133' title='bbox 1231 2398 1667 2482; x_wconf 70' lang='lat' dir='ltr'><strong>interpretum</strong></span> <span class='ocrx_word' id='word_1_134' title='bbox 1742 2392 2196 2480; x_wconf 86' lang='lat' dir='ltr'><strong>Septuaginta,</strong></span> <span class='ocrx_word' id='word_1_135' title='bbox 2275 2399 2354 2459; x_wconf 91' lang='lat' dir='ltr'><strong>ut</strong></span> <span class='ocrx_word' id='word_1_136' title='bbox 2439 2394 2578 2481; x_wconf 80' lang='lat' dir='ltr'><strong>ipse</strong></span> <span class='ocrx_word' id='word_1_137' title='bbox 2653 2397 2940 2482; x_wconf 83' lang='lat' dir='ltr'><strong>exponit.</strong></span> 
     </span>
     <span class='ocr_line' id='line_1_21' title="bbox 840 2494 2946 2581; baseline -0 -17"><span class='ocrx_word' id='word_1_138' title='bbox 840 2499 931 2563; x_wconf 88' lang='lat' dir='ltr'><strong>Et</strong></span> <span class='ocrx_word' id='word_1_139' title='bbox 960 2499 1047 2563; x_wconf 76' lang='lat' dir='ltr'><strong>acl</strong></span> <span class='ocrx_word' id='word_1_140' title='bbox 1081 2498 1433 2564; x_wconf 86' lang='lat' dir='ltr'><strong>Fretellam</strong></span> <span class='ocrx_word' id='word_1_141' title='bbox 1479 2502 1548 2561; x_wconf 91' lang='lat' dir='ltr'><strong>et</strong></span> <span class='ocrx_word' id='word_1_142' title='bbox 1580 2494 1856 2561; x_wconf 84' lang='lat' dir='ltr'><strong>Suniam</strong></span> <span class='ocrx_word' id='word_1_143' title='bbox 1899 2496 2062 2560; x_wconf 89' lang='lat' dir='ltr'><strong>dicit</strong></span> <span class='ocrx_word' id='word_1_144' title='bbox 2094 2494 2545 2581; x_wconf 80' lang='lat' dir='ltr'><strong>Hieronymus</strong></span> <span class='ocrx_word' id='word_1_145' title='bbox 2567 2495 2622 2561; x_wconf 83' lang='lat'><strong>:³</strong></span> <span class='ocrx_word' id='word_1_146' title='bbox 2669 2504 2708 2533; x_wconf 87' lang='lat'><strong>“</strong></span> <span class='ocrx_word' id='word_1_147' title='bbox 2731 2498 2946 2563; x_wconf 86' lang='lat' dir='ltr'><strong>Koene</strong></span> 
     </span>
     <span class='ocr_line' id='line_1_22' title="bbox 838 2596 2946 2685; baseline -0 -21"><span class='ocrx_word' id='word_1_148' title='bbox 838 2608 876 2636; x_wconf 86' lang='lat'><strong>“</strong></span> <span class='ocrx_word' id='word_1_149' title='bbox 922 2602 1046 2665; x_wconf 92' lang='lat' dir='ltr'><strong>hoc</strong></span> <span class='ocrx_word' id='word_1_150' title='bbox 1098 2605 1199 2665; x_wconf 86' lang='lat' dir='ltr'><strong>est</strong></span> <span class='ocrx_word' id='word_1_151' title='bbox 1260 2599 1624 2664; x_wconf 87' lang='lat' dir='ltr'><strong>communis</strong></span> <span class='ocrx_word' id='word_1_152' title='bbox 1690 2596 1919 2675; x_wconf 85' lang='lat' dir='ltr'><strong>editio,</strong></span> <span class='ocrx_word' id='word_1_153' title='bbox 1967 2597 2110 2683; x_wconf 87' lang='lat' dir='ltr'><strong>ipsa</strong></span> <span class='ocrx_word' id='word_1_154' title='bbox 2169 2602 2270 2663; x_wconf 89' lang='lat' dir='ltr'><strong>est</strong></span> <span class='ocrx_word' id='word_1_155' title='bbox 2339 2620 2488 2684; x_wconf 69' lang='lat' dir='ltr'><strong>quse</strong></span> <span class='ocrx_word' id='word_1_156' title='bbox 2547 2605 2617 2664; x_wconf 89' lang='lat' dir='ltr'><strong>et</strong></span> <span class='ocrx_word' id='word_1_157' title='bbox 2668 2599 2946 2685; x_wconf 84' lang='lat' dir='ltr'><strong>Septua-</strong></span> 
     </span>
     <span class='ocr_line' id='line_1_23' title="bbox 838 2698 2938 2786; baseline 0.001 -21"><span class='ocrx_word' id='word_1_158' title='bbox 838 2708 875 2737; x_wconf 86' lang='lat'><strong><em>“</em></strong></span> <span class='ocrx_word' id='word_1_159' title='bbox 918 2700 1165 2786; x_wconf 84' lang='lat' dir='ltr'><strong>ginta.”</strong></span> <span class='ocrx_word' id='word_1_160' title='bbox 1254 2700 1345 2764; x_wconf 89' lang='lat' dir='ltr'><strong>Et</strong></span> <span class='ocrx_word' id='word_1_161' title='bbox 1384 2704 1616 2765; x_wconf 84' lang='lat' dir='ltr'><strong>octavo</strong></span> <span class='ocrx_word' id='word_1_162' title='bbox 1662 2699 1912 2765; x_wconf 87' lang='lat' dir='ltr'><strong>decimo</strong></span> <span class='ocrx_word' id='word_1_163' title='bbox 1955 2698 2125 2764; x_wconf 89' lang='lat' dir='ltr'><strong>libro</strong></span> <span class='ocrx_word' id='word_1_164' title='bbox 2169 2720 2366 2785; x_wconf 86' lang='lat' dir='ltr'><strong>super</strong></span> <span class='ocrx_word' id='word_1_165' title='bbox 2403 2700 2701 2765; x_wconf 83' lang='lat' dir='ltr'><strong>Esaiam⁴</strong></span> <span class='ocrx_word' id='word_1_166' title='bbox 2741 2701 2938 2768; x_wconf 87' lang='lat' dir='ltr'><strong>dicit:</strong></span> 
     </span>
     <span class='ocr_line' id='line_1_24' title="bbox 838 2800 2944 2890; baseline 0.002 -25"><span class='ocrx_word' id='word_1_167' title='bbox 838 2810 876 2839; x_wconf 89' lang='lat'><strong><em>“</em></strong></span> <span class='ocrx_word' id='word_1_168' title='bbox 924 2802 1089 2865; x_wconf 83' lang='lat' dir='ltr'><strong>Haec</strong></span> <span class='ocrx_word' id='word_1_169' title='bbox 1124 2801 1332 2886; x_wconf 83' lang='lat' dir='ltr'><strong>juxta</strong></span> <span class='ocrx_word' id='word_1_170' title='bbox 1384 2800 1826 2886; x_wconf 68' lang='lat' dir='ltr'><strong>Septuaginta</strong></span> <span class='ocrx_word' id='word_1_171' title='bbox 1869 2800 2261 2888; x_wconf 82' lang='lat' dir='ltr'><strong>interpretes</strong></span> <span class='ocrx_word' id='word_1_172' title='bbox 2309 2801 2614 2883; x_wconf 72' lang='lat' dir='ltr'><strong>diximuS,</strong></span> <span class='ocrx_word' id='word_1_173' title='bbox 2665 2826 2944 2890; x_wconf 87' lang='lat' dir='ltr'><strong>quorum</strong></span> 
     </span>
     <span class='ocr_line' id='line_1_25' title="bbox 838 2902 2944 2993; baseline 0.002 -25"><span class='ocrx_word' id='word_1_174' title='bbox 838 2911 875 2941; x_wconf 80' lang='lat'><strong>‘⁴</strong></span> <span class='ocrx_word' id='word_1_175' title='bbox 920 2903 1125 2969; x_wconf 87' lang='lat' dir='ltr'><strong>editio</strong></span> <span class='ocrx_word' id='word_1_176' title='bbox 1169 2907 1313 2968; x_wconf 90' lang='lat' dir='ltr'><strong>toto</strong></span> <span class='ocrx_word' id='word_1_177' title='bbox 1354 2903 1509 2968; x_wconf 87' lang='lat' dir='ltr'><strong>orbe</strong></span> <span class='ocrx_word' id='word_1_178' title='bbox 1538 2903 1815 2990; x_wconf 81' lang='lat' dir='ltr'><strong>vulgata</strong></span> <span class='ocrx_word' id='word_1_179' title='bbox 1855 2902 2012 2968; x_wconf 86' lang='lat' dir='ltr'><strong>est.&#39;&#39;</strong></span> <span class='ocrx_word' id='word_1_180' title='bbox 2103 2903 2194 2967; x_wconf 91' lang='lat' dir='ltr'><strong>Et</strong></span> <span class='ocrx_word' id='word_1_181' title='bbox 2237 2905 2309 2967; x_wconf 93' lang='lat' dir='ltr'><strong>in</strong></span> <span class='ocrx_word' id='word_1_182' title='bbox 2351 2905 2499 2969; x_wconf 86' lang='lat' dir='ltr'><strong>aliis</strong></span> <span class='ocrx_word' id='word_1_183' title='bbox 2533 2905 2724 2970; x_wconf 85' lang='lat' dir='ltr'><strong>libris</strong></span> <span class='ocrx_word' id='word_1_184' title='bbox 2749 2929 2944 2993; x_wconf 87' lang='lat' dir='ltr'><strong>super</strong></span> 
     </span>
     <span class='ocr_line' id='line_1_26' title="bbox 836 3003 2940 3092; baseline 0.001 -21"><span class='ocrx_word' id='word_1_185' title='bbox 836 3006 883 3071; x_wconf 88' lang='lat' dir='ltr'><strong>J</strong></span> <span class='ocrx_word' id='word_1_186' title='bbox 886 3005 1191 3070; x_wconf 86' lang='lat' dir='ltr'><strong>eremiam</strong></span> <span class='ocrx_word' id='word_1_187' title='bbox 1256 3010 1325 3070; x_wconf 85' lang='lat' dir='ltr'><strong>et</strong></span> <span class='ocrx_word' id='word_1_188' title='bbox 1386 3004 1665 3070; x_wconf 84' lang='lat' dir='ltr'><strong>Esaiam.</strong></span> <span class='ocrx_word' id='word_1_189' title='bbox 1781 3003 1874 3068; x_wconf 85' lang='lat' dir='ltr'><strong>Et</strong></span> <span class='ocrx_word' id='word_1_190' title='bbox 1933 3004 2094 3070; x_wconf 86' lang='lat' dir='ltr'><strong>alibi</strong></span> <span class='ocrx_word' id='word_1_191' title='bbox 2155 3005 2611 3092; x_wconf 88' lang='lat' dir='ltr'><strong>multipliciter</strong></span> <span class='ocrx_word' id='word_1_192' title='bbox 2669 3009 2940 3074; x_wconf 85' lang='lat' dir='ltr'><strong>eandem</strong></span> 
     </span>
     <span class='ocr_line' id='line_1_27' title="bbox 836 3105 2943 3197; baseline 0.002 -24"><span class='ocrx_word' id='word_1_193' title='bbox 836 3108 1337 3173; x_wconf 77' lang='lat' dir='ltr'><strong>translationem</strong></span> <span class='ocrx_word' id='word_1_194' title='bbox 1376 3106 1695 3172; x_wconf 83' lang='lat' dir='ltr'><strong>adscribit</strong></span> <span class='ocrx_word' id='word_1_195' title='bbox 1726 3105 2164 3192; x_wconf 82' lang='lat' dir='ltr'><strong>Septuaginta</strong></span> <span class='ocrx_word' id='word_1_196' title='bbox 2205 3113 2274 3172; x_wconf 91' lang='lat' dir='ltr'><strong>et</strong></span> <span class='ocrx_word' id='word_1_197' title='bbox 2309 3108 2585 3173; x_wconf 87' lang='lat' dir='ltr'><strong>editioni</strong></span> <span class='ocrx_word' id='word_1_198' title='bbox 2617 3111 2943 3197; x_wconf 57' lang='lat' dir='ltr'><strong>Vulgata»,</strong></span> 
     </span>
     <span class='ocr_line' id='line_1_28' title="bbox 838 3207 2946 3298; baseline 0.002 -24"><span class='ocrx_word' id='word_1_199' title='bbox 838 3211 1006 3276; x_wconf 83' lang='lat' dir='ltr'><strong>sicut</strong></span> <span class='ocrx_word' id='word_1_200' title='bbox 1066 3210 1311 3298; x_wconf 87' lang='lat' dir='ltr'><strong>legenti</strong></span> <span class='ocrx_word' id='word_1_201' title='bbox 1370 3210 1512 3296; x_wconf 76' lang='lat' dir='ltr'><strong>ejus</strong></span> <span class='ocrx_word' id='word_1_202' title='bbox 1578 3209 1782 3273; x_wconf 89' lang='lat' dir='ltr'><strong>libros</strong></span> <span class='ocrx_word' id='word_1_203' title='bbox 1849 3207 2010 3272; x_wconf 85' lang='lat' dir='ltr'><strong>satis</strong></span> <span class='ocrx_word' id='word_1_204' title='bbox 2077 3210 2468 3276; x_wconf 84' lang='lat' dir='ltr'><strong>ostenditur.</strong></span> <span class='ocrx_word' id='word_1_205' title='bbox 2581 3210 2755 3276; x_wconf 85' lang='lat' dir='ltr'><strong>Item</strong></span> <span class='ocrx_word' id='word_1_206' title='bbox 2822 3214 2946 3278; x_wconf 89' lang='lat' dir='ltr'><strong>hoc</strong></span> 
     </span>
     <span class='ocr_line' id='line_1_29' title="bbox 838 3309 2944 3400; baseline 0 -22"><span class='ocrx_word' id='word_1_207' title='bbox 838 3318 1042 3400; x_wconf 84' lang='lat' dir='ltr'><strong>patet,</strong></span> <span class='ocrx_word' id='word_1_208' title='bbox 1075 3313 1232 3399; x_wconf 90' lang='lat' dir='ltr'><strong>quia</strong></span> <span class='ocrx_word' id='word_1_209' title='bbox 1260 3314 1331 3377; x_wconf 87' lang='lat' dir='ltr'><strong>in</strong></span> <span class='ocrx_word' id='word_1_210' title='bbox 1363 3313 1495 3378; x_wconf 83' lang='lat' dir='ltr'><strong>fine</strong></span> <span class='ocrx_word' id='word_1_211' title='bbox 1529 3311 1774 3376; x_wconf 87' lang='lat' dir='ltr'><strong>Hester</strong></span> <span class='ocrx_word' id='word_1_212' title='bbox 1821 3309 2063 3375; x_wconf 85' lang='lat' dir='ltr'><strong>dicitur</strong></span> <span class='ocrx_word' id='word_1_213' title='bbox 2096 3310 2260 3396; x_wconf 82' lang='lat' dir='ltr'><strong>[xiv.</strong></span> <span class='ocrx_word' id='word_1_214' title='bbox 2295 3312 2460 3398; x_wconf 85' lang='lat'>11.]:</span> <span class='ocrx_word' id='word_1_215' title='bbox 2513 3319 2548 3346; x_wconf 89' lang='lat'><strong><em>“</em></strong></span> <span class='ocrx_word' id='word_1_216' title='bbox 2568 3312 2676 3378; x_wconf 87' lang='lat' dir='ltr'><strong>Ne</strong></span> <span class='ocrx_word' id='word_1_217' title='bbox 2719 3315 2944 3380; x_wconf 83' lang='lat' dir='ltr'><strong>tradas</strong></span> 
     </span>
     <span class='ocr_line' id='line_1_30' title="bbox 840 3411 2940 3502; baseline 0 -21"><span class='ocrx_word' id='word_1_218' title='bbox 840 3423 876 3452; x_wconf 90' lang='lat'><strong>“</strong></span> <span class='ocrx_word' id='word_1_219' title='bbox 922 3415 1185 3481; x_wconf 89' lang='lat' dir='ltr'><strong>domine</strong></span> <span class='ocrx_word' id='word_1_220' title='bbox 1246 3421 1575 3502; x_wconf 84' lang='lat' dir='ltr'><strong>sceptrum</strong></span> <span class='ocrx_word' id='word_1_221' title='bbox 1622 3419 1814 3478; x_wconf 90' lang='lat' dir='ltr'><strong>tuum</strong></span> <span class='ocrx_word' id='word_1_222' title='bbox 1877 3411 1980 3474; x_wconf 86' lang='lat' dir='ltr'><strong>his</strong></span> <span class='ocrx_word' id='word_1_223' title='bbox 2039 3433 2186 3495; x_wconf 81' lang='lat' dir='ltr'><strong>quae</strong></span> <span class='ocrx_word' id='word_1_224' title='bbox 2229 3434 2365 3476; x_wconf 90' lang='lat' dir='ltr'><strong>non</strong></span> <span class='ocrx_word' id='word_1_225' title='bbox 2409 3413 2620 3479; x_wconf 87' lang='lat' dir='ltr'><strong>sunt.”</strong></span> <span class='ocrx_word' id='word_1_226' title='bbox 2710 3417 2802 3481; x_wconf 84' lang='lat' dir='ltr'><strong>Et</strong></span> <span class='ocrx_word' id='word_1_227' title='bbox 2845 3417 2940 3481; x_wconf 91' lang='lat' dir='ltr'><strong>ibi</strong></span> 
     </span>
     <span class='ocr_line' id='line_1_31' title="bbox 841 3513 2942 3605; baseline 0 -23"><span class='ocrx_word' id='word_1_228' title='bbox 841 3517 1289 3605; x_wconf 84' lang='lat' dir='ltr'><strong>Hieronymus</strong></span> <span class='ocrx_word' id='word_1_229' title='bbox 1356 3517 1517 3582; x_wconf 89' lang='lat' dir='ltr'><strong>dicit</strong></span> <span class='ocrx_word' id='word_1_230' title='bbox 1584 3518 1849 3580; x_wconf 86' lang='lat' dir='ltr'><strong>tantum</strong></span> <span class='ocrx_word' id='word_1_231' title='bbox 1909 3513 2090 3577; x_wconf 87' lang='lat' dir='ltr'><strong>istud</strong></span> <span class='ocrx_word' id='word_1_232' title='bbox 2151 3513 2436 3578; x_wconf 84' lang='lat' dir='ltr'><strong>inveniri</strong></span> <span class='ocrx_word' id='word_1_233' title='bbox 2507 3516 2578 3580; x_wconf 88' lang='lat' dir='ltr'><strong>in</strong></span> <span class='ocrx_word' id='word_1_234' title='bbox 2652 3518 2942 3583; x_wconf 84' lang='lat' dir='ltr'><strong>editione</strong></span> 
     </span>
     <span class='ocr_line' id='line_1_32' title="bbox 836 3613 2944 3707; baseline 0 -23"><span class='ocrx_word' id='word_1_235' title='bbox 836 3620 1085 3698; x_wconf 88' lang='lat' dir='ltr'><strong>eadem,</strong></span> <span class='ocrx_word' id='word_1_236' title='bbox 1132 3641 1279 3704; x_wconf 62' lang='lat' dir='ltr'><strong>quse</strong></span> <span class='ocrx_word' id='word_1_237' title='bbox 1326 3619 1619 3703; x_wconf 83' lang='lat' dir='ltr'><strong>Vulgata</strong></span> <span class='ocrx_word' id='word_1_238' title='bbox 1666 3620 1780 3681; x_wconf 90' lang='lat' dir='ltr'><strong>est.</strong></span> <span class='ocrx_word' id='word_1_239' title='bbox 1875 3613 2048 3678; x_wconf 88' lang='lat' dir='ltr'><strong>Item</strong></span> <span class='ocrx_word' id='word_1_240' title='bbox 2102 3614 2172 3677; x_wconf 93' lang='lat' dir='ltr'><strong>in</strong></span> <span class='ocrx_word' id='word_1_241' title='bbox 2217 3615 2702 3684; x_wconf 85' lang='lat' dir='ltr'><strong>Commentario</strong></span> <span class='ocrx_word' id='word_1_242' title='bbox 2751 3643 2944 3707; x_wconf 86' lang='lat' dir='ltr'><strong>super</strong></span> 
     </span>
     <span class='ocr_line' id='line_1_33' title="bbox 840 3715 2942 3809; baseline 0.002 -27"><span class='ocrx_word' id='word_1_243' title='bbox 840 3719 1221 3785; x_wconf 80' lang='lat' dir='ltr'><strong>Danielem⁵</strong></span> <span class='ocrx_word' id='word_1_244' title='bbox 1279 3717 1443 3783; x_wconf 89' lang='lat' dir='ltr'><strong>dicit</strong></span> <span class='ocrx_word' id='word_1_245' title='bbox 1502 3717 1693 3802; x_wconf 91' lang='lat' dir='ltr'><strong>quod,</strong></span> <span class='ocrx_word' id='word_1_246' title='bbox 1757 3715 1913 3800; x_wconf 84' lang='lat' dir='ltr'><strong>quia</strong></span> <span class='ocrx_word' id='word_1_247' title='bbox 1979 3715 2182 3781; x_wconf 91' lang='lat' dir='ltr'><strong>editio</strong></span> <span class='ocrx_word' id='word_1_248' title='bbox 2243 3717 2710 3786; x_wconf 85' lang='lat' dir='ltr'><strong>Theodotionis</strong></span> <span class='ocrx_word' id='word_1_249' title='bbox 2747 3721 2942 3809; x_wconf 44' lang='lat' dir='ltr'><strong>‚lege-</strong></span> 
     </span>
     <span class='ocr_line' id='line_1_34' title="bbox 836 3818 2944 3911; baseline 0.004 -29"><span class='ocrx_word' id='word_1_250' title='bbox 836 3820 1034 3883; x_wconf 81' lang='lat' dir='ltr'><strong>batur</strong></span> <span class='ocrx_word' id='word_1_251' title='bbox 1081 3821 1165 3884; x_wconf 87' lang='lat' dir='ltr'><strong>ab</strong></span> <span class='ocrx_word' id='word_1_252' title='bbox 1214 3819 1497 3897; x_wconf 83' lang='lat' dir='ltr'><strong>ecclesia,</strong></span> <span class='ocrx_word' id='word_1_253' title='bbox 1550 3821 1820 3904; x_wconf 86' lang='lat' dir='ltr'><strong>propter</strong></span> <span class='ocrx_word' id='word_1_254' title='bbox 1872 3819 1994 3882; x_wconf 91' lang='lat' dir='ltr'><strong>hoc</strong></span> <span class='ocrx_word' id='word_1_255' title='bbox 2039 3818 2182 3904; x_wconf 86' lang='lat' dir='ltr'><strong>ejus</strong></span> <span class='ocrx_word' id='word_1_256' title='bbox 2221 3823 2292 3884; x_wconf 90' lang='lat' dir='ltr'><strong>et</strong></span> <span class='ocrx_word' id='word_1_257' title='bbox 2337 3841 2473 3886; x_wconf 88' lang='lat' dir='ltr'><strong>non</strong></span> <span class='ocrx_word' id='word_1_258' title='bbox 2505 3821 2944 3911; x_wconf 75' lang='lat' dir='ltr'><strong>Septuaginta.</strong></span> 
     </span>
     <span class='ocr_line' id='line_1_35' title="bbox 836 3919 2941 4006; baseline 0.003 -22"><span class='ocrx_word' id='word_1_259' title='bbox 836 3920 1039 3984; x_wconf 87' lang='lat' dir='ltr'><strong>editio</strong></span> <span class='ocrx_word' id='word_1_260' title='bbox 1070 3920 1361 4006; x_wconf 82' lang='lat' dir='ltr'><strong>Vulgata</strong></span> <span class='ocrx_word' id='word_1_261' title='bbox 1407 3926 1695 3984; x_wconf 81' lang='lat' dir='ltr'><strong>vocatur.</strong></span> <span class='ocrx_word' id='word_1_262' title='bbox 1790 3919 1968 4006; x_wconf 87' lang='lat' dir='ltr'><strong>Ergo</strong></span> <span class='ocrx_word' id='word_1_263' title='bbox 2021 3925 2180 3985; x_wconf 90' lang='lat' dir='ltr'><strong>tunc</strong></span> <span class='ocrx_word' id='word_1_264' title='bbox 2215 3929 2538 4006; x_wconf 86' lang='lat' dir='ltr'><strong>quantum</strong></span> <span class='ocrx_word' id='word_1_265' title='bbox 2589 3926 2677 3990; x_wconf 82' lang='lat' dir='ltr'><strong>ad</strong></span> <span class='ocrx_word' id='word_1_266' title='bbox 2723 3932 2941 3992; x_wconf 84' lang='lat' dir='ltr'><strong>totum</strong></span> 
     </span>
     <span class='ocr_line' id='line_1_36' title="bbox 834 4020 2942 4111; baseline 0.003 -26"><span class='ocrx_word' id='word_1_267' title='bbox 834 4025 1115 4102; x_wconf 81' lang='lat' dir='ltr'><strong>textum,</strong></span> <span class='ocrx_word' id='word_1_268' title='bbox 1210 4027 1451 4108; x_wconf 75' lang='lat' dir='ltr'><strong>praetei·</strong></span> <span class='ocrx_word' id='word_1_269' title='bbox 1526 4020 1892 4102; x_wconf 88' lang='lat' dir='ltr'><strong>Danielem,</strong></span> <span class='ocrx_word' id='word_1_270' title='bbox 1969 4021 2174 4087; x_wconf 89' lang='lat' dir='ltr'><strong>editio</strong></span> <span class='ocrx_word' id='word_1_271' title='bbox 2237 4024 2528 4111; x_wconf 87' lang='lat' dir='ltr'><strong>Vulgata</strong></span> <span class='ocrx_word' id='word_1_272' title='bbox 2585 4027 2942 4109; x_wconf 87' lang='lat' dir='ltr'><strong>dicebatur,</strong></span> 
     </span>
     <span class='ocr_line' id='line_1_37' title="bbox 838 4123 2940 4217; baseline 0.004 -29"><span class='ocrx_word' id='word_1_273' title='bbox 838 4146 986 4211; x_wconf 80' lang='lat' dir='ltr'><strong>quae</strong></span> <span class='ocrx_word' id='word_1_274' title='bbox 1038 4125 1110 4188; x_wconf 89' lang='lat' dir='ltr'><strong>in</strong></span> <span class='ocrx_word' id='word_1_275' title='bbox 1168 4129 1313 4189; x_wconf 90' lang='lat' dir='ltr'><strong>toto</strong></span> <span class='ocrx_word' id='word_1_276' title='bbox 1376 4123 1530 4188; x_wconf 88' lang='lat' dir='ltr'><strong>orbe</strong></span> <span class='ocrx_word' id='word_1_277' title='bbox 1589 4123 1946 4210; x_wconf 87' lang='lat' dir='ltr'><strong>legebatur.</strong></span> <span class='ocrx_word' id='word_1_278' title='bbox 2085 4123 2218 4190; x_wconf 86' lang='lat' dir='ltr'><strong>Sed</strong></span> <span class='ocrx_word' id='word_1_279' title='bbox 2277 4123 2416 4193; x_wconf 81' lang='lat' dir='ltr'><strong>haec</strong></span> <span class='ocrx_word' id='word_1_280' title='bbox 2473 4127 2602 4195; x_wconf 87' lang='lat' dir='ltr'><strong>fuit</strong></span> <span class='ocrx_word' id='word_1_281' title='bbox 2663 4131 2940 4217; x_wconf 86' lang='lat' dir='ltr'><strong>Septua-</strong></span> 
     </span>
    </p>
   </div>
   <div class='ocr_carea' id='block_1_5' title="bbox 850 4349 1144 4358">
    <p class='ocr_par' dir='ltr' id='par_1_5' title="bbox 850 4349 1144 4358">
     <span class='ocr_line' id='line_1_38' title="bbox 850 4349 1144 4358; baseline 0 1392"><span class='ocrx_word' id='word_1_282' title='bbox 850 4349 1144 4358; x_wconf 95' lang='lat' dir='ltr'><strong> </strong></span> 
     </span>
    </p>
   </div>
   <div class='ocr_carea' id='block_1_6' title="bbox 834 4491 2889 4724">
    <p class='ocr_par' dir='ltr' id='par_1_6' title="bbox 834 4491 2889 4724">
     <span class='ocr_line' id='line_1_39' title="bbox 926 4491 2889 4564; baseline 0.002 -20"><span class='ocrx_word' id='word_1_283' title='bbox 926 4491 1157 4560; x_wconf 64' lang='lat' dir='ltr'><strong>&#39;aliqmq</strong></span> <span class='ocrx_word' id='word_1_284' title='bbox 1230 4495 1445 4560; x_wconf 82' lang='lat' dir='ltr'><strong>antiqua,</strong></span> <span class='ocrx_word' id='word_1_285' title='bbox 1504 4495 1673 4561; x_wconf 79' lang='lat' dir='ltr'><strong>Ilody.</strong></span> <span class='ocrx_word' id='word_1_286' title='bbox 1758 4495 1838 4544; x_wconf 80' lang='lat' dir='ltr'><strong>De</strong></span> <span class='ocrx_word' id='word_1_287' title='bbox 2004 4496 2024 4526; x_wconf 80' lang='lat'>⁸</span> <span class='ocrx_word' id='word_1_288' title='bbox 2048 4494 2402 4564; x_wconf 70' lang='lat' dir='ltr'><strong>Hieronymus]</strong></span> <span class='ocrx_word' id='word_1_289' title='bbox 2441 4499 2889 4563; x_wconf 78' lang='lat' dir='ltr'><strong>Ep.cvi.==135.?</strong></span> 
     </span>
     <span class='ocr_line' id='line_1_40' title="bbox 834 4573 2722 4643; baseline 0.003 -19"><span class='ocrx_word' id='word_1_290' title='bbox 834 4573 987 4624; x_wconf 77' lang='lat' dir='ltr'><strong>Civit.</strong></span> <span class='ocrx_word' id='word_1_291' title='bbox 1014 4575 1153 4625; x_wconf 82' lang='lat' dir='ltr'><strong>xviii.</strong></span> <span class='ocrx_word' id='word_1_292' title='bbox 1177 4581 1258 4626; x_wconf 78' lang='lat'><strong>43.</strong></span> <span class='ocrx_word' id='word_1_293' title='bbox 1999 4577 2018 4606; x_wconf 83' lang='lat'><strong>⁴</strong></span> <span class='ocrx_word' id='word_1_294' title='bbox 2047 4576 2252 4641; x_wconf 77' lang='lat' dir='ltr'><strong>Esaim]</strong></span> <span class='ocrx_word' id='word_1_295' title='bbox 2293 4579 2354 4626; x_wconf 89' lang='lat' dir='ltr'><strong>In</strong></span> <span class='ocrx_word' id='word_1_296' title='bbox 2377 4590 2486 4643; x_wconf 78' lang='lat' dir='ltr'><strong>cap.</strong></span> <span class='ocrx_word' id='word_1_297' title='bbox 2517 4580 2620 4630; x_wconf 84' lang='lat' dir='ltr'><strong>lxv.</strong></span> <span class='ocrx_word' id='word_1_298' title='bbox 2640 4586 2722 4630; x_wconf 78' lang='lat'><strong>20.</strong></span> 
     </span>
     <span class='ocr_line' id='line_1_41' title="bbox 897 4651 2803 4724; baseline 0.004 -22"><span class='ocrx_word' id='word_1_299' title='bbox 897 4653 918 4682; x_wconf 78' lang='lat'><strong>²</strong></span> <span class='ocrx_word' id='word_1_300' title='bbox 938 4651 1211 4719; x_wconf 75' lang='lat' dir='ltr'><strong>editionem]</strong></span> <span class='ocrx_word' id='word_1_301' title='bbox 1252 4657 1329 4705; x_wconf 89' lang='lat' dir='ltr'><strong>De</strong></span> <span class='ocrx_word' id='word_1_302' title='bbox 1352 4655 1502 4706; x_wconf 82' lang='lat' dir='ltr'><strong>Civit.</strong></span> <span class='ocrx_word' id='word_1_303' title='bbox 1528 4671 1611 4706; x_wconf 79' lang='lat' dir='ltr'><strong>xv.</strong></span> <span class='ocrx_word' id='word_1_304' title='bbox 1640 4660 1717 4706; x_wconf 83' lang='lat'><strong>20.</strong></span> <span class='ocrx_word' id='word_1_305' title='bbox 1740 4657 1766 4706; x_wconf 80' lang='lat'><em>?</em></span> <span class='ocrx_word' id='word_1_306' title='bbox 2001 4655 2021 4684; x_wconf 80' lang='lat'>⁵</span> <span class='ocrx_word' id='word_1_307' title='bbox 2041 4673 2186 4722; x_wconf 70' lang='lat' dir='ltr'><strong>super</strong></span> <span class='ocrx_word' id='word_1_308' title='bbox 2219 4656 2503 4723; x_wconf 72' lang='lat' dir='ltr'><strong>Danielem]</strong></span> <span class='ocrx_word' id='word_1_309' title='bbox 2531 4659 2584 4708; x_wconf 86' lang='lat' dir='ltr'><strong>in</strong></span> <span class='ocrx_word' id='word_1_310' title='bbox 2602 4657 2803 4724; x_wconf 71' lang='lat' dir='ltr'><strong>Prolog.</strong></span> 
     </span>
    </p>
   </div>
   <div class='ocr_carea' id='block_1_7' title="bbox 3472 734 3477 1625">
    <p class='ocr_par' dir='ltr' id='par_1_7' title="bbox 3472 734 3477 1625">
     <span class='ocr_line' id='line_1_42' title="bbox 3472 734 3477 1625; baseline 0 0"><span class='ocrx_word' id='word_1_311' title='bbox 3472 734 3477 1625; x_wconf 95' lang='lat' dir='ltr'><strong> </strong></span> 
     </span>
    </p>
   </div>
  </div>
 </body>
</html>
