<?xml version="1.0" encoding="UTF-8"?>
<!DOCTYPE html PUBLIC "-//W3C//DTD XHTML 1.0 Transitional//EN"
    "http://www.w3.org/TR/xhtml1/DTD/xhtml1-transitional.dtd">
<html xmlns="http://www.w3.org/1999/xhtml" xml:lang="en" lang="en">
 <head>
  <title>
</title>
<meta http-equiv="Content-Type" content="text/html;charset=utf-8" />
  <meta name='ocr-system' content='tesseract 3.04.00' />
  <meta name='ocr-capabilities' content='ocr_page ocr_carea ocr_par ocr_line ocrx_word'/>
</head>
<body>
  <div class='ocr_page' id='page_1' title='image "./frrogeribaconop00brewgoog_0669.png"; bbox 0 0 3517 5750; ppageno 0'>
   <div class='ocr_carea' id='block_1_1' title="bbox 843 911 2129 979">
    <p class='ocr_par' dir='ltr' id='par_1_1' title="bbox 843 911 2129 979">
     <span class='ocr_line' id='line_1_1' title="bbox 843 911 2129 979; baseline 0 -2"><span class='ocrx_word' id='word_1_1' title='bbox 843 911 974 978; x_wconf 81' lang='lat'><strong>556</strong></span> <span class='ocrx_word' id='word_1_2' title='bbox 1651 925 2011 979; x_wconf 64' lang='lat' dir='ltr'><strong>ursumx</strong></span> <span class='ocrx_word' id='word_1_3' title='bbox 2060 929 2129 978; x_wconf 91' lang='lat'><strong>11.</strong></span> 
     </span>
    </p>
   </div>
   <div class='ocr_carea' id='block_1_2' title="bbox 824 1099 2945 4847">
    <p class='ocr_par' dir='ltr' id='par_1_2' title="bbox 831 1099 2945 1492">
     <span class='ocr_line' id='line_1_2' title="bbox 841 1099 2941 1192; baseline 0.002 -24"><span class='ocrx_word' id='word_1_4' title='bbox 841 1105 952 1168; x_wconf 83' lang='lat' dir='ltr'><strong>tus</strong></span> <span class='ocrx_word' id='word_1_5' title='bbox 981 1100 1218 1166; x_wconf 88' lang='lat' dir='ltr'><strong>liberos</strong></span> <span class='ocrx_word' id='word_1_6' title='bbox 1271 1099 1546 1178; x_wconf 83' lang='lat' dir='ltr'><strong>divinet,</strong></span> <span class='ocrx_word' id='word_1_7' title='bbox 1581 1101 1652 1166; x_wconf 87' lang='lat' dir='ltr'><strong>id</strong></span> <span class='ocrx_word' id='word_1_8' title='bbox 1703 1107 1826 1166; x_wconf 85' lang='lat' dir='ltr'><strong>aut</strong></span> <span class='ocrx_word' id='word_1_9' title='bbox 1878 1100 2037 1181; x_wconf 88' lang='lat' dir='ltr'><strong>Deo,</strong></span> <span class='ocrx_word' id='word_1_10' title='bbox 2072 1104 2189 1188; x_wconf 89' lang='lat' dir='ltr'><strong>qui</strong></span> <span class='ocrx_word' id='word_1_11' title='bbox 2218 1124 2335 1190; x_wconf 87' lang='lat' dir='ltr'><strong>per</strong></span> <span class='ocrx_word' id='word_1_12' title='bbox 2378 1125 2449 1169; x_wconf 88' lang='lat' dir='ltr'><strong>os</strong></span> <span class='ocrx_word' id='word_1_13' title='bbox 2478 1103 2941 1192; x_wconf 82' lang='lat' dir='ltr'><strong>prophetarum</strong></span> 
     </span>
     <span class='ocr_line' id='line_1_3' title="bbox 840 1201 2945 1288; baseline 0.003 -22"><span class='ocrx_word' id='word_1_14' title='bbox 840 1201 1149 1288; x_wconf 88' lang='lat' dir='ltr'><strong>loquitur,</strong></span> <span class='ocrx_word' id='word_1_15' title='bbox 1219 1207 1340 1267; x_wconf 88' lang='lat' dir='ltr'><strong>aut</strong></span> <span class='ocrx_word' id='word_1_16' title='bbox 1383 1201 1688 1280; x_wconf 85' lang='lat' dir='ltr'><strong>daemoni‚</strong></span> <span class='ocrx_word' id='word_1_17' title='bbox 1747 1201 1863 1288; x_wconf 87' lang='lat' dir='ltr'><strong>qui</strong></span> <span class='ocrx_word' id='word_1_18' title='bbox 1922 1223 2007 1268; x_wconf 82' lang='lat' dir='ltr'><strong>ex</strong></span> <span class='ocrx_word' id='word_1_19' title='bbox 2066 1225 2181 1269; x_wconf 86' lang='lat' dir='ltr'><strong>ore</strong></span> <span class='ocrx_word' id='word_1_20' title='bbox 2242 1203 2311 1268; x_wconf 90' lang='lat' dir='ltr'>N</span> <span class='ocrx_word' id='word_1_21' title='bbox 2312 1205 2675 1270; x_wconf 88' lang='lat' dir='ltr'><strong>ebulonum</strong></span> <span class='ocrx_word' id='word_1_22' title='bbox 2718 1229 2945 1274; x_wconf 81' lang='lat' dir='ltr'><strong>vocem</strong></span> 
     </span>
     <span class='ocr_line' id='line_1_4' title="bbox 843 1302 2945 1397; baseline 0.002 -28"><span class='ocrx_word' id='word_1_23' title='bbox 843 1302 1108 1380; x_wconf 81' lang='lat' dir='ltr'><strong>emittit,</strong></span> <span class='ocrx_word' id='word_1_24' title='bbox 1157 1305 1499 1390; x_wconf 86' lang='lat' dir='ltr'><strong>acceptum</strong></span> <span class='ocrx_word' id='word_1_25' title='bbox 1543 1307 1647 1368; x_wconf 87' lang='lat' dir='ltr'><strong>est</strong></span> <span class='ocrx_word' id='word_1_26' title='bbox 1705 1302 2137 1370; x_wconf 83' lang='lat' dir='ltr'><strong>referendum.</strong></span> <span class='ocrx_word' id='word_1_27' title='bbox 2230 1305 2341 1372; x_wconf 88' lang='lat' dir='ltr'><strong>Sic</strong></span> <span class='ocrx_word' id='word_1_28' title='bbox 2392 1327 2543 1370; x_wconf 91' lang='lat' dir='ltr'><strong>cum</strong></span> <span class='ocrx_word' id='word_1_29' title='bbox 2604 1309 2945 1397; x_wconf 82' lang='lat' dir='ltr'><strong>astrologis</strong></span> 
     </span>
     <span class='ocr_line' id='line_1_5' title="bbox 831 1404 2936 1492; baseline 0.004 -25"><span class='ocrx_word' id='word_1_30' title='bbox 831 1405 1004 1492; x_wconf 84' lang='lat' dir='ltr'><strong>gerit</strong></span> <span class='ocrx_word' id='word_1_31' title='bbox 1043 1425 1114 1470; x_wconf 86' lang='lat' dir='ltr'><strong>se</strong></span> <span class='ocrx_word' id='word_1_32' title='bbox 1143 1404 1423 1486; x_wconf 82' lang='lat' dir='ltr'><strong>daemon,</strong></span> <span class='ocrx_word' id='word_1_33' title='bbox 1469 1425 1620 1470; x_wconf 88' lang='lat' dir='ltr'><strong>cum</strong></span> <span class='ocrx_word' id='word_1_34' title='bbox 1662 1405 2054 1471; x_wconf 85' lang='lat' dir='ltr'><strong>furibundas</strong></span> <span class='ocrx_word' id='word_1_35' title='bbox 2098 1407 2559 1492; x_wconf 77' lang='lat' dir='ltr'><strong>praedictiones</strong></span> <span class='ocrx_word' id='word_1_36' title='bbox 2606 1409 2936 1476; x_wconf 84' lang='lat' dir='ltr'><strong>emittunt.</strong></span> 
     </span>
    </p>

    <p class='ocr_par' dir='ltr' id='par_1_3' title="bbox 827 1505 2945 4033">
     <span class='ocr_line' id='line_1_6' title="bbox 925 1505 2935 1595; baseline 0.002 -24"><span class='ocrx_word' id='word_1_37' title='bbox 925 1505 1324 1572; x_wconf 89' lang='lat' dir='ltr'><strong>Futurorum</strong></span> <span class='ocrx_word' id='word_1_38' title='bbox 1385 1527 1596 1572; x_wconf 82' lang='lat' dir='ltr'><strong>causae</strong></span> <span class='ocrx_word' id='word_1_39' title='bbox 1639 1512 1798 1572; x_wconf 86' lang='lat' dir='ltr'><strong>sunt</strong></span> <span class='ocrx_word' id='word_1_40' title='bbox 1864 1507 2013 1574; x_wconf 71' lang='lat' dir='ltr'><strong>aliae</strong></span> <span class='ocrx_word' id='word_1_41' title='bbox 2058 1509 2407 1590; x_wconf 72' lang='lat' dir='ltr'><strong>naturales,</strong></span> <span class='ocrx_word' id='word_1_42' title='bbox 2472 1531 2622 1595; x_wconf 85' lang='lat' dir='ltr'><strong>quae</strong></span> <span class='ocrx_word' id='word_1_43' title='bbox 2684 1515 2765 1575; x_wconf 89' lang='lat' dir='ltr'><strong>ut</strong></span> <span class='ocrx_word' id='word_1_44' title='bbox 2824 1533 2935 1576; x_wconf 87' lang='lat' dir='ltr'><strong>ne·</strong></span> 
     </span>
     <span class='ocr_line' id='line_1_7' title="bbox 835 1609 2943 1696; baseline 0.002 -23"><span class='ocrx_word' id='word_1_45' title='bbox 835 1609 1127 1686; x_wconf 63' lang='lat' dir='ltr'><strong>ceam-io,</strong></span> <span class='ocrx_word' id='word_1_46' title='bbox 1189 1609 1290 1674; x_wconf 87' lang='lat' dir='ltr'><strong>ita.</strong></span> <span class='ocrx_word' id='word_1_47' title='bbox 1361 1613 1678 1696; x_wconf 87' lang='lat' dir='ltr'><strong>perpetuo</strong></span> <span class='ocrx_word' id='word_1_48' title='bbox 1752 1615 1977 1696; x_wconf 80' lang='lat' dir='ltr'><strong>agunt.</strong></span> <span class='ocrx_word' id='word_1_49' title='bbox 2070 1609 2251 1676; x_wconf 89' lang='lat' dir='ltr'><strong>Hinc</strong></span> <span class='ocrx_word' id='word_1_50' title='bbox 2312 1632 2462 1696; x_wconf 90' lang='lat' dir='ltr'><strong>quae</strong></span> <span class='ocrx_word' id='word_1_51' title='bbox 2524 1611 2830 1677; x_wconf 90' lang='lat' dir='ltr'><strong>oriuntur</strong></span> <span class='ocrx_word' id='word_1_52' title='bbox 2870 1613 2943 1677; x_wconf 88' lang='lat' dir='ltr'><strong>in</strong></span> 
     </span>
     <span class='ocr_line' id='line_1_8' title="bbox 835 1708 2945 1798; baseline 0.002 -24"><span class='ocrx_word' id='word_1_53' title='bbox 835 1708 1030 1788; x_wconf 87' lang='lat' dir='ltr'><strong>coelis,</strong></span> <span class='ocrx_word' id='word_1_54' title='bbox 1092 1709 1192 1775; x_wconf 85' lang='lat' dir='ltr'><strong>ita</strong></span> <span class='ocrx_word' id='word_1_55' title='bbox 1235 1711 1568 1789; x_wconf 87' lang='lat' dir='ltr'><strong>eveniunt,</strong></span> <span class='ocrx_word' id='word_1_56' title='bbox 1619 1716 1698 1776; x_wconf 89' lang='lat' dir='ltr'><strong>ut</strong></span> <span class='ocrx_word' id='word_1_57' title='bbox 1747 1711 2009 1776; x_wconf 88' lang='lat' dir='ltr'><strong>evenire</strong></span> <span class='ocrx_word' id='word_1_58' title='bbox 2052 1731 2187 1776; x_wconf 87' lang='lat' dir='ltr'><strong>non</strong></span> <span class='ocrx_word' id='word_1_59' title='bbox 2239 1713 2536 1798; x_wconf 85' lang='lat' dir='ltr'><strong>possint:</strong></span> <span class='ocrx_word' id='word_1_60' title='bbox 2580 1712 2945 1797; x_wconf 86' lang='lat' dir='ltr'><strong>cujusmodi</strong></span> 
     </span>
     <span class='ocr_line' id='line_1_9' title="bbox 835 1811 2941 1899; baseline 0.003 -25"><span class='ocrx_word' id='word_1_61' title='bbox 835 1817 994 1876; x_wconf 85' lang='lat' dir='ltr'><strong>sunt</strong></span> <span class='ocrx_word' id='word_1_62' title='bbox 1068 1811 1406 1879; x_wconf 75' lang='lat' dir='ltr'><strong>conversio</strong></span> <span class='ocrx_word' id='word_1_63' title='bbox 1465 1811 1798 1890; x_wconf 82' lang='lat' dir='ltr'><strong>coelorum,</strong></span> <span class='ocrx_word' id='word_1_64' title='bbox 1846 1811 2261 1898; x_wconf 81' lang='lat' dir='ltr'><strong>planetarum</strong></span> <span class='ocrx_word' id='word_1_65' title='bbox 2321 1817 2506 1878; x_wconf 85' lang='lat' dir='ltr'><strong>ortus</strong></span> <span class='ocrx_word' id='word_1_66' title='bbox 2574 1812 2941 1899; x_wconf 84' lang='lat' dir='ltr'><strong>obitusque,</strong></span> 
     </span>
     <span class='ocr_line' id='line_1_10' title="bbox 835 1911 2945 2002; baseline 0.002 -26"><span class='ocrx_word' id='word_1_67' title='bbox 835 1911 988 1977; x_wconf 86' lang='lat' dir='ltr'><strong>solis</strong></span> <span class='ocrx_word' id='word_1_68' title='bbox 1033 1934 1110 1978; x_wconf 89' lang='lat' dir='ltr'><strong>ac</strong></span> <span class='ocrx_word' id='word_1_69' title='bbox 1153 1913 1329 1979; x_wconf 83' lang='lat' dir='ltr'><strong>lunae</strong></span> <span class='ocrx_word' id='word_1_70' title='bbox 1397 1913 1672 2000; x_wconf 86' lang='lat' dir='ltr'><strong>eclipsis,</strong></span> <span class='ocrx_word' id='word_1_71' title='bbox 1718 1913 1921 2000; x_wconf 88' lang='lat' dir='ltr'><strong>idque</strong></span> <span class='ocrx_word' id='word_1_72' title='bbox 1978 1935 2185 2002; x_wconf 86' lang='lat' dir='ltr'><strong>genus</strong></span> <span class='ocrx_word' id='word_1_73' title='bbox 2242 1913 2471 1990; x_wconf 87' lang='lat' dir='ltr'><strong>multa,</strong></span> <span class='ocrx_word' id='word_1_74' title='bbox 2534 1936 2701 1999; x_wconf 82' lang='lat' dir='ltr'><strong>quae,</strong></span> <span class='ocrx_word' id='word_1_75' title='bbox 2746 1917 2945 1981; x_wconf 83' lang='lat' dir='ltr'><strong>statis</strong></span> 
     </span>
     <span class='ocr_line' id='line_1_11' title="bbox 834 2013 2943 2102; baseline 0.002 -23"><span class='ocrx_word' id='word_1_76' title='bbox 834 2013 1256 2100; x_wconf 72' lang='lat' dir='ltr'><strong>temporibuS,</strong></span> <span class='ocrx_word' id='word_1_77' title='bbox 1317 2015 1390 2080; x_wconf 90' lang='lat' dir='ltr'><strong>in</strong></span> <span class='ocrx_word' id='word_1_78' title='bbox 1433 2015 1616 2080; x_wconf 88' lang='lat' dir='ltr'><strong>coelis</strong></span> <span class='ocrx_word' id='word_1_79' title='bbox 1659 2019 1997 2102; x_wconf 83' lang='lat' dir='ltr'><strong>apparent.</strong></span> <span class='ocrx_word' id='word_1_80' title='bbox 2088 2014 2255 2081; x_wconf 86' lang='lat' dir='ltr'><strong>Haec</strong></span> <span class='ocrx_word' id='word_1_81' title='bbox 2306 2035 2499 2102; x_wconf 84' lang='lat' dir='ltr'><strong>porro</strong></span> <span class='ocrx_word' id='word_1_82' title='bbox 2542 2015 2789 2081; x_wconf 72' lang='lat' dir='ltr'><strong>cadunt</strong></span> <span class='ocrx_word' id='word_1_83' title='bbox 2830 2017 2943 2094; x_wconf 90' lang='lat' dir='ltr'><strong>sic,</strong></span> 
     </span>
     <span class='ocr_line' id='line_1_12' title="bbox 835 2115 2943 2204; baseline 0.002 -25"><span class='ocrx_word' id='word_1_84' title='bbox 835 2120 914 2179; x_wconf 89' lang='lat' dir='ltr'><strong>ut</strong></span> <span class='ocrx_word' id='word_1_85' title='bbox 957 2121 1135 2182; x_wconf 87' lang='lat' dir='ltr'><strong>certo</strong></span> <span class='ocrx_word' id='word_1_86' title='bbox 1197 2117 1568 2202; x_wconf 80' lang='lat' dir='ltr'><strong>praedicunt</strong></span> <span class='ocrx_word' id='word_1_87' title='bbox 1629 2116 2007 2182; x_wconf 74' lang='lat' dir='ltr'><strong>astronomi.</strong></span> <span class='ocrx_word' id='word_1_88' title='bbox 2100 2115 2277 2182; x_wconf 85' lang='lat' dir='ltr'><strong>Sunt</strong></span> <span class='ocrx_word' id='word_1_89' title='bbox 2328 2117 2477 2182; x_wconf 80' lang='lat' dir='ltr'><strong>aliae</strong></span> <span class='ocrx_word' id='word_1_90' title='bbox 2544 2137 2755 2183; x_wconf 82' lang='lat' dir='ltr'><strong>causae</strong></span> <span class='ocrx_word' id='word_1_91' title='bbox 2794 2139 2943 2204; x_wconf 80' lang='lat' dir='ltr'><strong>quae</strong></span> 
     </span>
     <span class='ocr_line' id='line_1_13' title="bbox 833 2217 2943 2304; baseline 0.001 -22"><span class='ocrx_word' id='word_1_92' title='bbox 833 2217 1192 2283; x_wconf 86' lang='lat' dir='ltr'><strong>necessario</strong></span> <span class='ocrx_word' id='word_1_93' title='bbox 1253 2217 1408 2284; x_wconf 85' lang='lat' dir='ltr'><strong>licet</strong></span> <span class='ocrx_word' id='word_1_94' title='bbox 1450 2240 1526 2284; x_wconf 75' lang='lat' dir='ltr'><strong>ao</strong></span> <span class='ocrx_word' id='word_1_95' title='bbox 1577 2221 1895 2304; x_wconf 86' lang='lat' dir='ltr'><strong>perpetuo</strong></span> <span class='ocrx_word' id='word_1_96' title='bbox 1942 2237 2075 2282; x_wconf 90' lang='lat' dir='ltr'><strong>non</strong></span> <span class='ocrx_word' id='word_1_97' title='bbox 2120 2222 2338 2303; x_wconf 84' lang='lat' dir='ltr'><strong>agant,</strong></span> <span class='ocrx_word' id='word_1_98' title='bbox 2404 2239 2671 2304; x_wconf 83' lang='lat' dir='ltr'><strong>perraro</strong></span> <span class='ocrx_word' id='word_1_99' title='bbox 2714 2225 2943 2285; x_wconf 80' lang='lat' dir='ltr'><strong>tamen</strong></span> 
     </span>
     <span class='ocr_line' id='line_1_14' title="bbox 833 2317 2939 2405; baseline 0.001 -21"><span class='ocrx_word' id='word_1_100' title='bbox 833 2318 1170 2384; x_wconf 88' lang='lat' dir='ltr'><strong>deficiunt.</strong></span> <span class='ocrx_word' id='word_1_101' title='bbox 1265 2320 1526 2384; x_wconf 83' lang='lat' dir='ltr'><strong>Harum</strong></span> <span class='ocrx_word' id='word_1_102' title='bbox 1573 2340 1913 2386; x_wconf 84' lang='lat' dir='ltr'><strong>causarum</strong></span> <span class='ocrx_word' id='word_1_103' title='bbox 1974 2317 2245 2385; x_wconf 81' lang='lat' dir='ltr'><strong>effectus</strong></span> <span class='ocrx_word' id='word_1_104' title='bbox 2288 2323 2447 2384; x_wconf 87' lang='lat' dir='ltr'><strong>sunt</strong></span> <span class='ocrx_word' id='word_1_105' title='bbox 2522 2325 2688 2405; x_wconf 76' lang='lat' dir='ltr'><strong>puta</strong></span> <span class='ocrx_word' id='word_1_106' title='bbox 2744 2319 2939 2386; x_wconf 82' lang='lat' dir='ltr'><strong>vicis-</strong></span> 
     </span>
     <span class='ocr_line' id='line_1_15' title="bbox 832 2419 2937 2507; baseline 0.002 -23"><span class='ocrx_word' id='word_1_107' title='bbox 832 2419 1155 2486; x_wconf 82' lang='lat' dir='ltr'><strong>situdines</strong></span> <span class='ocrx_word' id='word_1_108' title='bbox 1229 2425 1616 2507; x_wconf 86' lang='lat' dir='ltr'><strong>temporum,</strong></span> <span class='ocrx_word' id='word_1_109' title='bbox 1683 2419 2122 2498; x_wconf 82' lang='lat' dir='ltr'><strong>salubritates,</strong></span> <span class='ocrx_word' id='word_1_110' title='bbox 2194 2419 2606 2506; x_wconf 73' lang='lat' dir='ltr'><strong>pestilentiae,</strong></span> <span class='ocrx_word' id='word_1_111' title='bbox 2671 2421 2937 2507; x_wconf 82' lang='lat' dir='ltr'><strong>pluviae,</strong></span> 
     </span>
     <span class='ocr_line' id='line_1_16' title="bbox 831 2525 2937 2612; baseline 0.001 -22"><span class='ocrx_word' id='word_1_112' title='bbox 831 2525 1174 2606; x_wconf 70' lang='lat' dir='ltr'><strong>siccitates,</strong></span> <span class='ocrx_word' id='word_1_113' title='bbox 1221 2527 1573 2605; x_wconf 76' lang='lat' dir='ltr'><strong>eluvioneS,</strong></span> <span class='ocrx_word' id='word_1_114' title='bbox 1643 2525 2011 2592; x_wconf 85' lang='lat' dir='ltr'><strong>belluarum</strong></span> <span class='ocrx_word' id='word_1_115' title='bbox 2074 2525 2437 2612; x_wconf 71' lang='lat' dir='ltr'><strong>repentinae</strong></span> <span class='ocrx_word' id='word_1_116' title='bbox 2510 2533 2773 2606; x_wconf 84' lang='lat' dir='ltr'><strong>mortes,</strong></span> <span class='ocrx_word' id='word_1_117' title='bbox 2820 2527 2937 2592; x_wconf 92' lang='lat' dir='ltr'><strong>ho-</strong></span> 
     </span>
     <span class='ocr_line' id='line_1_17' title="bbox 833 2627 2933 2716; baseline 0 -24"><span class='ocrx_word' id='word_1_118' title='bbox 833 2627 1088 2694; x_wconf 85' lang='lat' dir='ltr'><strong>minum</strong></span> <span class='ocrx_word' id='word_1_119' title='bbox 1146 2649 1382 2716; x_wconf 83' lang='lat' dir='ltr'><strong>graves</strong></span> <span class='ocrx_word' id='word_1_120' title='bbox 1453 2628 1755 2714; x_wconf 86' lang='lat' dir='ltr'><strong>levesque</strong></span> <span class='ocrx_word' id='word_1_121' title='bbox 1824 2627 2055 2704; x_wconf 90' lang='lat' dir='ltr'><strong>morbi,</strong></span> <span class='ocrx_word' id='word_1_122' title='bbox 2112 2627 2448 2692; x_wconf 74' lang='lat' dir='ltr'><strong>diuturnae</strong></span> <span class='ocrx_word' id='word_1_123' title='bbox 2492 2627 2933 2714; x_wconf 63' lang='lat' dir='ltr'><strong>aegritudines,</strong></span> 
     </span>
     <span class='ocr_line' id='line_1_18' title="bbox 832 2729 2935 2818; baseline 0 -25"><span class='ocrx_word' id='word_1_124' title='bbox 832 2751 1112 2814; x_wconf 85' lang='lat' dir='ltr'><strong>quarum</strong></span> <span class='ocrx_word' id='word_1_125' title='bbox 1171 2730 1357 2818; x_wconf 83' lang='lat' dir='ltr'><strong>signa</strong></span> <span class='ocrx_word' id='word_1_126' title='bbox 1425 2751 1510 2796; x_wconf 78' lang='lat' dir='ltr'><strong>ex</strong></span> <span class='ocrx_word' id='word_1_127' title='bbox 1565 2729 1663 2808; x_wconf 89' lang='lat' dir='ltr'><strong>iis,</strong></span> <span class='ocrx_word' id='word_1_128' title='bbox 1725 2749 1873 2816; x_wconf 82' lang='lat' dir='ltr'><strong>quae</strong></span> <span class='ocrx_word' id='word_1_129' title='bbox 1916 2749 2065 2794; x_wconf 87' lang='lat' dir='ltr'><strong>cum</strong></span> <span class='ocrx_word' id='word_1_130' title='bbox 2110 2729 2185 2792; x_wconf 88' lang='lat' dir='ltr'><strong>in</strong></span> <span class='ocrx_word' id='word_1_131' title='bbox 2228 2729 2429 2810; x_wconf 80' lang='lat' dir='ltr'><strong>coelis,</strong></span> <span class='ocrx_word' id='word_1_132' title='bbox 2494 2734 2636 2793; x_wconf 87' lang='lat' dir='ltr'><strong>tum</strong></span> <span class='ocrx_word' id='word_1_133' title='bbox 2681 2729 2756 2793; x_wconf 91' lang='lat' dir='ltr'><strong>in</strong></span> <span class='ocrx_word' id='word_1_134' title='bbox 2785 2734 2935 2794; x_wconf 66' lang='lat' dir='ltr'><strong>abire</strong></span> 
     </span>
     <span class='ocr_line' id='line_1_19' title="bbox 835 2828 2934 2918; baseline 0.001 -26"><span class='ocrx_word' id='word_1_135' title='bbox 835 2831 1021 2907; x_wconf 84' lang='lat' dir='ltr'><strong>fiunt,</strong></span> <span class='ocrx_word' id='word_1_136' title='bbox 1087 2831 1458 2918; x_wconf 82' lang='lat' dir='ltr'><strong>conjectant</strong></span> <span class='ocrx_word' id='word_1_137' title='bbox 1517 2828 1831 2918; x_wconf 74' lang='lat' dir='ltr'><strong>astrologi</strong></span> <span class='ocrx_word' id='word_1_138' title='bbox 1904 2828 2175 2917; x_wconf 80' lang='lat' dir='ltr'><strong>perinde</strong></span> <span class='ocrx_word' id='word_1_139' title='bbox 2248 2851 2324 2896; x_wconf 73' lang='lat' dir='ltr'><strong>ac</strong></span> <span class='ocrx_word' id='word_1_140' title='bbox 2398 2829 2649 2896; x_wconf 86' lang='lat' dir='ltr'><strong>medici.</strong></span> <span class='ocrx_word' id='word_1_141' title='bbox 2758 2829 2934 2896; x_wconf 85' lang='lat' dir='ltr'><strong>Sunt</strong></span> 
     </span>
     <span class='ocr_line' id='line_1_20' title="bbox 831 2932 2931 3021; baseline -0.001 -23"><span class='ocrx_word' id='word_1_142' title='bbox 831 2936 1158 3019; x_wconf 87' lang='lat' dir='ltr'><strong>postremo</strong></span> <span class='ocrx_word' id='word_1_143' title='bbox 1217 2934 1366 3000; x_wconf 81' lang='lat' dir='ltr'><strong>aliae</strong></span> <span class='ocrx_word' id='word_1_144' title='bbox 1417 2956 1649 3016; x_wconf 81' lang='lat' dir='ltr'><strong>causae,</strong></span> <span class='ocrx_word' id='word_1_145' title='bbox 1703 2956 1872 3021; x_wconf 81' lang='lat' dir='ltr'><strong>quae,</strong></span> <span class='ocrx_word' id='word_1_146' title='bbox 1914 2940 1993 3000; x_wconf 90' lang='lat' dir='ltr'><strong>ut</strong></span> <span class='ocrx_word' id='word_1_147' title='bbox 2036 2933 2249 2999; x_wconf 87' lang='lat' dir='ltr'><strong>solute</strong></span> <span class='ocrx_word' id='word_1_148' title='bbox 2297 2955 2373 2999; x_wconf 88' lang='lat' dir='ltr'><strong>ac</strong></span> <span class='ocrx_word' id='word_1_149' title='bbox 2420 2932 2625 2999; x_wconf 86' lang='lat' dir='ltr'><strong>libere</strong></span> <span class='ocrx_word' id='word_1_150' title='bbox 2668 2954 2931 2999; x_wconf 86' lang='lat' dir='ltr'><strong>moven-</strong></span> 
     </span>
     <span class='ocr_line' id='line_1_21' title="bbox 831 3032 2935 3121; baseline 0.001 -22"><span class='ocrx_word' id='word_1_151' title='bbox 831 3038 958 3112; x_wconf 90' lang='lat' dir='ltr'><strong>tur,</strong></span> <span class='ocrx_word' id='word_1_152' title='bbox 1007 3035 1105 3098; x_wconf 86' lang='lat' dir='ltr'><strong>ita</strong></span> <span class='ocrx_word' id='word_1_153' title='bbox 1165 3032 1235 3097; x_wconf 91' lang='lat' dir='ltr'><strong>in</strong></span> <span class='ocrx_word' id='word_1_154' title='bbox 1309 3034 1612 3121; x_wconf 83' lang='lat' dir='ltr'><strong>opposita</strong></span> <span class='ocrx_word' id='word_1_155' title='bbox 1685 3035 1869 3101; x_wconf 82' lang='lat' dir='ltr'><strong>abire</strong></span> <span class='ocrx_word' id='word_1_156' title='bbox 1940 3039 2259 3121; x_wconf 70' lang='lat' dir='ltr'><strong>pooeunt:</strong></span> <span class='ocrx_word' id='word_1_157' title='bbox 2338 3034 2701 3121; x_wconf 86' lang='lat' dir='ltr'><strong>cujusmodi</strong></span> <span class='ocrx_word' id='word_1_158' title='bbox 2776 3040 2935 3101; x_wconf 88' lang='lat' dir='ltr'><strong>sunt</strong></span> 
     </span>
     <span class='ocr_line' id='line_1_22' title="bbox 829 3136 2931 3222; baseline 0 -21"><span class='ocrx_word' id='word_1_159' title='bbox 829 3139 1014 3201; x_wconf 79' lang='lat' dir='ltr'><strong>actus</strong></span> <span class='ocrx_word' id='word_1_160' title='bbox 1059 3136 1348 3214; x_wconf 86' lang='lat' dir='ltr'><strong>humani,</strong></span> <span class='ocrx_word' id='word_1_161' title='bbox 1412 3136 1526 3222; x_wconf 91' lang='lat' dir='ltr'><strong>qui</strong></span> <span class='ocrx_word' id='word_1_162' title='bbox 1569 3158 1612 3203; x_wconf 87' lang='lat' dir='ltr'><strong>a</strong></span> <span class='ocrx_word' id='word_1_163' title='bbox 1655 3136 1863 3202; x_wconf 88' lang='lat' dir='ltr'><strong>libero</strong></span> <span class='ocrx_word' id='word_1_164' title='bbox 1928 3136 2204 3203; x_wconf 87' lang='lat' dir='ltr'><strong>arbitrio</strong></span> <span class='ocrx_word' id='word_1_165' title='bbox 2249 3136 2589 3222; x_wconf 86' lang='lat' dir='ltr'><strong>profluunt</strong></span> <span class='ocrx_word' id='word_1_166' title='bbox 2646 3136 2931 3201; x_wconf 78' lang='lat' dir='ltr'><strong>omninO.</strong></span> 
     </span>
     <span class='ocr_line' id='line_1_23' title="bbox 831 3236 2932 3325; baseline -0.001 -22"><span class='ocrx_word' id='word_1_167' title='bbox 831 3236 1046 3303; x_wconf 87' lang='lat' dir='ltr'><strong>Nemo</strong></span> <span class='ocrx_word' id='word_1_168' title='bbox 1121 3236 1212 3303; x_wconf 88' lang='lat' dir='ltr'><strong>sit</strong></span> <span class='ocrx_word' id='word_1_169' title='bbox 1284 3238 1399 3324; x_wconf 89' lang='lat' dir='ltr'><strong>qui</strong></span> <span class='ocrx_word' id='word_1_170' title='bbox 1475 3237 1602 3303; x_wconf 86' lang='lat' dir='ltr'><strong>sibi</strong></span> <span class='ocrx_word' id='word_1_171' title='bbox 1677 3236 2067 3325; x_wconf 80' lang='lat' dir='ltr'><strong>persuadeat</strong></span> <span class='ocrx_word' id='word_1_172' title='bbox 2140 3237 2409 3303; x_wconf 84' lang='lat' dir='ltr'><strong>effectus</strong></span> <span class='ocrx_word' id='word_1_173' title='bbox 2482 3239 2601 3303; x_wconf 88' lang='lat' dir='ltr'><strong>hos</strong></span> <span class='ocrx_word' id='word_1_174' title='bbox 2692 3236 2857 3312; x_wconf 76' lang='lat' dir='ltr'><strong>libel</strong></span> <span class='ocrx_word' id='word_1_175' title='bbox 2857 3258 2932 3302; x_wconf 88' lang='lat' dir='ltr'><strong>os</strong></span> 
     </span>
     <span class='ocr_line' id='line_1_24' title="bbox 831 3338 2929 3428; baseline -0 -23"><span class='ocrx_word' id='word_1_176' title='bbox 831 3346 950 3405; x_wconf 80' lang='lat' dir='ltr'><strong>aut</strong></span> <span class='ocrx_word' id='word_1_177' title='bbox 993 3346 1171 3407; x_wconf 87' lang='lat' dir='ltr'><strong>certo</strong></span> <span class='ocrx_word' id='word_1_178' title='bbox 1215 3360 1630 3428; x_wconf 74' lang='lat' dir='ltr'><strong>praenoscere,</strong></span> <span class='ocrx_word' id='word_1_179' title='bbox 1679 3345 1798 3405; x_wconf 85' lang='lat' dir='ltr'><strong>aut</strong></span> <span class='ocrx_word' id='word_1_180' title='bbox 1842 3338 2219 3426; x_wconf 82' lang='lat' dir='ltr'><strong>conjectura</strong></span> <span class='ocrx_word' id='word_1_181' title='bbox 2260 3340 2517 3425; x_wconf 81' lang='lat' dir='ltr'><strong>assequi</strong></span> <span class='ocrx_word' id='word_1_182' title='bbox 2562 3362 2647 3405; x_wconf 84' lang='lat' dir='ltr'><strong>ex</strong></span> <span class='ocrx_word' id='word_1_183' title='bbox 2689 3338 2929 3420; x_wconf 87' lang='lat' dir='ltr'><strong>astris;</strong></span> 
     </span>
     <span class='ocr_line' id='line_1_25' title="bbox 831 3422 2931 3529; baseline -0 -23"><span class='ocrx_word' id='word_1_184' title='bbox 831 3464 984 3507; x_wconf 85' lang='lat' dir='ltr'><strong>nam</strong></span> <span class='ocrx_word' id='word_1_185' title='bbox 1034 3448 1114 3507; x_wconf 90' lang='lat' dir='ltr'><strong>ut</strong></span> <span class='ocrx_word' id='word_1_186' title='bbox 1163 3442 1525 3529; x_wconf 73' lang='lat' dir='ltr'><strong>peroptime</strong></span> <span class='ocrx_word' id='word_1_187' title='bbox 1601 3444 1828 3506; x_wconf 88' lang='lat' dir='ltr'><strong>monet</strong></span> <span class='ocrx_word' id='word_1_188' title='bbox 1871 3440 2189 3526; x_wconf 80' lang='lat' dir='ltr'><strong>Aquinas,</strong></span> <span class='ocrx_word' id='word_1_189' title='bbox 2234 3440 2485 3505; x_wconf 85' lang='lat' dir='ltr'><strong>nullam</strong></span> <span class='ocrx_word' id='word_1_190' title='bbox 2528 3462 2679 3505; x_wconf 87' lang='lat' dir='ltr'><strong>cum</strong></span> <span class='ocrx_word' id='word_1_191' title='bbox 2722 3422 2931 3506; x_wconf 82' lang='lat' dir='ltr'><strong>causis</strong></span> 
     </span>
     <span class='ocr_line' id='line_1_26' title="bbox 831 3541 2931 3628; baseline 0 -21"><span class='ocrx_word' id='word_1_192' title='bbox 831 3542 1247 3610; x_wconf 83' lang='lat' dir='ltr'><strong>naturalibus</strong></span> <span class='ocrx_word' id='word_1_193' title='bbox 1307 3541 1782 3609; x_wconf 81' lang='lat' dir='ltr'><strong>connexionem</strong></span> <span class='ocrx_word' id='word_1_194' title='bbox 1828 3542 2089 3607; x_wconf 87' lang='lat' dir='ltr'><strong>habent.</strong></span> <span class='ocrx_word' id='word_1_195' title='bbox 2182 3541 2291 3607; x_wconf 86' lang='lat' dir='ltr'><strong>Ex</strong></span> <span class='ocrx_word' id='word_1_196' title='bbox 2356 3564 2484 3628; x_wconf 91' lang='lat' dir='ltr'><strong>quo</strong></span> <span class='ocrx_word' id='word_1_197' title='bbox 2536 3542 2727 3607; x_wconf 83' lang='lat' dir='ltr'><strong>credo</strong></span> <span class='ocrx_word' id='word_1_198' title='bbox 2770 3547 2931 3607; x_wconf 81' lang='lat' dir='ltr'><strong>nata</strong></span> 
     </span>
     <span class='ocr_line' id='line_1_27' title="bbox 829 3642 2925 3731; baseline -0 -25"><span class='ocrx_word' id='word_1_199' title='bbox 829 3643 947 3707; x_wconf 83' lang='lat' dir='ltr'><strong>illa</strong></span> <span class='ocrx_word' id='word_1_200' title='bbox 1007 3650 1110 3710; x_wconf 70' lang='lat' dir='ltr'><strong>est</strong></span> <span class='ocrx_word' id='word_1_201' title='bbox 1183 3644 1522 3711; x_wconf 88' lang='lat' dir='ltr'><strong>distinctio</strong></span> <span class='ocrx_word' id='word_1_202' title='bbox 1568 3642 1939 3731; x_wconf 85' lang='lat' dir='ltr'><strong>astrologiae</strong></span> <span class='ocrx_word' id='word_1_203' title='bbox 2006 3643 2329 3709; x_wconf 86' lang='lat' dir='ltr'><strong>naturalis</strong></span> <span class='ocrx_word' id='word_1_204' title='bbox 2388 3648 2459 3709; x_wconf 88' lang='lat' dir='ltr'><strong>et</strong></span> <span class='ocrx_word' id='word_1_205' title='bbox 2508 3642 2925 3728; x_wconf 74' lang='lat' dir='ltr'><strong>judiciariae:</strong></span> 
     </span>
     <span class='ocr_line' id='line_1_28' title="bbox 827 3744 2933 3832; baseline 0 -22"><span class='ocrx_word' id='word_1_206' title='bbox 827 3767 1108 3831; x_wconf 87' lang='lat' dir='ltr'><strong>quarum</strong></span> <span class='ocrx_word' id='word_1_207' title='bbox 1153 3746 1332 3832; x_wconf 89' lang='lat' dir='ltr'><strong>prior</strong></span> <span class='ocrx_word' id='word_1_208' title='bbox 1375 3751 1477 3812; x_wconf 87' lang='lat' dir='ltr'><strong>est</strong></span> <span class='ocrx_word' id='word_1_209' title='bbox 1553 3745 1775 3826; x_wconf 85' lang='lat' dir='ltr'><strong>licita3</strong></span> <span class='ocrx_word' id='word_1_210' title='bbox 1820 3744 2139 3831; x_wconf 73' lang='lat' dir='ltr'><strong>posterior</strong></span> <span class='ocrx_word' id='word_1_211' title='bbox 2203 3765 2359 3810; x_wconf 85' lang='lat' dir='ltr'><strong>vero</strong></span> <span class='ocrx_word' id='word_1_212' title='bbox 2434 3744 2693 3810; x_wconf 85' lang='lat' dir='ltr'><strong>sceleris</strong></span> <span class='ocrx_word' id='word_1_213' title='bbox 2736 3745 2933 3831; x_wconf 86' lang='lat' dir='ltr'><strong>plena</strong></span> 
     </span>
     <span class='ocr_line' id='line_1_29' title="bbox 827 3842 2933 3932; baseline 0 -22"><span class='ocrx_word' id='word_1_214' title='bbox 827 3852 1025 3932; x_wconf 81' lang='lat' dir='ltr'><strong>atque</strong></span> <span class='ocrx_word' id='word_1_215' title='bbox 1069 3847 1388 3913; x_wconf 73' lang='lat' dir='ltr'><strong>stultitiae.</strong></span> <span class='ocrx_word' id='word_1_216' title='bbox 1483 3846 1846 3911; x_wconf 85' lang='lat' dir='ltr'><strong>Hausimus</strong></span> <span class='ocrx_word' id='word_1_217' title='bbox 1906 3845 2038 3911; x_wconf 82' lang='lat' dir='ltr'><strong>ista</strong></span> <span class='ocrx_word' id='word_1_218' title='bbox 2080 3867 2165 3911; x_wconf 81' lang='lat' dir='ltr'><strong>ex</strong></span> <span class='ocrx_word' id='word_1_219' title='bbox 2208 3842 2528 3915; x_wconf 72' lang='lat' dir='ltr'><strong>Secunda</strong></span> <span class='ocrx_word' id='word_1_220' title='bbox 2600 3844 2933 3914; x_wconf 63' lang='lat' dir='ltr'><strong>Secundae</strong></span> 
     </span>
     <span class='ocr_line' id='line_1_30' title="bbox 827 3951 1481 4033; baseline -0.002 -22"><span class='ocrx_word' id='word_1_221' title='bbox 827 3954 1050 4033; x_wconf 76' lang='lat' dir='ltr'><strong>quoeat.</strong></span> <span class='ocrx_word' id='word_1_222' title='bbox 1099 3951 1202 4024; x_wconf 83' lang='lat'><strong>95,</strong></span> <span class='ocrx_word' id='word_1_223' title='bbox 1251 3953 1376 4012; x_wconf 73' lang='lat' dir='ltr'><strong>art.</strong></span> <span class='ocrx_word' id='word_1_224' title='bbox 1427 3952 1481 4011; x_wconf 94' lang='lat'><strong>1.</strong></span> 
     </span>
    </p>

    <p class='ocr_par' dir='ltr' id='par_1_4' title="bbox 824 4048 2929 4847">
     <span class='ocr_line' id='line_1_31' title="bbox 916 4048 2929 4137; baseline 0.001 -26"><span class='ocrx_word' id='word_1_225' title='bbox 916 4048 1072 4114; x_wconf 92' lang='lat' dir='ltr'><strong>Non</strong></span> <span class='ocrx_word' id='word_1_226' title='bbox 1148 4056 1248 4115; x_wconf 86' lang='lat' dir='ltr'><strong>est</strong></span> <span class='ocrx_word' id='word_1_227' title='bbox 1306 4053 1639 4135; x_wconf 74' lang='lat' dir='ltr'><strong>praeterea,</strong></span> <span class='ocrx_word' id='word_1_228' title='bbox 1705 4050 1885 4137; x_wconf 89' lang='lat' dir='ltr'><strong>quod</strong></span> <span class='ocrx_word' id='word_1_229' title='bbox 1928 4050 2190 4116; x_wconf 86' lang='lat' dir='ltr'><strong>silentio</strong></span> <span class='ocrx_word' id='word_1_230' title='bbox 2235 4050 2580 4117; x_wconf 84' lang='lat' dir='ltr'><strong>mittamus</strong></span> <span class='ocrx_word' id='word_1_231' title='bbox 2644 4048 2929 4115; x_wconf 74' lang='lat' dir='ltr'><strong>alterum</strong></span> 
     </span>
     <span class='ocr_line' id='line_1_32' title="bbox 831 4148 2929 4238; baseline -0 -23"><span class='ocrx_word' id='word_1_232' title='bbox 831 4148 1192 4237; x_wconf 82' lang='lat' dir='ltr'><strong>Aquinatis</strong></span> <span class='ocrx_word' id='word_1_233' title='bbox 1261 4150 1579 4238; x_wconf 86' lang='lat' dir='ltr'><strong>placitum</strong></span> <span class='ocrx_word' id='word_1_234' title='bbox 1632 4149 1704 4215; x_wconf 91' lang='lat' dir='ltr'><strong>in</strong></span> <span class='ocrx_word' id='word_1_235' title='bbox 1761 4156 1793 4216; x_wconf 92' lang='lat'>1</span> <span class='ocrx_word' id='word_1_236' title='bbox 1848 4150 1931 4218; x_wconf 90' lang='lat' dir='ltr'><strong>P.</strong></span> <span class='ocrx_word' id='word_1_237' title='bbox 1981 4158 2206 4237; x_wconf 78' lang='lat' dir='ltr'><strong>quoest.</strong></span> <span class='ocrx_word' id='word_1_238' title='bbox 2258 4154 2404 4229; x_wconf 85' lang='lat'><strong>115,</strong></span> <span class='ocrx_word' id='word_1_239' title='bbox 2450 4156 2579 4217; x_wconf 76' lang='lat' dir='ltr'><strong>art.</strong></span> <span class='ocrx_word' id='word_1_240' title='bbox 2636 4153 2696 4215; x_wconf 86' lang='lat'><strong>4.</strong></span> <span class='ocrx_word' id='word_1_241' title='bbox 2792 4149 2929 4215; x_wconf 91' lang='lat' dir='ltr'><strong>Hic</strong></span> 
     </span>
     <span class='ocr_line' id='line_1_33' title="bbox 825 4252 2928 4340; baseline -0.001 -23"><span class='ocrx_word' id='word_1_242' title='bbox 825 4274 973 4317; x_wconf 87' lang='lat' dir='ltr'><strong>cum</strong></span> <span class='ocrx_word' id='word_1_243' title='bbox 1021 4257 1357 4340; x_wconf 70' lang='lat' dir='ltr'><strong>quaereret,</strong></span> <span class='ocrx_word' id='word_1_244' title='bbox 1403 4252 1775 4319; x_wconf 83' lang='lat' dir='ltr'><strong>coelestiane</strong></span> <span class='ocrx_word' id='word_1_245' title='bbox 1832 4274 2101 4339; x_wconf 85' lang='lat' dir='ltr'><strong>corpora</strong></span> <span class='ocrx_word' id='word_1_246' title='bbox 2158 4253 2593 4318; x_wconf 84' lang='lat' dir='ltr'><strong>humanorum</strong></span> <span class='ocrx_word' id='word_1_247' title='bbox 2656 4256 2928 4317; x_wconf 84' lang='lat' dir='ltr'><strong>actuum</strong></span> 
     </span>
     <span class='ocr_line' id='line_1_34' title="bbox 825 4355 2924 4441; baseline -0 -21"><span class='ocrx_word' id='word_1_248' title='bbox 825 4377 1035 4421; x_wconf 84' lang='lat' dir='ltr'><strong>causae</strong></span> <span class='ocrx_word' id='word_1_249' title='bbox 1110 4357 1261 4433; x_wconf 90' lang='lat' dir='ltr'><strong>sint,</strong></span> <span class='ocrx_word' id='word_1_250' title='bbox 1337 4358 1606 4420; x_wconf 67' lang='lat' dir='ltr'><strong>annon?</strong></span> <span class='ocrx_word' id='word_1_251' title='bbox 1692 4376 1831 4421; x_wconf 88' lang='lat' dir='ltr'><strong>rem</strong></span> <span class='ocrx_word' id='word_1_252' title='bbox 1894 4355 1987 4420; x_wconf 87' lang='lat' dir='ltr'><strong>sic</strong></span> <span class='ocrx_word' id='word_1_253' title='bbox 2062 4356 2410 4441; x_wconf 88' lang='lat' dir='ltr'><strong>componit,</strong></span> <span class='ocrx_word' id='word_1_254' title='bbox 2488 4359 2568 4419; x_wconf 89' lang='lat' dir='ltr'><strong>ut</strong></span> <span class='ocrx_word' id='word_1_255' title='bbox 2650 4358 2924 4431; x_wconf 86' lang='lat' dir='ltr'><strong>statuat,</strong></span> 
     </span>
     <span class='ocr_line' id='line_1_35' title="bbox 825 4456 2929 4544; baseline 0 -22"><span class='ocrx_word' id='word_1_256' title='bbox 825 4458 1118 4523; x_wconf 82' lang='lat' dir='ltr'><strong>coelestia</strong></span> <span class='ocrx_word' id='word_1_257' title='bbox 1161 4456 1428 4544; x_wconf 88' lang='lat' dir='ltr'><strong>quidem</strong></span> <span class='ocrx_word' id='word_1_258' title='bbox 1471 4457 1544 4521; x_wconf 93' lang='lat' dir='ltr'><strong>in</strong></span> <span class='ocrx_word' id='word_1_259' title='bbox 1587 4456 1728 4521; x_wconf 83' lang='lat' dir='ltr'><strong>haec</strong></span> <span class='ocrx_word' id='word_1_260' title='bbox 1788 4456 2099 4522; x_wconf 86' lang='lat' dir='ltr'><strong>inferiora</strong></span> <span class='ocrx_word' id='word_1_261' title='bbox 2166 4456 2437 4521; x_wconf 88' lang='lat' dir='ltr'><strong>influere</strong></span> <span class='ocrx_word' id='word_1_262' title='bbox 2494 4477 2611 4542; x_wconf 84' lang='lat' dir='ltr'><strong>per</strong></span> <span class='ocrx_word' id='word_1_263' title='bbox 2670 4476 2785 4535; x_wconf 88' lang='lat' dir='ltr'><strong>se;</strong></span> <span class='ocrx_word' id='word_1_264' title='bbox 2850 4463 2929 4522; x_wconf 87' lang='lat' dir='ltr'><strong>at</strong></span> 
     </span>
     <span class='ocr_line' id='line_1_36' title="bbox 824 4556 2925 4643; baseline -0.002 -18"><span class='ocrx_word' id='word_1_265' title='bbox 824 4560 1259 4627; x_wconf 79' lang='lat' dir='ltr'><strong>accidentario</strong></span> <span class='ocrx_word' id='word_1_266' title='bbox 1333 4560 1405 4624; x_wconf 89' lang='lat' dir='ltr'><strong>in</strong></span> <span class='ocrx_word' id='word_1_267' title='bbox 1479 4558 1717 4624; x_wconf 86' lang='lat' dir='ltr'><strong>animae</strong></span> <span class='ocrx_word' id='word_1_268' title='bbox 1786 4558 1959 4623; x_wconf 84' lang='lat' dir='ltr'><strong>vires</strong></span> <span class='ocrx_word' id='word_1_269' title='bbox 2021 4578 2185 4643; x_wconf 86' lang='lat' dir='ltr'><strong>quas</strong></span> <span class='ocrx_word' id='word_1_270' title='bbox 2252 4556 2517 4622; x_wconf 85' lang='lat' dir='ltr'><strong>sensiles</strong></span> <span class='ocrx_word' id='word_1_271' title='bbox 2592 4557 2925 4642; x_wconf 79' lang='lat' dir='ltr'><strong>passiones</strong></span> 
     </span>
     <span class='ocr_line' id='line_1_37' title="bbox 825 4654 2926 4748; baseline -0.001 -23"><span class='ocrx_word' id='word_1_272' title='bbox 825 4684 1055 4727; x_wconf 84' lang='lat' dir='ltr'><strong>vocare</strong></span> <span class='ocrx_word' id='word_1_273' title='bbox 1091 4662 1318 4748; x_wconf 84' lang='lat' dir='ltr'><strong>placet.</strong></span> <span class='ocrx_word' id='word_1_274' title='bbox 1413 4660 1503 4725; x_wconf 89' lang='lat' dir='ltr'><strong>Et</strong></span> <span class='ocrx_word' id='word_1_275' title='bbox 1549 4660 1707 4745; x_wconf 88' lang='lat' dir='ltr'><strong>quia</strong></span> <span class='ocrx_word' id='word_1_276' title='bbox 1736 4658 2110 4745; x_wconf 85' lang='lat' dir='ltr'><strong>spirituales</strong></span> <span class='ocrx_word' id='word_1_277' title='bbox 2138 4658 2497 4736; x_wconf 41' lang='lat' dir='ltr'><strong>facultates&amp;</strong></span> <span class='ocrx_word' id='word_1_278' title='bbox 2552 4654 2926 4723; x_wconf 77' lang='lat' dir='ltr'><strong>intellectus</strong></span> 
     </span>
     <span class='ocr_line' id='line_1_38' title="bbox 825 4758 2925 4847; baseline -0.001 -20"><span class='ocrx_word' id='word_1_279' title='bbox 825 4762 896 4827; x_wconf 89' lang='lat' dir='ltr'><strong>id</strong></span> <span class='ocrx_word' id='word_1_280' title='bbox 957 4769 1074 4843; x_wconf 86' lang='lat' dir='ltr'><strong>est,</strong></span> <span class='ocrx_word' id='word_1_281' title='bbox 1151 4786 1226 4831; x_wconf 81' lang='lat' dir='ltr'><strong>ac</strong></span> <span class='ocrx_word' id='word_1_282' title='bbox 1305 4762 1627 4841; x_wconf 83' lang='lat' dir='ltr'><strong>voluntas,</strong></span> <span class='ocrx_word' id='word_1_283' title='bbox 1697 4760 1949 4847; x_wconf 87' lang='lat' dir='ltr'><strong>aliquid</strong></span> <span class='ocrx_word' id='word_1_284' title='bbox 2016 4761 2103 4827; x_wconf 90' lang='lat' dir='ltr'><strong>ob</strong></span> <span class='ocrx_word' id='word_1_285' title='bbox 2165 4759 2477 4829; x_wconf 86' lang='lat' dir='ltr'><strong>viciniam</strong></span> <span class='ocrx_word' id='word_1_286' title='bbox 2548 4782 2593 4825; x_wconf 87' lang='lat' dir='ltr'><strong>a</strong></span> <span class='ocrx_word' id='word_1_287' title='bbox 2668 4758 2925 4825; x_wconf 87' lang='lat' dir='ltr'><strong>viribus</strong></span> 
     </span>
    </p>
   </div>
  </div>
 </body>
</html>
