3517 5750
543 865 650 954 η]
1341 879 1516 930 orus
1559 875 1881 928 mantua.
2552 861 2635 925 13

1437 1187 1596 1254 Cu.
1644 1185 1740 1252 II.

629 1391 770 1458 SED
812 1398 1040 1458 tamen
1085 1392 1337 1470 dilatio,
1386 1413 1534 1478 quae
1597 1391 1775 1457 facta
1819 1395 1939 1472 est,
1986 1391 2213 1457 evenit
2256 1388 2777 1457 necessar101'rhe
2804 1405 2976 1441 causes

541 1501 610 1560 et
653 1499 884 1561 contra
925 1517 1140 1560 meam
1187 1494 1620 1572 voluntatem,
1667 1500 1738 1560 et
1799 1494 1983 1560 dolui
2042 1494 2243 1559 nimis
2301 1515 2379 1560 ac
2440 1493 2641 1559 doleo,
2667 1456 2963 1589 ἓξὲῗῖζζέ

543 1597 698 1662 Non
739 1598 918 1664 enim
964 1597 1232 1683 quando
1275 1596 1514 1662 ultimo
1565 1595 1916 1684 scripsistis
1970 1595 2241 1662 fuerunt
2284 1597 2643 1684 composita
2666 1589 2833 1706 {gith}
2868 1607 2897 1642 θ

544 1721 690 1786 quae
725 1699 1033 1785 jussistis,
1079 1700 1236 1766 licet
1277 1699 1402 1765 hoc
1445 1683 1819 1766 credebatis.
1915 1699 2093 1764 Nam
2154 1700 2229 1764 in
2281 1701 2414 1766 alio
2458 1705 2640 1766 statu
2664 1672 2951 1778 οὲιξθωῖῃᾱ,

543 1825 678 1868 non
719 1802 846 1868 feci
889 1803 1211 1889 scriptum
1254 1801 1524 1888 aliquod
1568 1801 2021 1889 philosophiae‚
2064 1823 2185 1868 nec
2228 1803 2301 1867 in
2362 1803 2506 1883 hoc,
2569 1805 2644 1868 in

546 1926 675 1992 quo
726 1925 874 1970 sum
917 1904 1132 1985 mod0,
1177 1904 1278 1970 fui
1321 1904 1676 1992 requisitus
1719 1925 1763 1970 a
1803 1905 2097 1992 praelatis
2141 1905 2392 1984 meis³;
2442 1905 2645 1972 immo
2675 1920 2716 1965 1·
2744 1914 2865 1995 sl'he

545 2007 720 2072 facta
760 2011 866 2073 est
904 2007 1295 2073 constitutio
1337 2007 1560 2094 gravis
1589 2008 1662 2072 in
1691 2008 2113 2087 contrarium,
2145 2008 2269 2073 sub
2320 2015 2645 2096 praecepto
2668 1987 2969 2098 ffiffigffif

547 2115 622 2175 et
661 2131 864 2196 poena
907 2109 1284 2176 amissionis
1327 2109 1502 2191 libri,
1550 2114 1617 2175 et
1654 2109 1911 2195 jejunio
1972 2109 2045 2174 in
2106 2131 2279 2196 pane
2342 2114 2414 2175 et
2474 2133 2650 2198 aqua
2670 2114 2750 2166 his
2773 2116 2934 2166 order·

545 2212 848 2300 pluribus
892 2212 1145 2292 diebus,
1211 2213 1268 2277 si
1335 2211 1604 2298 aliquod
1648 2212 1967 2298 scriptum
2013 2211 2259 2277 factum
2307 2212 2483 2299 apud
2527 2235 2650 2278 nos

545 2315 693 2380 aliis
735 2315 1264 2380 communicetur.
1355 2314 1489 2381 Sed
1534 2313 1732 2380 scribi
1777 2335 1913 2379 non
1955 2319 2176 2400 posset
2218 2313 2447 2381 littera
2474 2315 2651 2380 bona

547 2417 678 2482 nisi
719 2439 838 2504 per
879 2417 1225 2504 scriptores
1269 2417 1520 2482 alienos
1565 2439 1608 2482 a
1651 2420 1835 2482 statu
1882 2423 2127 2494 nostre,
2194 2423 2263 2482 et
2326 2417 2427 2482 illi
2489 2423 2651 2483 tunc

547 2520 1066 2586 transcriberent
1130 2541 1248 2606 pro
1317 2540 1402 2598 ss,
1448 2519 1558 2585 vel
1610 2519 1779 2600 aliiS,
1846 2519 2083 2584 vellem
2148 2519 2410 2600 nollem,
2478 2520 2651 2586 sicut

546 2622 903 2708 saepissime
947 2621 1190 2708 scripta
1234 2643 1351 2709 per
1409 2621 1676 2686 fraudes
1741 2621 2135 2709 scriptorum
2195 2621 2485 2688 Parisius
2552 2623 2651 2687 di-

549 2724 929 2812 vulgantur.
1019 2723 1112 2790 Et
1156 2730 1330 2790 certe
1376 2723 1433 2790 si
1477 2725 1839 2811 potuissem
1883 2724 2085 2790 libere
2123 2726 2646 2806 communicasse,
2676 2745 2725 2821 ει..
2758 2740 2869 2793 The

549 2849 670 2915 ego
713 2849 832 2915 pro
877 2827 1082 2893 fratre
1126 2848 1272 2893 meo
1315 2825 1610 2906 scholari,
1645 2833 1713 2893 et
1757 2827 1905 2893 aliis
1950 2827 2176 2893 amicis
2222 2828 2417 2895 meis²
2458 2828 2649 2895 caris-
2675 2809 2917 2927 fflffiffiff
2934 2807 2993 2858 of

549 2930 732 2995 simis
793 2929 1010 2999 multa
1051 2930 1572 3017 composuissem.
1665 2927 1800 2995 Sed
1862 2930 2126 3017 quando
2182 2930 2527 3018 desperavi
2571 2930 2652 2997 de
2676 2952 2815 3022 tran-
2896 2892 2933 2941 g

549 3032 1137 3098 communicatione
1165 3032 1428 3119 neglexi
1459 3053 1841 3119 componere
1870 3056 1887 3113 ;
1916 3033 2092 3097 unde
2124 3032 2388 3119 quando
2416 3038 2655 3099 vestrae
2678 3011 2905 3060 scribet-s.

548 3134 778 3221 gloriae
823 3133 1041 3199 obtuli
1083 3156 1190 3199 me
1235 3138 1564 3221 paratum,
1619 3134 1980 3199 certissime
2034 3135 2257 3201 sciatis
2303 3135 2479 3221 quod
2534 3135 2656 3201 hoc

551 3236 683 3301 fuit
756 3257 878 3323 pro
951 3234 1212 3322 scriptis
1273 3234 1606 3317 faciendis,
1677 3236 1973 3301 nondum
2050 3237 2287 3315 factis3
2362 3242 2432 3302 ct
2506 3236 2655 3303 ideo

556 3338 970 3405 Reimundus
1031 3338 1114 3403 de
1161 3338 1498 3419 Laudun0,
1564 3338 1835 3403 clericus
1888 3342 2121 3415 vester,
2190 3338 2323 3403 fuit
2388 3339 2657 3405 omnino

551 3440 880 3528 deceptuS,
928 3439 1194 3527 quando
1238 3440 1378 3527 ipse
1441 3440 1522 3506 de
1585 3462 1691 3506 me
1757 3440 1949 3505 vobis
2013 3441 2171 3506 fecit
2238 3440 2656 3507 mentionem.

555 3544 742 3608 Licet
809 3544 986 3608 enim
1052 3543 1276 3628 aliqua
1343 3542 1632 3630 capitula
1697 3542 1781 3607 de
1848 3542 2127 3608 diversis
2190 3543 2505 3624 materiis,
2574 3544 2659 3609 ad

549 3645 942 3711 instantiam
989 3644 1362 3726 amicorum,
1413 3644 1811 3731 aliquotiens
1842 3666 2021 3711 more
2068 3644 2451 3710 transitorio
2488 3668 2659 3711 com-

553 3746 781 3834 pilavi,
831 3746 954 3812 hoc
1005 3768 1144 3811 non
1213 3752 1314 3811 est
1379 3748 1696 3834 scriptum
1763 3746 2033 3833 aliquod
2098 3746 2490 3828 notandum,
2538 3772 2659 3815 nec

555 3856 794 3917 vestrae
853 3851 1198 3937 sapientise
1263 3850 1690 3931 offerendum,
1744 3872 1893 3917 cum
1960 3856 2033 3917 et
2097 3873 2217 3939 ego
2282 3852 2661 3939 hujusmodi

553 3955 838 4042 negligo,
914 3953 1072 4040 quia
1167 3952 1336 4017 nihil
1411 3953 1803 4019 continuum
1890 3958 2009 4035 est,
2086 3976 2206 4020 nec
2276 3956 2659 4042 perfectum.

555 4058 888 4124 Caeterum
953 4054 1346 4142 magnitudo
1409 4060 1482 4119 et
1541 4056 1902 4121 auctoritas
1962 4062 2201 4124 vestrae
2274 4059 2658 4126 reverentiae
2682 4072 2731 4118 3·
2767 4067 2961 4119 Would

555 4181 662 4225 me
713 4159 834 4224 diu
877 4157 1118 4235 tenuit,
1170 4156 1468 4223 nesciens
1530 4157 1763 4223 statim
1813 4158 1991 4243 quod
2059 4159 2337 4247 dignum
2402 4182 2657 4249 possem
2681 4135 2859 4251 ffigin

511 4256 534 4267 “
555 4262 803 4327 offerre.
893 4260 988 4325 Et
1045 4281 1194 4325 cum
1239 4259 1650 4325 consideravi
1710 4260 1883 4346 quod
1944 4261 2115 4326 nihil
2175 4267 2415 4329 vestrae
2473 4264 2659 4330 celsi·
2680 4268 2830 4333 hasty
2842 4216 2902 4317 οἵ·
2917 4265 2999 4317 ill-

557 4364 678 4431 tud
686 4363 786 4429 ini
861 4361 1100 4429 debeat
1172 4360 1563 4449 praesentari
1627 4360 1758 4427 nisi
1813 4362 1991 4449 quod
2051 4363 2143 4429 sit
2214 4366 2657 4453 magnifimun,
2682 4334 2989 4385 mmm·

625 4728 640 4758 ¹
651 4730 806 4793 sacta
884 4734 974 4787 cst,
1029 4726 1190 4777 evenit
1263 4723 1557 4789 necessario]
1717 4718 1739 4749 ²
1759 4716 1902 4783 meis]
1940 4733 2037 4771 om.
2062 4718 2119 4770 Β.
2143 4718 2202 4767 L.
2232 4718 2299 4773 U.

563 4808 710 4867 faeta,
741 4806 1022 4858 necessario
1055 4804 1240 4868 evenit,
1273 4805 1332 4855 L.
