3517 5750
522 828 533 835 ’
622 840 823 927 11111]
1383 855 1558 906 orus
1600 855 1923 905 TERTIUM.
2593 838 2724 903 253

614 1031 833 1097 tentia
893 1053 1029 1097 una
1072 1030 1469 1097 sufficienter
1530 1030 1930 1097 terminatur
1973 1029 2046 1094 in
2089 1028 2344 1095 modico
2409 1050 2723 1109 sermone,

619 1138 690 1199 et
733 1133 1065 1199 anhelitus
1108 1132 1497 1221 proferentis
1542 1131 1782 1199 sufficit
1821 1133 1906 1197 ad
1949 1133 2087 1211 hoc,
2136 1137 2206 1198 et
2247 1154 2384 1198 non
2427 1132 2514 1197 ad
2557 1132 2722 1218 plue,

618 1239 881 1321 oportet
953 1235 1130 1323 quod
1204 1235 1327 1301 fiat
1398 1254 1625 1300 versus
1688 1236 1777 1301 ad
1842 1235 2009 1299 illud
2069 1234 2244 1321 quod
2307 1235 2559 1300 dictum
2625 1239 2727 1300 est

622 1335 943 1402 coelorwm
952 1361 981 1416 ;
1027 1342 1098 1403 et
1126 1340 1291 1402 tunc
1325 1337 1483 1423 quia.
1524 1357 1702 1403 nova,
1744 1336 2078 1402 sententia,
2105 1336 2296 1403 venit
2339 1336 2414 1401 in
2441 1336 2726 1401 secunda

620 1436 1047 1519 beatitudine,
1078 1444 1298 1526 potest
1339 1439 1483 1505 fieri
1522 1460 1735 1505 novus
1764 1460 2004 1505 versus.
2083 1438 2405 1506 Similiter
2431 1438 2726 1524 quando-

617 1562 873 1627 cunque
916 1541 1365 1607 nominativus
1408 1542 1711 1629 proprius
1754 1563 1890 1607 non
1935 1542 2232 1628 sequitur
2275 1542 2398 1607 hoc
2447 1541 2724 1607 verbum

620 1641 771 1723 erit,
817 1644 932 1709 sed
986 1642 1201 1710 oratio
1244 1643 1549 1731 perfecta,
1596 1649 1757 1709 tunc
1817 1643 2014 1709 debet
2071 1644 2216 1710 fieri
2259 1664 2500 1709 versus.
2623 1642 2728 1709 Ut

620 1745 835 1813 Esaiae
864 1746 1331 1834 septimo[18.]
1363 1771 1377 1812 :
1430 1756 1463 1783 “
1484 1746 1575 1812 Et
1604 1746 1749 1827 erit,
1781 1746 1856 1811 in
1887 1747 1992 1812 die
2022 1746 2138 1811 illa.
2167 1746 2464 1812 sibilabit
2491 1732 2721 1811 Domi-

628 1854 665 1884 “
708 1870 833 1914 nus
862 1847 1160 1926 muscae,”
1205 1854 1325 1915 etc.
1417 1847 1510 1914 Et
1538 1848 1931 1935 infra[21.]:
1983 1856 2024 1885 “
2046 1849 2140 1913 Et
2170 1849 2314 1927 erit,
2339 1848 2420 1933 ‚in
2449 1848 2566 1913 illa
2610 1848 2718 1913 die

622 1956 661 1986 “
704 1952 961 2017 nutriet
989 1952 1317 2018 Dominus
1344 1973 1611 2017 vaccam
1638 1948 1939 2027 boum‚’'¹
1975 1956 2101 2017 etc.
2195 1951 2289 2016 Et
2318 1950 2494 2015 infra.
2508 1949 2677 2036 [23]
2704 1972 2719 2013 :

623 2059 659 2088 “
704 2052 797 2119 Et
841 2055 986 2134 erit,
1019 2055 1233 2120 omnis
1261 2055 1439 2120 locus
1483 2053 1602 2119 ubi
1646 2052 1897 2118 fuerint
1927 2050 2144 2119 mille'²
2173 2051 2405 2131 vites?
2429 2057 2550 2118 etc.
2628 2052 2720 2117 Et

616 2155 711 2221 sic
750 2155 832 2222 fit
876 2178 1121 2236 versus,
1170 2158 1327 2244 quia,
1368 2157 1441 2221 in
1485 2154 1635 2221 istis
1682 2156 1854 2221 nihil
1907 2156 2085 2242 quod
2144 2156 2442 2242 sequitur
2485 2159 2709 2241 potest

622 2260 912 2325 construi
958 2282 1107 2325 cum
1135 2260 1259 2326 hoc
1303 2257 1480 2345 quod
1524 2258 1670 2324 dico
1686 2256 1715 2295 ⁸
1760 2258 1911 2325 erit.
2003 2257 2136 2325 Sed
2167 2258 2430 2345 quando
2461 2257 2720 2337 dicitur,

628 2368 665 2395 ‘¹
710 2361 803 2427 Et
831 2362 959 2428 erit
998 2367 1259 2450 tempus
1294 2384 1519 2428 eorum
1564 2361 1639 2427 in
1682 2361 1920 2428 saecula
1940 2359 1997 2441 ;'’
2039 2362 2149 2426 hic
2191 2382 2328 2428 non
2371 2360 2452 2427 fit
2497 2382 2727 2427 versus

624 2470 776 2549 post
849 2464 997 2545 erit,
1062 2466 1219 2551 quia
1292 2465 1471 2553 quod
1544 2464 1845 2551 sequitur
1918 2464 2320 2530 construitur
2393 2484 2543 2529 cum
2617 2463 2732 2528 illo

628 2566 844 2631 verbo.
966 2566 1098 2633 Sed
1172 2568 1437 2653 quando
1512 2567 1800 2655 perfecta
1873 2566 2206 2631 sententia
2277 2565 2578 2645 habetur,
2655 2570 2728 2631 et

627 2668 1020 2735 auctoritate
1062 2670 1173 2737 vel
1215 2670 1469 2735 ratione
1511 2674 1733 2757 potest
1776 2667 2040 2755 probari
2085 2668 2262 2754 quod
2301 2668 2458 2734 talis
2499 2668 2590 2733 sit
2631 2668 2732 2732 in-

626 2771 840 2837 tentio
869 2772 1170 2853 auctoris,
1202 2772 1319 2838 fiet
1347 2793 1613 2853 versus;
1642 2770 1946 2858 quamvis
1990 2771 2182 2837 aliter
2223 2770 2483 2837 facilius
2525 2769 2732 2858 possit

628 2872 911 2962 intelligi
973 2875 1181 2954 litera,
1231 2886 1309 2942 ut
1369 2873 1591 2962 aliquo
1650 2876 1782 2941 alio
1841 2875 2036 2940 modo
2078 2895 2342 2940 versum
2401 2872 2729 2940 faciamus.

632 2976 839 3042 Verbi
889 2978 1121 3064 gratia,
1179 2977 1489 3045 Matthaei
1540 2983 1773 3044 octavo
1804 2977 1970 3065 [3.]:
2061 2987 2095 3013 “
2106 2975 2294 3057 Volo,
2355 2977 2732 3043 mundare?

634 3079 867 3146 Glossa
938 3080 1227 3168 exponit,
1278 3087 1347 3146 et
1406 3081 1623 3146 utitur
1666 3079 1792 3146 hoc
1836 3080 2012 3166 quod
2057 3083 2162 3147 est
2217 3078 2566 3146 mundare
2608 3080 2732 3144 im-

630 3182 970 3268 perative3
1020 3189 1091 3249 et
1133 3184 1283 3249 ideo
1325 3184 1444 3249 fiet
1473 3204 1699 3249 versus
1742 3183 2102 3249 necessario
2146 3183 2235 3247 ad
2272 3183 2396 3248 hoc
2423 3183 2600 3268 quod
2629 3185 2732 3248 est

628 3284 789 3351 volo.
882 3285 952 3350 N
952 3307 1061 3350 am
1090 3285 1277 3351 nulla
1304 3286 1701 3352 constructio
1730 3291 1834 3351 est
1862 3285 2041 3351 inter
2084 3286 2247 3350 istas
2293 3284 2626 3364 dictiones,
2674 3284 2732 3348 si

628 3385 974 3453 mwndare
1016 3393 1117 3453 est
1158 3389 1645 3475 imperativum.
1739 3386 2021 3475 Oportet
2070 3385 2250 3452 enim
2293 3385 2470 3472 quod
2511 3387 2735 3451 infini-

628 3490 811 3556 tivus
884 3489 1117 3556 modus
1188 3491 1618 3577 intelligatur,
1696 3491 1812 3577 qui
1885 3488 2197 3554 terminet
2269 3487 2732 3553 transitionem

630 3590 827 3678 hujus
894 3593 1083 3658 verbi
1147 3593 1311 3660 volo.
1402 3591 1495 3658 Et
1560 3593 1719 3679 quia,
1792 3592 1933 3658 haec
2004 3613 2140 3656 vox
2213 3589 2563 3656 mundare
2629 3593 2732 3656 est

630 3695 969 3780 aequivoca
1012 3696 1097 3760 ad
1140 3695 1551 3762 infinitivum
1596 3701 1666 3762 et
1708 3693 2191 3782 imperativum,
2245 3692 2394 3758 ideo
2440 3693 2732 3758 aestimat

630 3799 871 3885 vulgus
932 3799 1111 3884 quod
1161 3798 1250 3864 sit
1316 3797 1743 3876 infinitivum,
1792 3802 1864 3863 et
1916 3796 2094 3882 quod
2149 3815 2378 3862 versus
2436 3794 2538 3860 ibi
2598 3799 2730 3860 ter-

629 3899 959 3967 minetur.⁴
1028 3901 1163 3968 Sed
1206 3901 1279 3966 in
1323 3902 1447 3967 hoc
1492 3899 1669 3986 quod
1698 3900 1862 3966 dicit
1904 3895 2066 3978 volo,
2099 3897 2476 3964 ostenditur
2518 3897 2732 3985 pietas

629 4003 913 4070 volentis
986 4001 1320 4069 mundare.
1412 4002 1505 4068 Et
1578 4001 1652 4066 in
1725 4003 1850 4067 hoc
1917 3999 2096 4086 quod
2162 4001 2324 4066 dicit
2383 3999 2731 4066 mundare

628 4105 1037 4193 imperative,
1112 4105 1481 4172 ostenditur
1568 4105 1870 4191 potentia
1956 4102 2339 4189 majestatis,
2415 4105 2498 4168 ut
2569 4102 2732 4168 dicit

628 4208 1082 4275 interlinearis.
1196 4207 1289 4273 Et
1350 4207 1501 4273 ideo
1568 4207 1701 4272 duo
1767 4227 1995 4272 versus
2062 4212 2239 4287 sunt,
2286 4210 2356 4271 et
2375 4203 2402 4242 ⁴
2465 4203 2732 4271 tollitur
2791 4213 2798 4218 '

629 4311 1077 4398 aequivocatiO,
1110 4313 1310 4396 atque
1353 4330 1489 4375 non
1518 4309 1647 4374 erit
1689 4307 2009 4374 infinitivi
2053 4307 2249 4374 modi.
2326 4305 2458 4373 Sed
2488 4307 2730 4393 vulgus

696 4661 711 4692 ¹
736 4659 897 4729 boum]
934 4663 1135 4721 bonam.
1158 4661 1220 4712 Τ.
1775 4657 1796 4687 ⁸
1817 4653 1946 4721 quod
1964 4653 2097 4720 dico]
2137 4654 2304 4714 verbo,
2328 4651 2392 4703 Τ.

692 4743 921 4808 'suerint
938 4741 1089 4809 mille]
1126 4739 1331 4795 fuerunt
1348 4740 1517 4801 nullae,
1542 4738 1603 4789 T.
1775 4735 1794 4765 ⁴
1817 4734 1890 4802 et]
1927 4749 2026 4785 om.
2053 4735 2116 4786 T.
