3517 5750
516 1263 604 1313 the
627 1278 743 1329 sup·

510 1330 662 1393 posetl
679 1333 767 1382 ob-

502 1394 695 1457 ject-ion
718 1398 778 1449 of

510 1462 769 1515 Aristode.

504 3505 587 3575 By
607 3509 743 3562 what

846 868 973 933 136
1582 880 1840 930 nocam
1886 880 2176 931 mcoms
2773 860 2947 951 [οη.

844 1055 1031 1133 cavi,¹
1080 1056 1193 1121 sed
1238 1056 1311 1121 in
1356 1056 1579 1122 Tertio
1623 1056 2038 1143 pertransivi,
2085 1056 2233 1122 ideo
2285 1053 2537 1141 aliquid
2581 1051 2794 1119 dicam
2839 1052 2950 1119 hic

844 1159 928 1223 ad
991 1158 1465 1245 expositionem
1525 1158 1703 1223 illius
1766 1159 1941 1244 quod
2001 1160 2074 1223 in
2136 1157 2374 1243 Majori
2431 1157 2644 1243 Opere
2703 1154 2946 1241 scripsi.

844 1260 1237 1325 Aristoteles
1282 1260 1548 1346 quidem
1594 1261 1759 1325 dicit
1811 1265 2040 1325 contra
2083 1282 2210 1339 e08,
2258 1259 2436 1345 quod
2481 1262 2748 1323 tantum
2795 1257 2944 1323 duae

842 1364 1072 1448 figurae
1134 1362 1495 1449 corporales
1556 1368 1832 1449 possunt
1905 1362 2120 1427 locum
2195 1362 2442 1448 replere
2517 1359 2659 1425 sine
2721 1380 2946 1439 vacue,

844 1464 1089 1530 scilicet
1152 1465 1359 1530 cubus
1432 1469 1503 1531 et
1561 1465 1898 1552 pyramis3
1973 1470 2042 1529 et
2102 1464 2220 1529 has
2279 1462 2610 1529 dederunt
2671 1461 2812 1548 igni
2879 1466 2948 1527 et

844 1572 1086 1647 terrae3
1130 1588 1283 1654 ergo
1330 1566 1403 1631 in
1442 1566 1714 1653 reliquis
1754 1566 1973 1632 tribus
2017 1564 2400 1653 corporibus
2443 1563 2576 1630 erit
2620 1584 2944 1640 vacuum3

845 1668 1094 1735 scilicet
1146 1690 1336 1754 aqua,
1388 1666 1493 1734 et⁹
1538 1675 1707 1749 aere,
1771 1675 1842 1735 et
1899 1668 2080 1749 coelo.
2183 1668 2460 1755 Replere
2519 1688 2676 1732 vero
2733 1665 2947 1731 locum

844 1776 947 1836 est
1005 1770 1399 1858 tripliciter3
1474 1792 1609 1836 uno
1668 1771 1866 1837 modo
1927 1771 2097 1836 sicut
2173 1791 2366 1835 omne
2439 1790 2672 1855 corpus
2747 1766 2950 1832 habet

841 1874 1056 1939 locum
1109 1878 1355 1961 praeter
1399 1874 1640 1940 coelum
1692 1873 2026 1953 ultimum,
2081 1878 2152 1938 et
2205 1894 2340 1938 non
2392 1872 2606 1938 solum
2653 1870 2804 1936 coeli
2849 1870 2949 1935 in-

843 1974 1112 2041 feriores
1152 1980 1222 2041 et
1262 1976 1603 2055 elementa,
1637 1974 1753 2041 sed
1797 1975 2157 2061 composita
2197 1996 2286 2040 ex
2324 1972 2682 2040 elementis.
2773 1970 2950 2053 Quia

842 2077 1171 2163 quidlibet
1228 2077 1432 2144 habet
1491 2078 1760 2163 aliquod
1821 2076 2224 2143 elementum
2242 2074 2270 2113 ⁸
2331 2076 2675 2141 continens
2734 2073 2948 2160 ipsum

842 2186 911 2244 et
982 2180 1218 2257 locans,
1282 2185 1524 2266 praeter
1582 2178 1896 2245 ultimum
1971 2177 2250 2255 coelum3
2325 2183 2392 2243 et
2455 2178 2548 2243 sic
2607 2176 2788 2243 locus
2847 2180 2949 2241 est

840 2280 1152 2347 ultimum
1242 2282 1663 2362 continentis,
1746 2286 1828 2346 ut
1919 2279 2311 2345 Aristoteles
2398 2278 2630 2345 docet⁴
2712 2283 2948 2364 quarto

844 2382 1356 2470 P11ysioorum;⁶
1416 2390 1486 2450 et
1546 2384 1640 2450 sic
1693 2405 1885 2449 omne
1951 2403 2183 2469 corpus
2242 2382 2454 2469 replet
2511 2381 2743 2460 locum,
2791 2378 2952 2466 quia

844 2486 1188 2571 quodlibet
1262 2490 1567 2571 sequatur
1640 2508 1759 2551 suo
1833 2486 1995 2565 loc0‚
2073 2489 2143 2550 et
2217 2504 2430 2570 neque
2505 2482 2654 2569 plus
2739 2502 2949 2568 neque

842 2588 1062 2653 minus
1128 2588 1376 2670 habet3
1452 2594 1521 2654 et
1581 2587 1675 2654 sic
1732 2586 2172 2653 communiter
2229 2590 2301 2652 et
2359 2584 2728 2671 vulgariter
2785 2585 2950 2649 acci-

842 2688 1060 2774 pimus
1120 2690 1333 2755 locum
1397 2695 1467 2755 et
1518 2691 1770 2775 replere
1825 2686 2097 2776 ipsum.⁸
2185 2687 2319 2753 Sed
2369 2688 2464 2753 sic
2514 2709 2650 2753 non
2701 2686 2948 2773 accipit

843 2790 1235 2855 Aristoteles
1294 2791 1369 2855 in
1428 2792 1892 2879 reprobatione
1951 2790 2100 2870 ista,
2154 2789 2270 2856 sed
2327 2789 2539 2870 aliter,
2593 2788 2950 2855 secundum

842 2893 1018 2978 quod
1072 2892 1285 2979 magis
1332 2893 1595 2980 proprie
1640 2893 1890 2979 replere
1935 2893 2152 2958 locum
2201 2892 2514 2958 convenit
2551 2888 2950 2982 superficiei⁷

842 3017 1039 3080 quam
1076 2993 1348 3080 corpori.
1440 2993 1618 3059 Nam
1660 2994 1960 3082 paucitas
2000 2993 2489 3080 superficierum
2531 2992 2946 3080 implentium

840 3119 959 3162 sua
1002 3097 1144 3162 loca
1188 3103 1289 3163 est
1332 3119 1529 3163 causa
1572 3097 1928 3184 paucitatis
1975 3097 2320 3184 corporum
2367 3095 2788 3183 implentium
2827 3117 2950 3161 sua

840 3199 994 3264 loca.
1120 3199 1295 3265 Sunt
1370 3199 1547 3265 enim
1620 3204 1890 3265 tantum
1965 3203 2100 3264 tres
2175 3199 2546 3286 superficies
2603 3197 2951 3285 implentes

841 3300 1002 3381 loca,
1052 3306 1121 3367 et
1174 3302 1304 3367 duo
1354 3321 1627 3389 corpora
1670 3305 1952 3378 tantum,
2001 3300 2359 3366 secundum
2407 3299 2582 3388 quod
2629 3299 2738 3364 hic
2787 3299 2954 3366 acci-

840 3403 1024 3490 pitur
1068 3405 1341 3490 repletio
1386 3400 1527 3469 loci.

934 3505 1212 3592 Replere
1240 3527 1401 3572 vero
1442 3504 1940 3592 superficialiter
1973 3503 2188 3572 locum
2229 3509 2332 3570 est
2361 3503 2630 3592 implere
2666 3509 2950 3590 quatuor

844 3607 1126 3693 angulos
1202 3613 1413 3673 rectos
1488 3607 1658 3672 circa
1730 3611 2050 3692 punctum
2123 3628 2350 3688 unum,
2413 3606 2949 3691 qualitercunque

841 3709 1075 3794 figurae
1152 3707 1238 3772 ad
1312 3707 1599 3773 invicem
1673 3714 2164 3794 componantur,
2241 3709 2398 3794 quia·
2463 3728 2598 3775 non
2673 3711 2948 3794 possunt

837 3809 1056 3895 plures
1117 3831 1267 3874 esse.
1396 3807 1660 3896 Figurae
1712 3810 2146 3896 superficiales
2204 3810 2428 3897 igitur,
2475 3831 2623 3896 quae
2683 3831 2948 3896 congre-

834 3915 1017 3997 gatae
1078 3911 1249 3976 circa
1315 3915 1635 3998 punctum
1700 3932 1913 3976 unum
1972 3917 2251 3998 possunt
2309 3911 2574 3998 praecise
2633 3931 2949 3999 occupare

835 4017 1131 4097 quatuor
1190 4013 1469 4099 angulos
1528 4018 1755 4093 rectos,
1819 4011 1921 4078 et⁸
1979 4035 2100 4079 nec
2157 4014 2305 4099 plus
2363 4033 2484 4079 nec
2529 4012 2766 4092 minus,
2814 4011 2946 4078 inae

833 4118 1117 4200 possunt
1159 4114 1375 4180 locum
1419 4115 1708 4201 replere;
1753 4119 1833 4180 ut
1877 4120 2037 4181 sunt
2081 4120 2364 4202 quatuor
2407 4116 2746 4202 quadrata,
2790 4137 2946 4180 nam

832 4215 1118 4302 angulus
1170 4215 1479 4304 quadrati
1532 4221 1749 4282 rectus
1800 4223 1916 4282 est.
2018 4217 2110 4283 Et
2168 4223 2304 4284 tres
2363 4217 2692 4305 hexagoni
2753 4239 2943 4304 regu-

893 4523 905 4552 ¹
942 4520 1217 4589 explicavi]
1260 4523 1400 4588 Opus
1422 4523 1607 4587 Madau,
1628 4537 1677 4587 p.
1708 4527 1817 4574 100.
1889 4533 1895 4548 ·
2003 4525 2024 4554 ⁵
2058 4519 2394 4590 Physicormn]
2433 4541 2540 4590 cap.
2579 4530 2624 4576 5.

886 4602 998 4668 ²et]
1037 4616 1135 4654 om.
1170 4602 1233 4653 Τ.
1276 4602 1333 4655 L.
2001 4605 2021 4632 ⁸
2047 4603 2226 4670 ipsun]
2265 4605 2448 4666 locum,
2485 4605 2548 4654 T.

885 4680 905 4711 ⁸
927 4679 1223 4747 elevantum]
1250 4696 1348 4732 om.
1371 4681 1463 4744 B.;
1494 4679 1697 4747 aliquid,
1722 4681 1782 4732 L.
2001 4683 2018 4710 '
2051 4683 2352 4750 superficiei]
2397 4692 2501 4736 tam
2523 4682 2821 4750 superficiei,
2839 4683 2897 4738 L·

882 4759 901 4787 ⁴
922 4759 1081 4825 docet]
1120 4760 1256 4822 dicit,
1292 4760 1355 4812 T.
1885 4790 1890 4824 ¹·
1999 4763 2019 4792 ⁸
2040 4759 2110 4826 et]
2149 4777 2248 4813 om.
2285 4761 2333 4811 T
