3517 5750
901 873 1034 940 496
1651 889 1913 938 nouum
1950 889 2247 940 mooms
2824 870 3006 957 [cAP.

897 1061 1255 1149 alphabeti,
1317 1061 1635 1128 addentes
1697 1068 1834 1130 tres
1896 1063 2161 1151 figuras,
2226 1083 2375 1149 quae
2420 1083 2557 1127 non
2598 1064 2761 1126 sunt
2820 1064 3005 1126 notae

899 1165 1260 1244 literarum,
1335 1163 1452 1230 sed
1517 1165 1733 1232 solum
1798 1170 1981 1232 notae
2056 1163 2499 1252 computandi,
2546 1163 2697 1228 ideo
2760 1183 3003 1250 ponam

895 1287 1008 1332 eas
1069 1267 1250 1333 inter
1319 1266 1544 1333 literas
1617 1267 1974 1354 alphabeti,
2022 1274 2095 1334 et
2154 1266 2633 1354 superscribam
2694 1285 3003 1330 numeros

899 1369 1172 1434 Latinos
1234 1369 1348 1455 qui
1409 1369 1688 1457 singulis
1753 1369 1987 1457 figuris
2060 1369 2589 1456 correspondent,
2710 1367 2803 1433 Et
2858 1367 3001 1432 haec

897 1471 1122 1536 omnia
1185 1471 1383 1536 simul
1445 1471 1791 1538 ostendam
1832 1471 1909 1537 in
1970 1493 2107 1538 uno
2172 1471 2525 1558 alphabeto
2586 1475 2669 1536 ut
2728 1467 3003 1557 prolixi-

896 1573 1062 1639 tatis
1123 1573 1418 1640 confiasio
1483 1573 1791 1653 evitetur,
1840 1600 1872 1638 υ
1914 1578 2193 1640 vocatur
2235 1574 2415 1661 apud
2460 1573 2737 1640 Latinos
2780 1577 2997 1651 tenue,

899 1677 1056 1762 quia
1117 1676 1402 1742 debilem
1459 1675 1664 1742 habet
1713 1697 1969 1756 sonum,
2018 1682 2091 1742 et
2158 1676 2307 1742 ideo
2352 1697 2611 1763 semper
2670 1675 3003 1763 aspiratur

901 1779 973 1844 in
1038 1779 1358 1866 principio
1427 1777 1753 1846 dictionis.
1866 1779 2097 1846 Latini
2170 1783 2395 1844 autem
2469 1777 2723 1844 habent
2795 1799 2999 1843 unam

897 1881 1177 1968 figuram
1220 1902 1338 1968 pro
1383 1881 1593 1968 ipsi10‚
1629 1885 1707 1946 ut
1747 1885 1937 1967 patet
1983 1903 2102 1969 per
2128 1885 2491 1947 tractatum
2532 1881 2909 1946 inferiorem
2936 1901 3002 1964 y,

897 2005 1098 2070 quam
1163 1985 1446 2071 figuram
1507 1983 1734 2048 Latini
1798 1989 2040 2050 vocant
2082 2005 2131 2070 y
2176 1982 2527 2064 Graecum3
2588 2005 2728 2048 non
2771 1988 3001 2047 tamen

897 2091 1164 2173 propter
1207 2085 1330 2152 hoc
1375 2089 1478 2152 est
1526 2085 1746 2171 figura
1790 2085 2034 2166 Graeca,
2081 2107 2202 2152 nec
2246 2086 2322 2151 in
2366 2085 2723 2173 alphabeto
2768 2084 3000 2150 Graeco

895 2187 1364 2276 computanda.
1483 2185 1661 2254 Nam
1735 2187 1985 2254 dieitur
2054 2210 2103 2275 y
2179 2187 2500 2268 Graecum,
2548 2189 2707 2275 quia
2774 2186 3003 2252 Latini

897 2291 1200 2357 scribunt
1241 2291 1456 2358 solum
1497 2291 1773 2356 nomina
1804 2291 2035 2358 Groeca
2078 2313 2197 2380 per
2239 2291 2409 2357 hanc
2436 2292 2731 2378 figuram.
2822 2290 3001 2357 Nam

899 2393 1273 2462 Priscianus
1335 2392 1502 2460 dicit
1544 2393 1724 2479 quod
1772 2392 1999 2458 Latini
2060 2415 2197 2460 non
2242 2393 2484 2460 debent
2548 2393 2828 2460 scribere
2874 2393 3000 2458 La—

899 2495 1076 2562 tinas
1145 2496 1490 2575 orationes,
1537 2516 1659 2562 nec
1703 2495 1869 2560 alias
1934 2495 2067 2562 nisi
2137 2496 2401 2562 Graecas
2462 2519 2579 2585 per
2630 2497 2815 2562 hanc.
2907 2495 3000 2564 Et

897 2598 1054 2666 licet
1113 2597 1524 2686 Pythagoras
1578 2598 1849 2664 Graeeus
1898 2599 2162 2664 invenit
2220 2597 2389 2665 hanc
2448 2599 2748 2686 figuram,
2792 2597 3001 2686 philo-

899 2701 1144 2788 sophus
1191 2700 1428 2782 Italiae,
1476 2705 1556 2766 ut
1601 2701 1837 2766 dicunt
1898 2700 2220 2768 Historiae
2266 2705 2335 2767 et
2376 2702 2788 2780 Aristotelea,
2834 2701 2998 2766 bene

899 2803 1068 2868 hanc
1111 2803 1334 2891 posuit
1385 2803 1842 2891 metaphorice.
1964 2803 2058 2869 Et
2116 2804 2265 2870 ideo
2308 2803 2448 2870 haec
2489 2805 2705 2893 figura
2748 2802 3001 2869 Italicis

898 2912 969 2971 et
1043 2905 1304 2972 Latinis
1379 2906 1539 2971 data
1610 2912 1714 2972 est
1789 2928 1909 2994 pro
1984 2906 2231 2973 Graecis
2304 2912 2575 2973 tantum
2640 2906 3001 2979 vocabulis,

899 3007 1222 3075 Similiter
1264 3008 1516 3074 habent
1561 3007 1775 3075 Graeci
1821 3008 2069 3095 duplex
2114 3034 2201 3090 ως
2280 3034 2326 3090 ο,
2370 3008 2617 3075 scilicet
2657 3010 2875 3090 breve,
2922 3014 3003 3074 ut

899 3110 1208 3192 omicron,
1285 3115 1354 3177 et
1441 3110 1725 3197 longam.
1865 3110 2017 3177 Hoc
2102 3116 2205 3177 est
2292 3111 2501 3197 igitur
2572 3112 3001 3199 alphabetum

901 3213 1219 3291 Graecum,
1290 3213 1468 3300 quod
1534 3212 1923 3279 nominatur
1984 3211 2071 3280 ab
2116 3212 2333 3300 alpha,
2380 3215 2557 3299 quod
2624 3219 2727 3281 est
2785 3215 3003 3301 prima

897 3316 1133 3399 litera3
1194 3322 1264 3383 et
1307 3316 1456 3383 ideo
1519 3314 1947 3402 alphabetum
2021 3314 2199 3403 apud
2272 3315 2550 3383 Ictinos
2593 3322 2696 3383 est
2756 3339 2999 3383 nomen

900 3418 1204 3486 Graecum
1263 3440 1402 3485 non
1448 3418 1783 3484 Latinum.
1906 3416 2213 3498 Qualiter
2254 3423 2477 3485 autem
2522 3418 2781 3485 numeri
2824 3419 3004 3484 ultra

903 3522 1034 3587 900
1111 3527 1498 3589 excrescunt
1571 3521 1815 3587 scietur
1890 3520 2031 3586 loco
2106 3541 2239 3587 suo.
2350 3520 2704 3589 Sciendum
2778 3528 3002 3589 autem

899 3624 1075 3709 quod
1139 3624 1288 3692 vita
1361 3629 1432 3689 et
1503 3622 1612 3691 mi
1634 3622 1652 3659 ¹
1720 3622 2039 3688 differunt
2104 3621 2180 3687 in
2220 3622 2563 3710 scriptura.
2682 3623 2863 3689 Nam
2928 3624 3003 3689 in

897 3725 1061 3805 vita,
1106 3727 1302 3793 litera
1343 3731 1525 3791 reeta
1581 3747 1718 3791 non
1778 3724 2117 3790 descendit
2176 3724 2570 3811 subjacente,
2622 3747 2741 3792 nec
2774 3725 3003 3813 jacens

899 3828 1028 3894 erit
1070 3828 1248 3893 ultra
1293 3832 1595 3908 erectam,
1643 3848 1922 3913 quorum
1968 3831 2324 3913 utrumque
2370 3827 2607 3894 accidit
2650 3828 2725 3894 in
2752 3828 2876 3908 mi,
2922 3834 3004 3894 ut

899 3932 1088 4015 patet
1115 3928 1188 3993 in
1217 3929 1462 4017 figuris.
1541 3928 1863 3994 Similiter
1894 3949 2179 4015 9amma
2206 3928 2419 3995 solum
2448 3930 2765 4019 angulum
2795 3953 3003 3997 unum

899 4030 1262 4111 constituit,
1295 4031 1410 4097 sed
1455 4030 1554 4097 cal
1598 4080 1612 4096 .
1659 4082 1675 4097 .
1715 4031 1895 4097 duos.
1989 4030 2166 4096 Nam
2208 4030 2406 4097 litera
2444 4033 2741 4119 superius
2775 4032 3003 4119 jacens

897 4134 1040 4199 exit
1085 4132 1268 4199 illam
1313 4155 1462 4220 quae
1506 4132 1857 4199 deseendit.
1951 4132 2279 4213 Quoniam
2322 4134 2533 4203 literae
2593 4136 3003 4223 husjusmodi

897 4236 1221 4303 differunt
1292 4258 1490 4324 penes
1564 4234 1837 4323 longum
1912 4240 1982 4301 et
2070 4235 2284 4315 breve,
2372 4243 2445 4303 et
2518 4240 3004 4326 aspirationem.

899 4338 1060 4405 Ideo
1103 4338 1519 4405 recolendum
1562 4338 1740 4424 quod
1799 4336 2145 4425 longitudo
2205 4359 2340 4405 non
2384 4344 2489 4405 est
2530 4341 2662 4406 nisi
2704 4342 3005 4407 extensio

895 4441 1107 4509 literae
1169 4440 1525 4507 secundum
1596 4437 1811 4526 majus
1870 4462 2007 4507 suae
2082 4440 2486 4529 prolationis,
2564 4448 2634 4508 et
2706 4444 3003 4510 brevitas

895 4545 1252 4611 secundum
1311 4544 1548 4609 minus
1673 4542 1901 4608 Litera
1966 4542 2143 4607 enim
2211 4542 2409 4631 longa
2472 4544 2680 4611 habet
2744 4548 2817 4611 in
2884 4569 3006 4613 sua

1658 4802 1673 4833 ¹
1696 4802 1801 4853 vita
1822 4809 1869 4854 et
1888 4802 1979 4871 mi]
2008 4802 2097 4855 sic
2118 4802 2231 4856 MS.
