3517 5750
544 875 733 967 vm]
822 865 827 871 ’
1222 888 1687 946 commmnu
1728 888 1986 943 srunn.
2521 870 2656 948 479

546 1068 703 1155 quia
744 1066 819 1133 in
872 1063 1193 1133 Pselterio
1235 1063 1352 1133 ubi
1394 1084 1517 1131 nos
1576 1063 1892 1131 habemus
1957 1064 2226 1133 laudate
2275 1064 2660 1147 Dominum,

546 1172 829 1237 habetur
884 1169 960 1235 in
1012 1168 1301 1235 Hebraeo
1346 1165 1665 1255 allamma.
1758 1168 2082 1235 Similiter
2123 1170 2198 1235 in
2243 1168 2294 1237 J
2295 1169 2381 1235 ob
2426 1169 2660 1235 xxxvi.

551 1274 739 1363 [32.]‚
834 1279 871 1308 “
888 1271 939 1337 I
935 1293 989 1339 ‘n
1046 1268 1379 1337 manibus
1450 1270 1798 1337 abscondit
1863 1270 2076 1338 lucem
2103 1270 2162 1339 :''
2227 1272 2518 1339 nescitur
2576 1294 2664 1339 an

545 1377 681 1443 sint
754 1375 903 1442 duae
978 1374 1317 1452 dictioneS,
1396 1394 1545 1445 cum
1619 1374 1695 1439 in
1773 1374 2239 1461 praepositione
2319 1398 2469 1443 cum
2545 1396 2664 1459 suo

545 1480 789 1545 casuali
838 1478 911 1543 in
957 1478 1197 1544 Latino
1264 1498 1402 1543 non
1468 1482 1689 1564 potest
1758 1476 2083 1565 distingui
2143 1500 2232 1543 an
2297 1478 2389 1545 eit
2450 1478 2664 1545 dativi

548 1604 733 1649 cneus
800 1579 998 1667 hujus
1072 1579 1359 1645 nominis
1410 1578 1737 1647 {nummis
1753 1602 1784 1661 ,·
1859 1585 1930 1649 et
1996 1580 2148 1647 ideo
2206 1580 2440 1649 beatus
2501 1580 2662 1649 Gre-

544 1686 767 1772 gorius
830 1682 1107 1770 exponit
1164 1686 1449 1767 utroque
1516 1682 1731 1763 mod0,
1795 1704 1946 1749 cum
2013 1688 2240 1751 tamen
2301 1684 2662 1751 secundum

546 1788 849 1853 Graecum
914 1790 985 1852 et
1046 1784 1409 1851 Hebraeum
1473 1783 1623 1851 duae
1690 1785 1828 1851 sint
1891 1785 2228 1855 dictiones.
2341 1786 2664 1855 Similiter

548 1889 734 1956 Ezec.
795 1890 935 1955 xxi.
985 1886 1181 1977 [28.],
1232 1893 1267 1923 “
1290 1887 1524 1954 Mucro
1584 1888 1934 1976 evaginate
1960 1887 2045 1970 ;”ι
2098 1892 2213 1959 sed
2254 1912 2392 1958 non
2443 1896 2664 1979 potest

546 2014 665 2081 per
708 1992 1025 2057 Latinum
1068 1990 1221 2057 sciri
1262 1991 1511 2057 veritae
1555 2012 1800 2072 censue,
1831 2012 1982 2060 cum
2025 1997 2250 2061 tamen
2292 1994 2432 2061 sint
2475 2016 2664 2061 voca-

546 2096 677 2162 tivi
706 2116 891 2161 cesus
920 2094 1097 2181 quod
1126 2098 1313 2182 patet
1355 2094 1431 2159 in
1462 2094 1768 2173 Hebraeo,
1801 2100 2022 2182 potest
2049 2100 2276 2163 tamen
2303 2096 2662 2163 secundum

542 2198 867 2264 rationem
910 2196 1091 2265 vocis
1156 2195 1549 2283 proferentis
1592 2196 1880 2284 intelligi
1941 2197 2118 2284 quod
2159 2197 2340 2265 lwna
2385 2199 2476 2265 sit
2519 2220 2662 2266 ver-

548 2300 708 2367 bum
752 2306 821 2365 et
865 2305 925 2367 te
969 2300 1058 2366 sit
1100 2320 1477 2385 pronomen.
1572 2298 1665 2365 Et
1709 2299 2017 2365 similiter
2061 2299 2144 2369 de
2189 2300 2320 2367 alio
2365 2302 2664 2390 exemplo

549 2403 727 2489 quod
772 2401 969 2468 multi
1012 2399 1504 2468 intellexerunt.
1594 2400 1918 2468 Similiter
1961 2401 2118 2469 licet
2162 2402 2236 2468 in
2280 2405 2664 2489 pronuntia,-

550 2506 733 2571 tione
796 2504 1275 2570 determinetur
1336 2524 1507 2569 unus
1567 2525 1796 2569 senene
1858 2504 2021 2570 cum'
2074 2504 2444 2592 proferatur
2501 2506 2668 2573 illud

551 2607 991 2674 Ecclesiastici
1080 2606 1243 2671 xlvi.
1325 2604 1527 2695 [19.],
1610 2614 1646 2643 ‘⁸
1678 2605 1826 2673 Viri
1915 2607 2218 2675 inmolati
2249 2606 2286 2632 ’³
2359 2630 2448 2675 an
2519 2608 2667 2677 viri

546 2708 878 2777 inviolati
894 2733 923 2789 ;
970 2713 1199 2773 tamen
1242 2708 1561 2793 quoniam
1608 2708 1697 2773 ad
1744 2708 2154 2797 Scripturam
2198 2711 2434 2776 saltem
2467 2711 2667 2799 scrip-

550 2818 775 2880 torum
822 2811 1186 2899 vulgatam,
1234 2831 1371 2878 non
1418 2811 1501 2878 de
1554 2810 1733 2879 facili
1776 2813 2177 2901 percipietur
2221 2834 2312 2879 an
2355 2814 2454 2880 ibi
2497 2820 2668 2882 esset

548 2915 695 2983 via-i
737 2913 1087 2992 iomwzati,
1131 2936 1221 2979 an
1262 2912 1411 2980 viri
1455 2913 1794 2982 inviolati
1813 2939 1843 2995 ;
1889 2917 2046 3002 quia
2088 2922 2226 2984 tres
2267 2917 2461 2985 lineae
2506 2925 2664 2985 sunt

550 3019 625 3084 in
668 3040 741 3085 m
782 3017 981 3084 litera.
1022 3017 1197 3084 sicut
1254 3017 1329 3082 in
1374 3037 1418 3082 v
1478 3022 1549 3084 et
1592 3016 1645 3096 i,
1692 3022 1764 3084 et
1807 3019 2006 3084 multi
2059 3024 2284 3085 errant
2327 3020 2440 3087 ibi.
2531 3020 2665 3088 Sed

554 3122 881 3188 certitudo
948 3124 1137 3206 patet
1216 3141 1303 3184 ex
1366 3119 1615 3198 Graeco,
1690 3121 1868 3207 quod
1931 3143 2050 3208 per
2109 3143 2152 3188 v
2213 3126 2284 3188 et
2354 3121 2391 3189 i
2465 3123 2664 3190 debet

552 3223 761 3290 scribi.
853 3222 1174 3289 Similiter
1232 3219 1465 3288 xxviii.
1550 3222 1719 3308 [19.]
1797 3222 2090 3308 ejusdem
2149 3223 2304 3290 libri
2361 3225 2660 3305 habetur,

552 3325 877 3394 muldam-ee
916 3324 1185 3391 ‘miratae
1228 3323 1595 3390 secundum
1630 3324 1938 3392 Graecum
1982 3330 2050 3390 et
2093 3324 2452 3392 secundum
2497 3329 2664 3393 veri-

552 3435 781 3498 tatem.
872 3427 941 3492 N
942 3449 1053 3492 am
1096 3427 1167 3493 in
1216 3425 1447 3494 Graeco
1502 3431 1605 3492 eet
1662 3427 1980 3508 andreae,
2034 3429 2212 3513 quod
2275 3429 2517 3496 dicitur
2575 3429 2662 3496 ab

553 3553 745 3610 amer,
810 3530 1007 3616 hujus
1076 3529 1355 3608 oendroe,
1418 3530 1595 3615 quod
1655 3533 1758 3596 eet
1817 3529 1940 3594 vir.
2051 3529 2187 3596 Sed
2243 3536 2470 3622 tamen
2522 3553 2660 3597 mo-

552 3635 741 3702 derni
784 3631 1171 3719 intelligunt
1214 3631 1313 3696 ibi
1360 3631 1667 3717 jwratae,
1717 3632 1976 3718 decepti
2021 3653 2110 3698 ex
2169 3633 2292 3700 hoc
2335 3633 2516 3719 quod
2557 3637 2663 3700 tot

551 3739 763 3804 literae
808 3741 964 3801 sunt
1006 3734 1367 3800 secundum
1400 3733 1486 3800 Sc
1495 3735 1822 3822 ripturam
1865 3755 2278 3800 communem
2319 3736 2392 3800 in
2436 3736 2662 3822 hujus-

554 3841 735 3906 modi
786 3837 1103 3906 vocabulo
1152 3837 1449 3924 juratas,
1496 3838 1675 3904 sicut
1716 3839 1794 3904 in
1846 3838 1969 3904 hoc
2012 3837 2290 3906 viratas.
2380 3838 2474 3905 Et
2515 3838 2665 3907 idco

554 3940 881 4010 certitudo
954 3962 1183 4007 sensus
1257 3941 1401 4006 fieri
1472 3963 1609 4006 non
1692 3945 1916 4028 potest
1975 3941 2105 4007 nisi
2167 3963 2286 4028 per
2343 3942 2660 4022 Graecum,

558 4047 718 4134 quia
779 4043 1024 4112 vitium
1086 4049 1189 4109 est
1260 4043 1339 4108 in
1412 4044 1709 4128 antiquis
1769 4043 2024 4121 Bibliis,
2076 4044 2250 4110 sicut
2307 4045 2380 4110 in
2449 4046 2661 4112 novica

555 4149 745 4214 Talia
786 4168 953 4235 pene
997 4145 1265 4212 infinita
1308 4151 1467 4211 sunt
1512 4146 1587 4210 in
1640 4151 1860 4228 textu,
1905 4168 2054 4233 quae
2109 4147 2436 4216 inducunt
2480 4151 2672 4218 theo·

554 4251 737 4339 logos
779 4251 853 4315 in
896 4269 1195 4316 errorem.

645 4353 941 4434 Quintus
980 4350 1217 4417 modus
1262 4355 1365 4416 est
1416 4350 1597 4436 quod
1652 4349 1806 4416 sciri
1847 4371 1986 4418 non
2043 4355 2264 4439 potest
2307 4354 2392 4419 de
2433 4355 2662 4423 multis
2687 4351 2847 4430 ,5ὡ17
2871 4353 2936 4405 of

558 4456 833 4522 ansint
896 4456 981 4521 de
1025 4454 1311 4520 veritate
1358 4453 1705 4532 Hebradca,
1768 4475 1854 4518 an
1917 4454 2003 4520 ab
2061 4455 2442 4542 interprete,
2489 4459 2665 4544 quod
2685 4417 2976 4554 pw

946 4769 959 4799 ¹
984 4767 1265 4835 evaginate]
1304 4767 1570 4835 evaginate
1592 4767 1780 4829 lunate,
1803 4767 1918 4823 ΜΒ.
1987 4769 2086 4824 See
2107 4785 2156 4836 p.
2179 4773 2292 4824 835.
2401 4815 2408 4820 .
