3517 5750
1399 870 1575 923 orus
1617 872 1854 923 mnus,
2541 858 2672 925 325

660 1045 987 1113 TERTIUM
1049 1049 1388 1133 peceatum
1450 1050 1568 1124 est,
1617 1046 1796 1133 quod
1855 1046 1990 1112 illae
2033 1046 2328 1112 scientiae
2369 1048 2675 1130 quatuor,
2698 1053 2793 1103 ard
2815 1052 2996 1134 ragau,

573 1168 723 1233 quae
763 1152 923 1214 sunt
964 1148 1039 1213 in
1082 1169 1207 1213 usu
1251 1148 1722 1235 theologorum,
1785 1155 1945 1214 sunt
2003 1149 2090 1214 ab
2149 1149 2244 1215 eis
2301 1148 2566 1236 ignotae,
2607 1151 2678 1212 et
2699 1123 2912 1243 ζζξῖξζξ

576 1248 727 1315 ideo
767 1248 1101 1337 accipiunt
1142 1250 1409 1316 infinita
1451 1248 1619 1315 falsa
1646 1256 1719 1317 et
1763 1250 2034 1317 inutilia
2062 1251 2144 1317 de
2187 1250 2320 1316 iuis
2365 1248 2672 1328 scientiis,
2699 1260 2997 1310 Alexander

572 1356 777 1436 atque
852 1351 1055 1417 dubia
1128 1374 1247 1438 pro
1322 1352 1533 1432 certis,
1595 1357 1665 1417 et
1754 1352 2032 1418 obscura
2104 1372 2224 1439 pro
2296 1351 2532 1439 plania,
2607 1356 2676 1416 et
2699 1326 2944 1444 :gdffflff’

576 1454 909 1539 superflua
980 1458 1181 1540 atque
1246 1453 1536 1520 defectus
1596 1454 2102 1521 necessariorum
2177 1454 2546 1542 patiuntur,
2607 1458 2678 1518 et
2701 1460 2880 1512 earlier

576 1555 913 1622 maculant
972 1556 1373 1641 theologiam
1436 1556 1721 1622 infinitis
1783 1557 2084 1643 peccatis,
2132 1578 2282 1642 quse
2345 1578 2426 1621 ex
2493 1555 2680 1643 igno·
2702 1529 3002 1581 ⁵⁰¹¹⁰⁰¹¹¹²⁸²

574 1658 799 1723 rantia
840 1678 1008 1745 pura
1049 1658 1427 1744 procedunt.
1522 1656 1715 1738 Quod
1744 1658 2072 1746 praecipue
2099 1663 2287 1745 patet
2315 1657 2438 1723 1100
2467 1658 2678 1723 111οά0.

579 1758 757 1823 Nam
802 1780 949 1825 cum
993 1760 1307 1847 ignorant
1349 1760 1608 1846 linguas
1638 1760 1884 1825 alienas
1927 1782 1970 1825 a
2013 1760 2253 1845 quibus
2279 1764 2430 1826 tota
2471 1760 2682 1846 philo-

578 1860 827 1946 sophia,
874 1860 1048 1927 sicut
1113 1860 1465 1947 theologia,
1513 1860 1826 1947 procedit,
1874 1866 2137 1948 oportet
2210 1882 2319 1927 eos
2377 1862 2680 1947 ignorare

582 1961 1077 2051 philosophiam,
1141 1963 1313 2028 sicut
1358 1963 1519 2027 satis
1578 1968 1768 2047 patet
1827 1984 1912 2028 ex
1970 1966 2266 2029 tractatu
2311 1963 2394 2028 de
2437 1962 2683 2049 linguis

454 2116 465 2125 .
584 2085 779 2149 quem
840 2064 1023 2131 facie.
1114 2065 1293 2129 Nam
1348 2084 1471 2129 nec
1512 2068 1780 2130 textum
1844 2071 2122 2151 possimt
2174 2064 2559 2150 intelligere,
2617 2070 2688 2129 et

582 2186 926 2254 corrupere
955 2192 971 2248 ;
1016 2188 1138 2232 nec
1182 2165 1625 2253 expositiones
1669 2169 2014 2231 auctorum
2059 2166 2238 2243 scire,
2270 2166 2428 2251 quia
2478 2164 2691 2229 mixta

582 2271 742 2334 sunt
806 2269 1031 2335 omnia
1075 2267 1321 2345 Graeco,
1370 2267 1676 2347 Hebraeo,
1724 2273 1797 2332 et
1862 2267 2190 2346 Arabi003
2241 2272 2512 2354 propter
2568 2268 2692 2333 hoc

586 2370 765 2455 quod
822 2376 1122 2437 auctores
1182 2374 1253 2435 et
1326 2390 1553 2435 omnes
1612 2370 1942 2456 sapientes
2016 2368 2283 2455 antiqui
2357 2368 2694 2435 sciverunt

582 2472 910 2539 rationem
961 2472 1359 2559 linguarum.
1453 2471 1713 2537 Deinde
1744 2492 1915 2537 ·eum
1975 2470 2524 2549 mathematicam,
2571 2472 2694 2537 im-

582 2573 892 2660 possibile
958 2578 1061 2639 est
1126 2574 1304 2659 quod
1348 2573 1562 2638 sciant
1608 2572 2106 2659 philosophiam,
2153 2594 2240 2639 ex
2297 2572 2422 2639 hac
2479 2594 2692 2653 causa,

584 2680 787 2762 atque
852 2679 1122 2763 propter
1171 2674 1613 2760 ignorantiam
1676 2674 1968 2741 scientiae
2031 2674 2562 2761 experimenta-lis
2625 2680 2696 2740 et

585 2776 914 2863 alkymiae,
945 2777 1119 2842 sicut
1162 2775 1503 2841 evidenter
1542 2777 1617 2841 in
1660 2776 2058 2842 tractatibus
2104 2776 2184 2842 de
2227 2776 2359 2841 illis
2403 2776 2696 2843 scientiis

595 2878 947 2966 [ostendOJ.
1042 2876 1318 2958 Iterum,
1380 2879 1575 2944 aliter
1630 2879 1755 2945 hoc
1813 2899 2158 2966 possumus
2219 2879 2478 2960 videre3
2536 2901 2694 2946 nam

586 2982 809 3048 nullus
852 3003 1077 3049 eorum
1122 2981 1241 3068 qui
1286 2981 1531 3069 scripta
1574 2987 1976 3069 componunt
2019 2982 2184 3069 legit
2225 2982 2345 3048 has
2389 2983 2696 3048 scientias

589 3089 871 3170 quatuor
914 3085 1156 3171 quibus
1192 3089 1479 3150 utuntur
1520 3083 1830 3170 theologi,
1861 3105 1983 3150 nec
2025 3085 2306 3164 audivit,
2340 3085 2517 3171 quod
2545 3086 2695 3171 plus

589 3191 709 3267 est,
754 3185 1081 3274 praeeipue
1139 3186 1509 3251 naturalem
1568 3185 2065 3273 philosophiam,
2109 3207 2233 3252 nec
2291 3185 2694 3274 metaphysi-

590 3309 751 3368 cam,
801 3289 884 3354 de
928 3287 1167 3373 quibus
1210 3287 1596 3374 gloriantur,
1642 3309 1764 3354 nec
1806 3287 2276 3354 revelationem
2327 3289 2577 3354 habent
2617 3293 2696 3354 ut

590 3389 869 3476 planum
912 3394 1031 3469 est,
1078 3389 1343 3478 quando
1388 3394 1648 3476 oportet
1699 3389 1878 3475 quod
1921 3389 2022 3454 illi
2067 3388 2182 3474 qui
2225 3389 2344 3454 has
2389 3389 2695 3455 Summas

584 3491 897 3568 fecerunt,
967 3495 1036 3557 et
1101 3491 1579 3578 ignoraverunt
1640 3490 1950 3557 scientias
1997 3511 2147 3576 quae
2207 3494 2366 3555 sunt
2431 3491 2504 3555 in
2569 3512 2692 3558 usu

588 3592 1042 3679 theologorum
1084 3593 1327 3658 nostris
1372 3593 1621 3659 diebus.
1743 3592 1930 3658 Duos
1985 3592 2163 3657 enim
2217 3593 2334 3678 qui
2399 3591 2698 3660 fecerunt

590 3694 837 3782 scripta
894 3695 1183 3760 vidimus
1242 3695 1447 3761 oculis
1508 3695 1772 3774 nostris,
1841 3698 1913 3760 et
1979 3693 2218 3760 scimus
2286 3695 2463 3778 quod
2523 3717 2695 3760 nun-

592 3817 790 3882 quam
854 3795 1169 3862 viderunt
1232 3797 1543 3863 scientias
1608 3797 1755 3862 illas
1831 3795 2068 3882 quibus
2126 3795 2514 3883 gloriantur,
2577 3818 2697 3863 nec

590 3898 1003 3966 audiverunt.
1092 3898 1273 3964 Nam
1334 3899 1393 3964 si
1451 3900 1534 3968 de
1586 3899 1845 3966 duobus
1904 3898 2282 3966 doctoribus
2322 3899 2696 3987 principali-

589 4000 715 4066 bus
756 4001 881 4066 hoc
936 4019 1205 4088 possum
1249 4001 1497 4083 docere,
1545 4001 1629 4067 de
1688 4001 1839 4066 aliis
1881 4000 2068 4067 nulla
2109 4001 2214 4066 vis
2267 4005 2382 4068 est.

680 4101 1135 4168 Necessarium
1179 4103 1447 4191 quidem
1491 4108 1594 4168 est
1637 4101 1761 4169 hoc
1807 4103 2042 4183 doceri,
2091 4103 2250 4189 quia
2291 4107 2477 4169 totus
2519 4123 2700 4169 error

596 4203 802 4270 studii
844 4204 1039 4272 saevit
1080 4225 1200 4291 per
1232 4205 1662 4270 'occasionem
1706 4205 1988 4270 istorum
2050 4204 2347 4283 duorum,
2395 4204 2698 4290 quamvis

594 4305 769 4372 fiunt
812 4305 1231 4386 excusabiles,
1280 4306 1437 4392 quia
1499 4305 1617 4372 alii
1666 4304 1924 4372 faciunt
1967 4305 2094 4371 sibi
2141 4305 2538 4370 occasionem
2581 4325 2702 4390 per

592 4405 773 4486 istos,
837 4407 953 4492 qui
1014 4408 1317 4474 nesciunt
1379 4407 1786 4474 conditiones
1837 4407 2122 4472 illorum.
2223 4405 2417 4472 Unus
2475 4410 2699 4470 autem

594 4507 861 4575 illorum
906 4509 1189 4574 duorum
1232 4515 1335 4576 est
1375 4514 1692 4591 mortuus,
1739 4509 1910 4574 alius
1953 4507 2172 4589 vivit3
2236 4508 2352 4593 qui
2403 4511 2702 4572 mortuus

604 4614 707 4675 est
749 4609 880 4676 fuit
924 4611 1139 4678 bonus
1181 4613 1396 4693 hom0,
1428 4617 1498 4678 et
1542 4612 1743 4689 dives,
1778 4613 1848 4677 et
1885 4609 2377 4674 archidiaconus
2405 4629 2701 4695 magnus,

614 4716 685 4777 et
726 4713 1043 4800 magister
1086 4714 1159 4778 in
1202 4713 1537 4802 theologia
1576 4714 1680 4780 sui
1708 4712 2034 4801 temporis.
2124 4709 2192 4778 N
2193 4733 2300 4777 am
2345 4731 2550 4800 quum
2599 4711 2702 4777 in-
