3517 5750
555 888 773 975 nu]
1348 902 1523 953 orus
1566 902 1885 955 TERTIUM.
2539 886 2662 958 171

556 1100 811 1165 semper
884 1077 1099 1145 locum
1158 1077 1633 1145 indivisibilem
1704 1076 1982 1144 obtinet.
2073 1076 2253 1165 Ergo
2325 1098 2663 1165 nunquam

559 1180 949 1248 movebitur.

650 1284 781 1349 Sed
847 1282 1279 1370 proculdubio
1344 1282 1493 1349 istae
1560 1282 1851 1349 rationes
1923 1304 2060 1349 non
2131 1282 2344 1349 solum
2417 1282 2664 1349 tollunt
2685 1291 2773 1407 ny
2795 1290 2964 1355 purity

559 1392 813 1452 motum
858 1388 972 1451 sed
1017 1386 1474 1465 mutationem,
1520 1384 1579 1451 si
1608 1386 1904 1473 Angelus
1947 1386 2188 1451 habeat
2230 1386 2446 1452 locum
2489 1385 2662 1452 indi·
2685 1425 2739 1474 i„
2685 1358 2968 1490 θ’ἔθῗζοζ

559 1489 901 1555 visibilem.
950 1488 1019 1554 N
1020 1510 1127 1554 am
1172 1489 1345 1553 cum¹
1395 1486 1751 1554 secundum
1797 1488 2149 1555 veritatem
2191 1488 2366 1555 linea
2394 1510 2532 1553 non
2559 1492 2664 1553 est
2685 1494 2816 1542 unde
2787 1506 2912 1557 ergo
2932 1502 3002 1541 ¹10

562 1614 645 1657 ex
688 1592 967 1679 punctiS,
998 1591 1109 1657 sed
1157 1596 1259 1657 est
1300 1589 1585 1677 spatium
1619 1596 1960 1678 quantum,
1994 1591 2098 1658 et²
2129 1592 2459 1658 divisibile
2487 1592 2664 1657 inter
2684 1562 2894 1627 ΜΨ

564 1710 613 1759 Α
654 1698 724 1759 et
765 1710 824 1772 Β,
872 1699 941 1759 et
984 1698 1145 1759 tunc
1188 1716 1337 1759 cum
1382 1694 1473 1759 sit
1523 1694 1794 1780 angelus
1859 1716 2144 1782 praesens
2188 1695 2262 1759 in
2304 1710 2368 1773 A,
2416 1698 2486 1760 et
2527 1716 2663 1761 non

566 1796 657 1861 sit
698 1812 743 1861 Β
789 1796 1109 1861 terminus
1174 1796 1527 1861 continuus
1570 1797 1649 1874 ei,
1698 1799 1772 1861 et
1813 1802 2038 1862 tamen
2091 1802 2194 1863 est
2247 1796 2661 1884 propinquis-

561 1899 763 1964 simus
831 1899 943 1984 qui
1010 1904 1229 1985 potest
1273 1898 1647 1986 significari,
1696 1898 1968 1985 angelus
2035 1900 2324 1985 quiescet
2369 1900 2440 1964 in
2484 1914 2549 1979 A,
2595 1904 2666 1965 et

564 2023 695 2067 11011
775 2002 1024 2087 poterit
1090 2001 1343 2068 moveri
1408 2000 1729 2080 ulterius3
1800 2001 1958 2086 quia
2022 2001 2274 2090 primus
2341 2002 2666 2068 terminus

563 2104 647 2170 ad
692 2126 887 2191 quem
935 2104 1191 2169 veniret
1234 2106 1405 2169 esset
1447 2120 1510 2182 Β,
1572 2125 1651 2169 00
1696 2104 1878 2189 quod
1936 2125 2190 2191 semper
2235 2109 2340 2171 est
2379 2104 2454 2169 in
2497 2103 2669 2168 indi·

565 2207 828 2287 visibili,
876 2212 945 2272 et
1012 2206 1161 2272 ideo
1232 2226 1575 2290 nunquam
1639 2207 2072 2291 pertransiret
2138 2206 2428 2293 spatium
2493 2206 2670 2291 quod

565 2316 667 2375 est
717 2310 890 2375 inter
935 2325 983 2374 A
1026 2313 1097 2375 et
1139 2326 1203 2390 Β,
1266 2330 1477 2394 neque
1544 2312 1733 2373 motu
1801 2328 2014 2395 neque
2075 2306 2488 2374 mutatione.⁸
2579 2308 2671 2373 Et

562 2414 713 2479 ideo
772 2415 1063 2480 rationes
1105 2414 1487 2479 Aristotelis
1548 2413 1699 2479 duae
1766 2412 2000 2500 primae
2062 2418 2341 2499 possunt
2401 2411 2672 2477 formari

564 2516 909 2603 aequaliter
960 2522 1191 2583 contra
1234 2516 1693 2595 mutationem,
1763 2516 1934 2581 sicut
1999 2522 2231 2581 contra
2295 2518 2570 2595 motum,
2616 2514 2674 2579 si

564 2620 835 2706 angelus
903 2620 994 2685 sit
1035 2640 1320 2706 praesens
1382 2618 1521 2684 loco
1586 2617 1997 2683 indivisibili.
2109 2617 2290 2683 Nam
2352 2618 2494 2683 sive
2557 2638 2674 2704 per

566 2727 840 2801 motum,
888 2722 1025 2788 sive
1070 2720 1221 2809 per⁴
1262 2720 1723 2801 mutationem,
1769 2725 2068 2787 transeat
2129 2721 2249 2786 illa
2290 2724 2556 2807 puncta,
2601 2723 2673 2786 et

566 2828 789 2890 totum
833 2824 1121 2912 spatium
1188 2823 1567 2912 pertransit,
1632 2827 1797 2888 tunc
1861 2828 2084 2888 totum
2175 2824 2465 2911 spatium
2543 2822 2677 2890 erit

570 2948 653 2992 ex
696 2927 829 2992 illis
870 2927 1174 3014 puncti-⁴33
1221 2933 1289 2992 et
1334 2948 1481 2991 cum
1526 2927 1792 2990 infinita
1825 2925 1962 2991 sint
1984 2924 2012 2964 ⁵
2055 2927 2128 2990 in
2157 2926 2433 2991 minima
2461 2931 2670 3013 parte,

568 3050 904 3115 nunquam
978 3028 1223 3115 poterit
1311 3029 1705 3115 pertransire
1797 3027 2084 3114 spatium
2144 3028 2508 3108 minimum,
2559 3050 2680 3093 nec

571 3131 911 3195 minimam
957 3131 1096 3218 ejus
1140 3127 1441 3218 partem.⁶
1526 3127 1619 3195 Et
1664 3129 1812 3194 ideo
1857 3131 1960 3195 hae
2006 3136 2138 3195 tres
2165 3131 2454 3196 rationes
2501 3152 2678 3195 1111110

572 3237 769 3299 tactae
844 3234 1215 3310 ostendunt,
1278 3233 1453 3318 quod
1504 3253 1625 3297 nec
1674 3232 2053 3298 movebitur
2099 3254 2218 3297 nec
2291 3217 2677 3314 mutabitur,

574 3335 631 3401 si
675 3335 945 3422 angelus
990 3334 1233 3400 habeat
1276 3335 1491 3399 locum
1534 3332 2020 3400 indivisibilem.

667 3437 759 3502 Et
801 3437 917 3502 illa
959 3437 1135 3502 ratio
1178 3437 1417 3502 ultima
1447 3435 1826 3502 Aristotelis
1872 3457 2017 3521 quae
2063 3435 2224 3502 dicit
2269 3434 2445 3521 quod
2486 3455 2680 3501 omne

585 3539 759 3626 quod
802 3543 1123 3616 movetur,
1172 3539 1415 3624 partim
1461 3543 1562 3603 est
1604 3539 1677 3602 in
1723 3537 2006 3602 termino
2050 3559 2092 3602 a
2121 3559 2269 3622 qu0,
2315 3535 2558 3624 partim
2607 3535 2680 3601 in

572 3641 855 3707 termino
900 3641 987 3706 ad
1032 3663 1242 3726 quem,
1292 3638 1583 3706 ostendit
1626 3639 1996 3727 specialiter
2039 3639 2216 3725 quod
2257 3661 2390 3704 non
2457 3658 2679 3704 move-

574 3743 777 3809 bitur.
870 3743 1185 3809 Rationes
1249 3764 1406 3807 vero
1452 3747 1738 3828 quatuor
1797 3743 2028 3828 primae
2090 3740 2451 3807 ostendunt
2504 3740 2680 3827 quod

574 3845 761 3911 nullo
822 3845 1019 3911 modo
1085 3845 1494 3925 mutabitur3
1570 3848 1639 3910 et
1709 3844 1843 3909 ista
1914 3865 2048 3911 non
2106 3843 2424 3910 videntur
2493 3865 2680 3932 posse

572 3947 893 4034 impediri.

666 4049 798 4115 Sed
857 4049 915 4114 si
980 4048 1225 4116 habeat
1282 4047 1497 4116 locum
1556 4048 1958 4116 divisibilem
2025 4055 2186 4116 tunc
2250 4049 2678 4139 proculdubio

524 4189 531 4194 ·
570 4153 815 4240 poterit
876 4155 1145 4234 moveri,
1216 4156 1285 4218 et
1341 4151 1525 4218 nulla
1581 4152 1914 4218 rationum
1973 4148 2249 4219 istarum
2272 4153 2298 4193 ⁷
2356 4155 2679 4242 prohibet.

571 4253 748 4322 Nam
810 4254 867 4320 si
926 4255 1015 4320 sit
1074 4255 1147 4320 in
1208 4270 1256 4320 A
1298 4255 1438 4320 loco
1484 4251 1822 4333 divisibili,
1889 4260 2050 4322 tunc
2114 4261 2333 4344 potest
2377 4275 2422 4322 Β
2463 4258 2678 4323 10011111

1170 4425 1397 4432 ψ..-

644 4571 659 4603 ¹
694 4571 827 4639 cust]
865 4587 963 4623 om.
985 4571 1048 4623 Τ.
1746 4573 1764 4604 ⁴
1791 4573 1910 4641 per]
1946 4589 2046 4626 omo
2074 4571 2135 4626 Τι

644 4651 665 4681 ²
685 4650 757 4717 et]
794 4666 893 4702 om.
933 4651 996 4702 T.
1748 4655 1768 4682 ³
1799 4653 1923 4718 sint]
1961 4661 2092 4714 sunt,
2127 4653 2188 4704 B.

642 4731 663 4760 ⁸
696 4739 821 4780 motu
872 4747 1023 4796 neque
1076 4729 1361 4798 macione]
1420 4740 1579 4784 muta-
1754 4733 1774 4762 ⁶
1806 4731 1911 4796 qius
1925 4735 2144 4800 purtem]
2182 4741 2378 4799 partem
2397 4733 2522 4800 ea'us,
2555 4735 2616 4791 Τ.

574 4809 712 4862 tione
735 4825 899 4878 neque
919 4819 1073 4873 motu,
1108 4812 1169 4862 Τ.
1752 4809 1768 4840 ²
1805 4811 2033 4879 istarum]
2071 4828 2169 4865 om.
2195 4814 2260 4866 Τι
