3517 5750
895 881 1026 944 500
1635 893 1895 943 nocant
1940 893 2231 944 asconis
2812 877 2993 962 [cAr.

891 1071 1060 1138 sicut
1101 1071 1474 1155 antiquitus
1517 1072 1693 1158 apud
1727 1070 1999 1136 Latinos
2044 1070 2081 1136 b
2122 1070 2505 1136 multotiens
2548 1069 2991 1156 accipiebatur

893 1193 1011 1259 pro
1053 1195 1096 1238 v
1147 1179 1560 1252 consonante,
1607 1178 1684 1238 ut
1727 1173 1919 1240 docet
1962 1171 2336 1238 Priscianus
2356 1171 2375 1210 ¹
2424 1173 2499 1238 in
2542 1173 2754 1260 primo
2804 1171 2987 1238 libro.

893 1273 1210 1340 Similiter
1268 1296 1402 1341 non
1469 1275 1716 1340 habent
1761 1296 1804 1361 q
1846 1280 2326 1341 consonantem.
2416 1275 2510 1340 Et
2572 1274 2796 1340 Latini
2852 1296 2987 1340 non

893 1377 1139 1442 habent
1190 1377 1310 1462 psi
1367 1377 1646 1456 literam,
1709 1399 1829 1444 nec
1878 1379 2169 1463 aliquam
2216 1379 2547 1464 signatam
2606 1399 2806 1442 unam
2848 1377 2987 1442 loco

893 1479 1050 1565 ejus,
1097 1479 1212 1544 sed
1271 1483 1556 1545 utuntur
1605 1499 1696 1566 ps
1741 1482 1813 1544 in
1862 1479 2109 1546 Graecis
2166 1479 2582 1560 dictionibus,
2626 1485 2707 1545 ut
2750 1478 2991 1564 peuta-

895 1602 1014 1646 cus
1085 1587 1154 1646 ct
1207 1580 1538 1666 psalmus,
1601 1586 1670 1648 et
1719 1583 1795 1646 in
1854 1580 2128 1658 Latinis,
2190 1585 2269 1648 ut
2322 1581 2563 1668 laps-us
2605 1587 2677 1648 et
2728 1580 2983 1668 scripsi.

895 1683 1072 1749 Nam
1137 1683 1352 1769 prima
1395 1682 1589 1748 litera
1643 1683 1901 1750 ultimae
1964 1683 2235 1770 syllabae
2292 1689 2395 1750 est
2448 1706 2503 1770 p
2566 1684 2771 1763 litera,
2820 1685 2987 1749 sicut

895 1787 1085 1852 docet
1145 1783 1527 1850 Priscianus,
1617 1785 1995 1872 Aliquando
2052 1791 2277 1852 tamen
2330 1785 2555 1852 latini
2614 1790 2897 1852 utuntur
2954 1784 2992 1849 b

894 1894 964 1955 et
1009 1910 1060 1969 s,
1089 1893 1169 1953 ut
1212 1885 1447 1967 coelebs,
1479 1885 1744 1966 ooelebie,
1792 1886 1973 1970 urbe,
2018 1887 2233 1968 urbas,
2280 1909 2483 1974 quum
2526 1888 2771 1954 scilicet
2812 1887 2993 1974 geni-

893 1991 1078 2057 tivus
1145 2013 1328 2056 casus
1387 1991 1787 2056 terminatur
1848 1991 1923 2055 in
1976 1989 2092 2056 bis.
2182 1990 2505 2058 Similiter
2559 2011 2681 2076 pro
2738 1989 2997 2054 Latinis

895 2093 1295 2160 dictionibus
1339 2091 1561 2158 Latini
1623 2113 1758 2156 non
1824 2092 2075 2158 habent
2137 2093 2391 2178 aliquid
2434 2093 2575 2158 loco
2623 2092 2793 2170 zitoe,
2840 2092 2997 2177 quia

893 2217 1030 2262 non
1097 2194 1394 2261 scribunt
1439 2193 1708 2260 Latinas
1768 2193 2087 2260 dictiones
2144 2217 2261 2281 per
2326 2216 2382 2276 z,
2428 2195 2543 2260 sed
2592 2193 2867 2272 Graecas,
2914 2200 2997 2259 ut

895 2298 1060 2364 dicit
1120 2297 1503 2364 Priscianus.
1621 2294 1819 2362 Unde
1882 2317 1923 2362 z
1980 2317 2115 2362 non
2176 2301 2277 2362 est
2342 2297 2539 2362 litera
2591 2296 2831 2362 Latina
2880 2296 2995 2361 sed

897 2401 1129 2467 Graeca
1201 2399 1557 2466 secundum
1621 2419 1873 2478 sonum,
1932 2399 2091 2464 licet
2140 2399 2497 2466 secundum
2562 2399 2840 2486 figuram
2906 2400 2999 2464 sit

899 2503 1140 2569 Latina
1199 2507 1272 2568 et
1329 2491 1684 2568 secundum
1759 2521 2012 2566 nomen.
2107 2500 2425 2582 Quamvis
2492 2507 2717 2567 autem
2784 2499 2997 2567 Graeci

897 2626 1034 2672 non
1099 2605 1389 2670 habeant
1447 2625 1491 2690 q
1549 2609 1617 2670 et
1669 2625 1705 2670 c
1761 2605 2119 2670 secundum
2178 2604 2422 2691 figuras
2466 2609 2537 2670 et
2580 2625 2837 2683 nomen,
2882 2603 2995 2668 sed

899 2715 1122 2774 tamen
1183 2707 1433 2772 habent
1483 2706 1843 2772 secundum
1888 2727 2163 2788 sonum3
2218 2707 2375 2791 quia
2418 2706 2791 2773 Priscianus
2834 2707 2997 2772 dicit

897 2810 1072 2896 quod
1137 2807 1196 2889 k,
1263 2815 1331 2873 et
1373 2830 1431 2895 q,
1479 2814 1548 2875 et
1603 2829 1637 2875 c
1695 2813 1856 2875 sunt
1922 2809 2100 2876 idem
2174 2807 2569 2877 elementum
2642 2809 2997 2875 secundum

895 2932 1142 2977 sonum.
1233 2910 1555 2977 Similiter
1601 2910 1797 2991 titka,
1864 2917 1935 2977 et
1994 2910 2121 2991 ehi,
2176 2916 2247 2977 et
2300 2910 2434 2997 phi
2494 2934 2629 2977 non
2682 2910 2999 2977 differunt

897 3013 1028 3079 nisi
1075 3012 1566 3079 accidentaliter
1609 3035 1651 3078 a
1695 3012 1817 3099 tas,
1866 3019 1935 3080 et
1978 3012 2228 3101 kappa,
2276 3017 2345 3079 et
2388 3013 2489 3099 pi,
2534 3013 2677 3079 loco
2720 3035 2999 3099 quorum

901 3116 1128 3181 Latini
1171 3114 1419 3180 habent
1467 3120 1511 3195 t,
1557 3136 1614 3196 z,
1659 3114 1718 3194 k,
1766 3120 1839 3182 et
1873 3138 1942 3201 p.
2037 3115 2197 3181 Ideo
2240 3114 2346 3182 hae
2389 3116 2601 3182 literae
2644 3116 2999 3181 secundum

901 3218 1338 3285 substantiam
1381 3216 1524 3282 soni
1567 3238 1702 3283 non
1746 3218 1988 3284 desunt
2040 3216 2297 3285 Latinis
2340 3218 2735 3284 dictionibus
2799 3218 2997 3305 puris.

903 3320 996 3386 Et
1069 3320 1142 3385 in
1212 3318 1469 3385 Latinis
1543 3341 1692 3405 quse
1782 3340 1825 3383 a
1900 3316 2168 3385 Graecis’
2224 3324 2594 3399 sumuntur,
2676 3325 2756 3386 ut
2842 3324 2999 3385 sunt

889 3422 1118 3508 sama,
1166 3421 1367 3507 fuya,
1416 3420 1711 3508 suffere,
1728 3420 1756 3459 ²
1801 3422 2127 3509 fenestra,
2172 3422 2427 3487 utimur
2470 3422 2526 3508 f
2574 3422 2744 3487 sicut
2790 3422 3001 3487 Graeci

903 3531 1187 3591 utuntur
1237 3524 1385 3611 phi,
1445 3524 1544 3589 ita
1602 3528 1826 3591 tamen
1872 3525 2048 3610 quod
2100 3524 2173 3589 in
2224 3524 2504 3611 propriis
2550 3523 2807 3590 Latinis
2864 3524 2999 3589 dic-

899 3627 1196 3694 tionibus
1239 3626 1295 3713 s
1345 3626 1547 3691 habet
1591 3648 1827 3692 sonum
1888 3626 2219 3706 Latinum,
2278 3632 2359 3692 ut
2414 3625 2641 3713 filius,
2698 3626 2999 3691 deficiens

901 3730 1052 3816 plus
1127 3752 1168 3794 a
1241 3750 1400 3794 sono
1474 3728 1632 3814 ejus,
1712 3728 1889 3815 quod
1964 3735 2065 3795 est
2130 3726 2281 3815 phi,
2344 3750 2544 3814 quam
2611 3728 2682 3793 in
2742 3728 3000 3793 Latinis

902 3831 1184 3917 sumptis
1233 3852 1276 3895 a
1322 3829 1578 3896 Graecis,
1671 3830 1871 3897 Unde
1919 3832 2208 3897 maxime
2258 3830 2331 3895 in
2378 3830 2625 3896 talibus
2683 3829 3003 3916 accipitur

887 3930 943 4016 f
979 3933 1118 3996 loco
1163 3930 1312 4016 phi,
1367 3936 1438 3996 et
1489 3931 1679 4016 quasi
1727 3932 1931 3999 habet
1982 3953 2215 3998 sonum
2276 3933 2433 4018 ejus,
2488 3932 2619 3997 nisi
2662 3932 2819 4019 quia
2864 3953 2999 3997 non

901 4032 1056 4095 fixis
1099 4032 1291 4097 labiis
1320 4033 1883 4119 pronuntiandum
1914 4040 2013 4101 est
2042 4034 2098 4120 f
2130 4034 2299 4099 sicut
2322 4032 2471 4119 phi,
2502 4038 2574 4099 et
2608 4032 2743 4121 phi
2770 4054 2906 4099 non
2933 4034 2998 4120 f,

901 4138 980 4199 ut
1037 4133 1201 4199 dicit
1261 4133 1643 4200 Priscianus,
1737 4135 1929 4201 Nihil
1998 4136 2173 4201 enim
2232 4135 2415 4201 aliud
2486 4136 2774 4201 interest.
2866 4134 2999 4200 Sed

892 4235 1026 4324 phi
1099 4241 1170 4302 et
1235 4234 1324 4321 pi
1397 4258 1529 4302 non
1605 4237 1921 4304 differunt
1993 4238 2125 4303 nisi
2199 4260 2317 4325 per
2383 4238 2695 4319 accidena
2756 4237 3002 4303 scilicet

899 4344 1167 4426 propter
1225 4339 1690 4425 aspirationem
1750 4344 2025 4426 quartae‚
2086 4362 2205 4406 nec
2253 4361 2307 4426 p
2364 4344 2435 4405 et
2484 4339 2540 4426 s
2572 4340 2657 4405 de
2716 4342 2949 4405 caetero
2971 4337 2999 4375 ³

899 4440 1218 4507 differunt
1289 4440 1420 4507 nisi
1493 4441 1997 4509 accidentaliter.
2098 4442 2191 4509 Et
2252 4464 2339 4507 ex
2405 4442 2509 4506 his
2566 4446 2753 4528 patet
2826 4442 3002 4527 quod

900 4549 1223 4628 quantum
1283 4544 1370 4609 ad
1443 4543 1886 4610 substantiam
1946 4546 2093 4611 soni
2167 4544 2416 4611 habent
2476 4542 2703 4609 Latini
2782 4544 3001 4609 decem

966 4738 980 4767 ¹
1005 4736 1324 4803 Priscianus]
1361 4738 1484 4789 ibid.
2052 4754 2073 4783 ⁸
2094 4750 2153 4803 de
2173 4751 2368 4819 cetero]
2408 4751 2576 4813 desct’,
2599 4748 2713 4801 MS.

965 4815 1222 4882 ²surgt'ero]
1261 4816 1435 4867 furfur.
1461 4818 1487 4867 1>
