3517 5750
852 838 983 905 222
1604 854 1864 906 noem
1907 850 2202 905 mcoms
2779 840 2956 929 [cn.

845 1027 1041 1095 luna:
1120 1028 1279 1115 quia
1348 1028 1840 1117 quartadecima
1911 1030 2046 1096 fuit
2119 1052 2330 1117 agnus
2405 1030 2670 1097 occisus.
2777 1030 2955 1099 Nam

844 1132 1309 1198 comedebatur
1364 1139 1515 1221 post
1570 1154 1868 1199 occasum
1913 1134 2087 1214 solis,
2133 1156 2178 1199 a
2219 1155 2352 1219 quo
2397 1154 2628 1199 occasu
2687 1134 2956 1223 incipie-

846 1232 965 1297 bat
1044 1234 1185 1301 dies
1259 1234 1745 1321 quintadecima
1805 1240 1878 1301 et
1949 1235 2442 1323 quintadecima
2505 1236 2704 1303 luna:
2797 1258 2954 1325 ergo

844 1341 1003 1403 ante
1044 1338 1365 1404 decimam
1408 1340 1711 1426 quintam
1755 1338 1888 1405 fuit
1931 1340 2176 1405 occisus
2220 1339 2552 1405 Salvator.

937 1437 1213 1521 Iterum,
1258 1441 1597 1507 Johannes
1636 1446 1874 1507 octavo
1917 1440 2180 1509 decimo
2217 1441 2432 1529 [28.]=
2481 1448 2518 1479 “
2541 1441 2700 1507 Non
2747 1442 2953 1509 intro-

846 1546 881 1575 “
928 1542 1151 1607 ierunt
1200 1545 1601 1630 praetorium,
1664 1550 1743 1609 ut
1809 1566 1946 1610 non
2009 1545 2643 1625 contaminarentur,
2705 1547 2822 1613 sed
2873 1553 2954 1613 ut

846 1650 881 1677 “
928 1646 1403 1713 manducarent
1450 1646 1759 1712 Pascha.”
1857 1648 1948 1713 Et
1995 1648 2098 1713 ita
2141 1647 2216 1713 in
2264 1668 2535 1737 vespere
2579 1654 2732 1735 post
2791 1648 2948 1717 Pas-

842 1747 1090 1812 sionem
1134 1750 1701 1814 manducaverunt
1731 1748 2022 1830 Pascha;
2069 1754 2140 1815 et
2183 1755 2348 1815 tunc
2391 1751 2630 1837 incipit
2675 1751 2948 1836 quinta-

842 1850 1095 1915 decima
1155 1850 1331 1933 luna,
1400 1856 1471 1917 et
1543 1873 1681 1916 non
1769 1855 1944 1917 ante
2055 1850 2232 1917 Item
2292 1852 2339 1918 J
2341 1852 2634 1917 ohannes
2699 1854 2948 1919 decimo

840 1974 1016 2017 nono
1084 1954 1293 2041 [31.]:
1364 1961 1400 1990 “
1449 1955 1615 2019 Erat
1679 1958 1904 2019 autem
1971 1976 2320 2041 parasceue
2389 1954 2728 2035 Paschae,'’
2795 1978 2949 2043 crgo

840 2056 1067 2121 eadem
1142 2057 1250 2121 die
1324 2056 1409 2122 ad
1483 2077 1826 2145 vesperam
1902 2061 2308 2144 paraverunt
2375 2054 2650 2123 Pascha.
2773 2058 2947 2124 Item

837 2158 885 2223 J
888 2158 1179 2225 ohannes
1222 2158 1451 2225 eodem
1500 2158 1673 2248 [42]
1704 2180 1719 2221 :
1774 2166 1812 2195 “
1835 2158 1943 2223 Ibi
1987 2160 2198 2247 igitur
2241 2164 2508 2247 propter
2553 2182 2948 2249 parasceuen

841 2268 877 2295 “
921 2261 969 2326 J
970 2262 1331 2343 udaemvm,
1379 2262 1538 2349 quia
1575 2262 1780 2349 juxta
1814 2267 1958 2328 erat
2003 2269 2525 2344 monumentum,
2573 2270 2948 2350 posuerunt

836 2370 875 2399 “
911 2363 959 2429 J
960 2388 1143 2431 esum
1167 2363 1241 2447 ;''
1270 2370 1341 2431 et
1386 2364 1537 2431 ideo
1582 2366 2113 2431 acceleraverunt
2143 2366 2569 2452 sepulturam,
2601 2387 2688 2431 ne
2736 2367 2807 2431 in
2840 2368 2946 2433 die

835 2468 1323 2553 quintadecima
1365 2468 1728 2555 sepelirent.
1841 2466 2018 2532 Nam
2063 2468 2136 2531 in
2199 2468 2308 2533 die
2353 2468 2763 2555 Azymorum
2809 2492 2944 2535 non

834 2572 1217 2657 sepelissent
1262 2571 1453 2651 Eum,
1502 2571 1659 2657 quia
1703 2568 1962 2635 nuHum
2022 2570 2429 2658 sepeliebant
2471 2570 2542 2636 in
2596 2573 2942 2659 praecipuis

834 2672 1035 2753 festiS,
1068 2674 1240 2738 sicut
1276 2678 1380 2737 est
1408 2673 1547 2737 dies
1578 2670 2006 2757 Azymorum,
2041 2676 2111 2737 et
2155 2670 2574 2761 Scenopegia,
2619 2679 2689 2739 et
2717 2673 2942 2761 hujus-

832 2775 1033 2839 modi.
1129 2776 1303 2839 Item
1334 2774 1407 2839 in
1440 2774 1619 2841 Luca
1650 2771 1699 2841 :¹
1755 2780 1794 2811 “
1819 2774 1910 2841 Et
1939 2781 2346 2842 revertentes
2390 2776 2696 2841 mulieres
2733 2778 2805 2841 in
2834 2778 2940 2842 dic

834 2885 871 2912 “
918 2877 1382 2943 Crucifixionis
1440 2880 1844 2965 paraverunt
1910 2883 2222 2958 aromata,
2271 2884 2340 2944 et
2405 2879 2701 2946 Sabbato
2747 2881 2940 2946 silue-

834 2985 869 3014 “
913 2985 1073 3044 runt
1103 2979 1463 3046 secundum
1494 2978 1944 3046 mandatum.''
2033 2981 2168 3047 Sed
2199 3003 2334 3047 non
2363 2980 2555 3048 licuit
2583 2983 2678 3048 eis
2709 3004 2940 3070 parare

830 3087 1127 3148 aromata
1202 3084 1273 3148 in
1348 3083 1455 3149 die
1532 3083 1957 3170 Azymorum.
2049 3082 2228 3148 Nam
2276 3084 2496 3150 Exodi
2551 3084 2939 3152 duodecimo

830 3187 911 3250 de
942 3186 1153 3273 prima
1182 3191 1252 3252 et
1282 3186 1522 3252 ultima
1551 3185 1659 3252 die
1690 3185 2100 3272 Azymorum
2147 3187 2394 3252 dicitur
2429 3185 2638 3274 [16.],:
2689 3193 2728 3225 “
2750 3187 2940 3252 Nihil

832 3293 871 3324 “
914 3290 1126 3378 operis
1199 3289 1452 3356 facietis
1519 3289 1591 3354 in
1658 3289 1771 3369 eiS,
1843 3289 2134 3375 exceptis
2223 3289 2328 3354 his
2409 3311 2559 3375 quae
2635 3289 2722 3355 ad
2795 3312 2940 3356 ves-

832 3398 867 3428 “
913 3395 1190 3459 cendum
1236 3389 1629 3481 pertinent.’'
1697 3391 2117 3478 Quapropter
2157 3390 2429 3457 videtur
2471 3392 2648 3478 quod
2709 3391 2936 3458 Domi-

832 3519 958 3563 nus
1060 3496 1194 3564 fuit
1320 3517 1547 3583 passus
1643 3493 2136 3580 quartadecima
2209 3494 2383 3560 luna.
2527 3494 2621 3560 Et
2723 3495 2937 3583 figura

826 3601 1026 3668 debet
1100 3600 1491 3687 respondere
1559 3597 1850 3662 veritati.
1943 3595 2079 3662 Sed
2145 3617 2356 3682 agnus
2416 3595 2747 3663 Paschalis
2805 3597 2936 3664 fuit

827 3706 1072 3770 occisus
1141 3704 1211 3767 in
1254 3703 1398 3788 lege
1442 3699 1934 3787 quartadecima
1977 3698 2138 3764 luna
2181 3721 2453 3787 semper.
2545 3701 2638 3766 Et
2699 3699 2756 3766 si
2815 3701 2938 3766 hoc

824 3811 928 3872 est
970 3827 1221 3885 verum,
1268 3813 1430 3871 tunc
1473 3803 1799 3868 Dominus
1843 3803 2170 3888 praevenit
2215 3801 2518 3888 Azyma3
2580 3825 2736 3868 nam
2777 3803 2939 3869 cele-

822 3908 1047 3974 bravit
1121 3928 1375 3973 coenam
1435 3905 1508 3970 in
1595 3905 1893 3990 Azymis,
1971 3903 2329 3972 secundum
2403 3907 2582 3991 quod
2671 3907 2936 3972 ecclesia

826 4011 1215 4078 Latinorum
1290 4009 1522 4090 utitur,
1614 4007 2013 4074 auctoritate
2103 4007 2415 4095 principis
2489 4007 2934 4095 apostolorum

824 4113 1097 4192 fulcita3
1150 4133 1347 4199 quam
1392 4131 1600 4197 usque
1644 4131 1823 4175 nunc
1867 4113 2093 4176 secuta
2137 4114 2240 4175 est
2286 4109 2588 4176 Romana
2647 4110 2933 4192 ecclesia,

826 4222 895 4283 et
936 4219 1084 4282 tota
1128 4213 1551 4280 occidentalis
1594 4211 1864 4278 ecclesia
1908 4211 2224 4278 similiter.
2291 4211 2382 4278 Et
2427 4214 2728 4299 oportuit
2757 4214 2932 4299 quod

823 4319 1219 4409 praeveniret
1292 4321 1563 4404 propter
1630 4315 2010 4380 Passionem
2087 4335 2288 4379 suam.
2381 4314 2474 4380 Et
2541 4317 2761 4402 plures
2827 4317 2934 4382 hic

822 4427 1023 4516 periti
1096 4425 1169 4490 in
1243 4421 1645 4490 astronomia
1718 4422 2078 4487 voluerunt
2167 4421 2467 4486 invenire
2556 4422 2934 4488 lunationes

823 4531 993 4597 circa
1064 4533 1324 4616 tempus
1376 4523 1703 4592 Passionis
1779 4525 1854 4588 in
1929 4523 2112 4590 omni
2199 4545 2392 4605 ann0,
2454 4545 2497 4590 a
2568 4525 2930 4592 nativitate

824 4633 1115 4714 Domini,
1159 4651 1367 4718 usque
1410 4649 1639 4696 versus
1682 4626 1968 4713 triginta
2029 4647 2236 4693 annos
2303 4626 2411 4694 vel
2473 4629 2932 4716 quadraginta.
