3517 5750
1408 861 1583 911 orus
1626 861 1870 911 umus
2563 850 2691 913 323

580 1033 875 1099 omnium
905 1032 1349 1119 qusestionum
1391 1035 1465 1101 in
1509 1056 1768 1099 summa
1806 1034 2154 1121 theologiae
2197 1038 2300 1101 est
2343 1056 2508 1121 pura
2541 1035 2686 1120 phi-

576 1136 885 1222 losophia,
919 1158 1063 1203 cum
1098 1136 1505 1223 argumentis
1535 1142 1604 1201 et
1634 1136 2088 1215 solutionibus,
2121 1142 2191 1203 et
2220 1142 2376 1203 sunt
2404 1136 2688 1205 infinitae

580 1239 979 1322 quaestiones
1024 1238 1108 1305 de
1152 1239 1551 1318 coelestibus,
1582 1242 1654 1304 et
1684 1239 1766 1303 de
1811 1239 2110 1319 materia,
2159 1244 2228 1306 et
2273 1239 2356 1304 de
2401 1243 2572 1318 ente,
2619 1245 2689 1306 et

580 1340 666 1405 de
706 1341 1044 1426 speciebus
1089 1346 1158 1406 et
1204 1340 1756 1406 similitudinibus
1801 1348 2040 1421 rerum,
2082 1347 2152 1409 et
2182 1343 2264 1408 de
2309 1341 2689 1428 cognitione

574 1442 813 1509 animae
874 1465 993 1529 per
1058 1464 1182 1521 eas,
1249 1447 1318 1508 et
1374 1442 1459 1507 de
1502 1464 1645 1508 aevo
1702 1447 1774 1507 et
1835 1448 2146 1531 tempore,
2215 1448 2284 1509 et
2358 1443 2684 1529 quomodo

578 1545 802 1609 anima
872 1550 975 1611 est
1047 1545 1121 1609 in
1182 1566 1463 1631 corpore,
1533 1549 1603 1610 et
1676 1545 2003 1630 quomodo
2069 1548 2214 1633 ipsa
2279 1550 2350 1611 et
2415 1546 2688 1633 angelus

580 1653 933 1714 moventur
993 1652 1183 1713 motu
1244 1647 1451 1725 locali,
1523 1650 1594 1712 ct
1659 1648 1987 1733 quomodo
2041 1648 2292 1715 habent
2335 1647 2568 1725 locum,
2615 1653 2686 1713 et

578 1746 845 1814 infinita
872 1748 1052 1829 talia,
1075 1771 1225 1835 quse
1256 1748 1784 1813 determinantur
1811 1748 1884 1813 in
1913 1748 2100 1816 libris
2129 1750 2686 1836 philosophorum.

582 1850 674 1916 Et
720 1872 853 1917 non
912 1851 1199 1937 pertinet
1250 1850 1337 1915 ad
1382 1850 1719 1936 theologos
1772 1850 1892 1915 has
1943 1851 2362 1920 difficultates
2413 1852 2687 1918 investi-

578 1974 735 2039 gare
780 1976 863 2019 ex
907 1953 1249 2040 principali
1294 1952 1666 2019 intentione
1697 1974 1818 2017 nec
1861 1953 2204 2040 principali
2247 1954 2686 2039 inquisitione.

451 2138 465 2151 ·
582 2054 715 2121 Sed
788 2055 987 2121 debet
1044 2048 1337 2122 breviter
1409 2054 1687 2121 recitare
1752 2054 1872 2121 has
1935 2056 2250 2123 veritates
2326 2055 2686 2124 secundum

581 2157 758 2243 quod
800 2157 871 2225 in
917 2156 1331 2244 philosophia
1376 2156 1922 2229 determinantur.

670 2262 929 2329 Deinde
994 2263 1129 2327 alia
1170 2284 1324 2347 pars
1386 2262 1842 2347 quaestionum,
1890 2282 2038 2347 quae
2105 2266 2206 2327 est
2267 2262 2340 2327 in
2407 2262 2686 2347 propriis

578 2366 879 2431 terminis
940 2365 1304 2449 theologiae,
1352 2368 1431 2429 ut
1476 2364 1558 2429 de
1617 2364 1812 2429 beata
1856 2364 2201 2443 ΤΙ-1111111110,
2249 2363 2330 2428 de
2377 2363 2687 2431 Ince-ma-

580 2467 777 2543 tione,
811 2468 893 2531 de
939 2466 1379 2542 sacramentiS‚
1412 2464 1781 2531 ventilatur
1815 2464 2265 2552 principaliter
2305 2487 2424 2551 per
2467 2470 2686 2531 aucto-

577 2568 831 2645 ritates,
908 2573 977 2633 et
1065 2570 1473 2652 argumenta,
1553 2571 1624 2632 et
1698 2567 2152 2634 distinctiones
2224 2568 2686 2633 vocabulorum

578 2668 1019 2755 philosophiae.
1130 2668 1297 2748 Quae
1341 2668 1515 2735 fiunt
1560 2668 1633 2733 in
1678 2673 1875 2736 textu
1918 2668 2370 2754 principaliter
2411 2670 2686 2755 legendo

578 2778 649 2837 et
674 2769 1109 2858 praedicande,
1142 2774 1301 2835 sunt
1329 2771 1461 2835 tria
1496 2771 1990 2857 principaliter3
2032 2770 2298 2849 scilicet,
2331 2771 2686 2839 divisiones

578 2896 695 2960 per
754 2872 1049 2938 membra
1093 2872 1297 2952 varia,
1345 2871 1516 2938 sicut
1574 2875 1828 2939 artistae
1890 2871 2162 2951 faciunt,
2207 2873 2688 2940 concordantiae

582 2972 943 3054 violentes,¹
992 2975 1163 3040 sicut
1208 2975 1460 3060 legistae
1504 2979 1831 3055 utuntur3
1876 2979 1947 3040 et
2008 2977 2454 3041 consonantiae
2497 2977 2687 3061 ryth-

580 3077 785 3156 micae,
838 3076 1011 3142 sicut
1054 3077 1481 3161 grammatici.
1580 3076 1665 3140 In
1704 3077 1854 3142 istis
1899 3077 2115 3143 tribus
2145 3081 2282 3142 stat
2321 3077 2688 3163 praecipuus

580 3179 812 3244 modus
872 3177 1203 3243 artificum
1266 3177 1639 3263 exponendi
1686 3177 2113 3263 Scripturam.
2204 3178 2296 3244 Et
2355 3179 2494 3246 haee
2535 3179 2689 3245 licet

580 3281 771 3346 utilia
833 3280 985 3358 sint,
1033 3284 1259 3344 tamen
1322 3283 1540 3344 tracta
1602 3285 1760 3344 sunt
1825 3281 1908 3345 de
1972 3280 2398 3366 philosophia.
2511 3281 2688 3346 Nam

563 3381 676 3466 jus
720 3381 911 3448 civile
956 3381 1079 3446 sub
1123 3379 1533 3467 philosophia
1576 3381 1966 3459 continetur,
2001 3386 2079 3446 ut
2122 3385 2314 3467 patet
2359 3403 2442 3446 ex
2488 3402 2684 3467 opere

580 3484 760 3569 quod
802 3485 1015 3549 mitto,

675 3722 1069 3790 SECUNDUM
1128 3728 1469 3809 peccatum
1530 3729 1631 3790 est
1691 3723 1870 3810 quod
1931 3722 2222 3788 scientiae
2283 3723 2551 3809 optimae
2618 3727 2688 3788 01,
2709 3737 2810 3786 2nd
2831 3738 3006 3799 Fau1t3

577 3827 864 3891 maxime
938 3825 1391 3910 contingentes
1435 3826 1784 3912 theologiae
1829 3846 1965 3889 non
2009 3829 2167 3888 sunt
2211 3825 2282 3888 in
2327 3847 2454 3889 usu
2498 3825 2683 3890 theo·
2707 3803 2980 3920 gntgzanee

580 3929 931 4015 logorum3
986 3928 1156 3993 sicut
1222 3927 1355 3992 illae
1424 3928 1505 3993 de
1568 3929 1807 4013 quibus
1873 3927 2042 3992 facio
2107 3928 2508 3993 mentionem
2544 3953 2562 4008 3
2605 3933 2685 3994 ut
2705 3937 2937 3991 scienoes.

578 4031 1007 4116 grammatica
1070 4031 1428 4095 secundum
1482 4030 1742 4116 linguas
1811 4028 2059 4094 alienas
2126 4052 2167 4093 a
2234 4031 2472 4116 quibus
2539 4035 2686 4097 tota

579 4133 911 4218 theologia
938 4133 1157 4213 venit3
1204 4137 1273 4196 et
1317 4133 1675 4197 secundum
1721 4153 1884 4217 quas
1928 4136 2203 4197 currunt
2239 4134 2682 4218 expositiones

578 4241 968 4314 sanctorum,
1034 4234 1205 4300 sicut
1270 4234 1465 4320 tetigi
1528 4233 1600 4297 in
1672 4235 2024 4320 praedictis,
2087 4239 2157 4299 et
2203 4235 2541 4300 evidenter
2599 4258 2686 4300 ex

580 4336 921 4422 Scriptura
995 4337 1231 4421 Majori
1304 4335 1725 4400 manifestum
1801 4340 1917 4400 est.
2041 4335 2132 4400 Et
2207 4335 2398 4422 longe
2475 4338 2684 4422 magis

579 4439 757 4504 valet
816 4439 1299 4520 mathematica,
1348 4443 1417 4504 et
1479 4438 1908 4526 perspectiva,
1956 4441 2025 4502 01,
2087 4437 2360 4502 scientia
2417 4438 2684 4504 moralis

587 4629 800 4636 ———-—..-
865 4631 1174 4636 ——..-.—-.-.
1539 4628 1827 4636 --—————.-—--

1279 4741 1292 4771 ¹
1318 4739 1569 4808 violentes]
1609 4740 1848 4804 volema,
1873 4741 1983 4792 ΜΒ.

2365 4826 2502 4890 xz
