3517 5750
560 1468 672 1521 'I'he
692 1471 849 1537 impe·

558 1538 771 1589 diments
794 1540 855 1590 of

555 1604 767 1655 visdom

900 864 1031 929 398
1656 878 1913 931 nouum
1955 878 2248 933 mcoms
2827 868 3000 955 [cir.

896 1056 967 1119 et
1010 1052 1361 1143 indignum
1404 1061 1706 1123 servatur
1771 1056 1854 1123 de
1915 1057 2038 1123 hoc
2101 1058 2294 1125 modo
2349 1059 2424 1125 in
2481 1060 2704 1126 studio
2751 1062 3005 1148 sapien-

896 1155 1031 1235 tiae,
1093 1162 1173 1221 ut
1231 1156 1489 1243 patebit
1539 1158 1832 1225 inferius.
1925 1160 2018 1226 Et
2063 1160 2216 1227 ideo
2265 1167 2514 1228 secreta
2563 1167 2634 1228 et
2676 1165 3004 1251 magnalis,

896 1259 1239 1345 sapientiae
1300 1260 1563 1347 penitus
1620 1260 1724 1327 his
1785 1264 2192 1351 temporibus
2241 1286 2284 1331 a
2331 1266 2532 1353 vulgo
2591 1266 3000 1333 studentium

894 1359 1299 1447 ignorantur.

986 1463 1121 1530 Sed
1164 1464 1319 1531 licet
1362 1466 1557 1531 homo
1616 1470 1816 1532 natus
1875 1468 1965 1533 sit
2015 1468 2102 1534 ed
2153 1468 2495 1557 sapientiae
2537 1471 2883 1558 magnalia,
2931 1477 3001 1539 et

894 1566 1050 1632 licet
1090 1568 1299 1655 possit
1359 1568 1441 1633 de
1500 1568 1679 1635 facili
1740 1570 2112 1658 pertingere
2181 1572 2270 1637 ad
2333 1594 2560 1639 omnes
2625 1578 2846 1660 partes
2897 1596 3000 1641 ss.-

556 1672 861 1724 considered.
892 1670 1179 1757 pientiae,
1224 1670 1283 1735 si
1340 1670 1573 1735 modus
1617 1670 1881 1737 debitus
1925 1672 2297 1753 adhibetur,
2343 1674 2472 1740 nisi
2523 1674 2998 1763 impedimenta

536 4217 696 4271 Great

533 4287 821 4353 corruption

532 4353 593 4404 of
616 4354 703 4406 the

890 1772 1365 1859 contingerent,
1430 1773 1577 1839 ideo
1636 1794 1893 1839 necesse
1951 1780 2054 1840 est
2113 1780 2352 1863 quarto
2409 1778 2820 1863 propositum
2883 1802 2995 1845 ex-

888 1894 1145 1961 ponere,
1194 1875 1439 1941 scilicet
1482 1876 1565 1941 de
1606 1875 2097 1963 impedimentis
2137 1876 2495 1965 sapientiae,
2541 1884 2682 1945 tam
2724 1882 2799 1946 in
2842 1882 2994 1947 sub-

889 1978 1139 2043 stantia
1201 1977 1342 2065 ejus
1387 1998 1585 2063 quam
1632 1979 1703 2043 in
1751 1980 1964 2059 modo,
2010 1984 2092 2045 ut
2150 1981 2440 2047 remedia
2499 1982 2640 2067 ejus
2701 1989 2994 2069 pateant,

888 2080 1130 2165 quibus
1188 2080 1403 2145 omnis
1459 2078 1729 2165 juvenis
1802 2080 1957 2148 licet
2023 2081 2229 2147 durus
2302 2083 2570 2169 ingenio
2647 2090 2715 2149 et
2787 2084 2994 2151 facilis

886 2182 1111 2249 valeat
1182 2183 1271 2248 sd
1348 2182 1815 2269 perfectionem
1883 2184 2242 2271 sapientise,
2325 2186 2682 2251 secundum
2771 2208 2994 2255 omnes

886 2285 1132 2372 gradus
1191 2285 1485 2371 quinque
1538 2286 1766 2363 dictos,
1813 2284 2162 2351 efficaciter
2204 2288 2564 2373 pervenire.
2657 2289 2790 2355 Sed
2835 2293 2994 2377 quia.

886 2388 1028 2453 haec
1088 2388 1563 2475 impedimenta
1618 2408 1754 2453 non
1813 2388 2298 2453 consideramus
2359 2412 2403 2455 a
2451 2390 2825 2477 juventute,
2877 2394 2992 2459 sed

884 2490 1282 2579 negligimus
1328 2490 1611 2567 omnine,
1668 2490 1817 2556 ideo
1877 2490 2167 2577 perimus
2225 2512 2374 2557 cum
2435 2514 2651 2558 errore
2709 2492 2989 2575 infinito,

883 2614 1004 2659 nec
1046 2614 1387 2679 possumus
1446 2591 1733 2679 experiri
1791 2592 2116 2659 utilitates
2175 2594 2514 2680 sapientise
2575 2596 2648 2660 in
2707 2597 2986 2676 ecclesis,

882 2700 953 2761 et
996 2695 1069 2760 in
1132 2695 1347 2762 tribus
1407 2693 1679 2781 reliquis
1748 2694 2115 2761 antedictis.
2203 2695 2465 2762 Accidit
2525 2697 2702 2763 enim
2755 2720 2838 2765 ex
2885 2698 2988 2765 his

882 2796 1371 2884 impedimentis
1434 2796 1613 2882 quod
1674 2796 1987 2862 videatur
2046 2798 2441 2878 hominibus,
2487 2800 2666 2886 quod
2725 2802 2862 2867 sint
2917 2802 2990 2866 in

882 2898 1177 2964 maxima.
1220 2899 1429 2986 gloria.
1472 2898 1832 2984 sapientiae,
1871 2899 1970 2965 ita.
2015 2901 2192 2986 quod
2233 2923 2574 2988 nunquam
2625 2902 2756 2970 fuit
2797 2910 2990 2971 tanta

880 3003 1265 3088 apparentia,
1324 3001 1684 3088 sapientise,
1734 3023 1858 3068 nec
1901 3007 2167 3068 tantum
2227 3007 2612 3070 exercitium
2671 3007 2874 3072 studii
2918 3009 2990 3073 in

878 3108 985 3170 tot
1026 3103 1451 3169 facultatibus
1508 3103 1583 3168 in
1627 3107 1731 3169 tot
1775 3105 2164 3191 regionibuS,
2215 3107 2385 3172 sicut
2437 3107 2582 3193 jam
2627 3130 2670 3173 a
2713 3111 2990 3196 quadra-

878 3207 1069 3292 ginta
1131 3207 1339 3272 annis.
1436 3205 1705 3290 Ubique
1769 3207 1948 3272 enim
1995 3207 2290 3273 doctores
2353 3215 2511 3274 sunt
2573 3209 2865 3296 dispersi,
2919 3218 2988 3278 et

876 3309 1166 3374 maxime
1238 3309 1313 3374 in
1386 3307 1719 3396 theologia.
1785 3308 1858 3373 in
1933 3310 2114 3374 omni
2175 3311 2461 3388 civitate,
2533 3317 2602 3378 et
2666 3313 2739 3377 in
2807 3317 2987 3379 omni

876 3417 1104 3491 castro,
1154 3415 1223 3478 et
1284 3412 1357 3476 in
1416 3410 1595 3476 omni
1640 3411 1895 3498 burg03
1941 3413 2264 3499 praecipue
2317 3435 2435 3500 per
2496 3415 2662 3480 duos
2727 3416 2985 3483 ordines

874 3515 1230 3592 studentes,
1278 3514 1457 3600 quod
1518 3533 1651 3579 non
1696 3513 1936 3579 accidit
1997 3515 2126 3580 nisi
2171 3537 2214 3579 a.
2275 3517 2712 3602 quadraginta.
2771 3520 2982 3597 annis,

872 3619 983 3684 vel
1056 3619 1327 3684 circiter.
1427 3615 1599 3684 Cum
1661 3621 1885 3682 tamen
1943 3637 2282 3704 nunquam
2345 3619 2478 3684 fuit
2542 3625 2732 3685 tanta
2797 3621 2983 3707 igno-

872 3720 1109 3799 rantia,
1175 3724 1402 3785 tantus
1462 3739 1660 3799 error,
1722 3719 1896 3785 sicut
1971 3739 2054 3785 ex
2115 3720 2238 3785 hac
2307 3722 2632 3808 scriptura.
2689 3723 2982 3790 finaliter

872 3820 1401 3886 manifestissime
1490 3821 1853 3907 apparebit,
1929 3825 2000 3887 et
2095 3843 2272 3888 nunc
2361 3825 2788 3891 manifestum
2881 3833 2982 3892 est

872 3921 994 3987 hoc
1052 3941 1170 4008 per
1243 3921 1563 3987 effectum.
1655 3921 1723 3987 N
1724 3945 1834 3988 am
1900 3923 2094 4010 plura
2165 3931 2434 4010 peccata
2506 3933 2786 4014 regnant
2875 3928 2979 3994 his

870 4023 1272 4110 temporibus
1338 4043 1539 4109 quam
1598 4043 1894 4110 unquam
1952 4027 2361 4112 temporibus
2421 4029 2798 4115 prioribus3
2863 4033 2978 4098 sed

870 4129 1217 4213 peccatum
1260 4147 1396 4191 non
1438 4132 1658 4212 potest
1700 4132 1876 4194 stare
1921 4149 2070 4193 cum
2115 4131 2453 4216 sapientia.

958 4227 1317 4294 Videamus
1362 4251 1587 4296 omnes
1648 4235 1864 4296 status
1931 4232 2177 4310 mundi,
2226 4239 2294 4298 et
2339 4233 2817 4301 consideremus
2877 4231 2974 4300 di-

867 4331 1167 4420 ligenter,
1240 4330 1652 4399 inveniemus
1742 4336 2226 4420 corruptionem
2301 4337 2632 4402 infinitam
2709 4338 2971 4424 ubique,

868 4436 1045 4522 quod
1106 4431 1341 4522 primo
1372 4441 1647 4522 apparet
1712 4435 1786 4500 in
1846 4436 2074 4523 capite.
2166 4437 2234 4501 N
2237 4459 2346 4502 am
2401 4437 2602 4504 Curia
2655 4439 2968 4522 Romana,

865 4559 1015 4624 quae
1060 4538 1313 4606 solebat
1372 4543 1441 4604 et
1500 4539 1697 4604 debet
1742 4537 1882 4625 regi
1933 4539 2260 4624 sapientia.
2305 4539 2448 4618 Dei,
2503 4562 2681 4606 nunc
2739 4542 2968 4629 depra-

863 4646 1062 4706 vatur
1106 4641 1689 4706 constitutionibus
1731 4640 2200 4727 imperatorum
2244 4634 2576 4720 laicorum,
2612 4642 2806 4708 factis
2850 4666 2968 4731 pro

862 4742 1127 4829 proprio
1199 4743 1369 4808 laico
1430 4742 1733 4829 regend0,
1800 4763 1962 4828 quas
2019 4743 2132 4830 jus
2191 4743 2384 4809 civile
2445 4745 2750 4812 continet.
2843 4745 2967 4811 La-
