3517 5750
531 833 636 923 ιι]
1304 847 1482 900 opus
1524 847 1856 900 Tmntm.
2546 836 2631 902 33

527 1024 908 1086 manserunt
979 1041 1129 1086 cum
1205 1019 1460 1102 Latin0,
1536 1041 1686 1107 quae
1761 1042 1896 1086 non
1968 1025 2245 1107 possunt
2331 1019 2628 1107 intelligi.
2654 1027 2935 1094 Ignoranee

531 1123 620 1188 Et
670 1144 818 1209 quse
867 1123 1034 1189 bene
1076 1122 1402 1189 translata
1459 1121 1740 1200 fiienmt,
1796 1127 1955 1190 sunt
1997 1123 2193 1190 modo
2255 1121 2627 1210 depravata,
2652 1095 2869 1226 ζξῗίξαι

529 1226 682 1311 quia
753 1226 1012 1312 linguas
1099 1225 1490 1313 ignoramus,
1628 1224 1720 1290 Et
1808 1225 1973 1290 falso
2061 1223 2383 1290 translata
2470 1230 2628 1290 sunt
2650 1235 2867 1292 tongues
2884 1228 2969 1280 the

527 1327 800 1406 infinita,
834 1328 992 1415 quia
1035 1326 1354 1414 interpres
1403 1326 1598 1393 debet
1641 1326 1805 1392 scire
1848 1327 2207 1408 scientiam,
2253 1347 2451 1414 quam
2480 1327 2631 1394 vult
2652 1301 2968 1411 fissfflo‘ssffi

529 1429 894 1506 transferre,
970 1434 1042 1496 et
1083 1429 1382 1517 linguam
1441 1450 1484 1494 a
1558 1449 1690 1516 qua
1747 1427 2077 1507 transfert,
2138 1433 2209 1494 et
2280 1428 2481 1494 aliam
2554 1430 2629 1494 in
2654 1426 2917 1478 confinion

528 1553 724 1618 quam
766 1531 1170 1598 {zi-suffertur.
1260 1531 1393 1597 Sed
1451 1531 1626 1596 solus
1683 1551 1857 1597 unns
1915 1531 2111 1597 scivit
2168 1530 2489 1610 scientias,
2551 1537 2631 1597 ut
2652 1493 2967 1624 maffia-gy

530 1633 1000 1700 Lincolniensis
1055 1633 1394 1721 episcopus
1427 1631 1484 1712 3²
1546 1633 1721 1698 solus
1790 1633 2063 1699 Boetius
2122 1633 2319 1700 scivit
2362 1633 2627 1722 linguas
2652 1625 2829 1690 sophy.

529 1756 802 1816 omnes3
861 1733 976 1800 alii
1050 1735 1526 1822 ignoraverunt
1591 1733 1895 1801 scientias
1962 1741 2033 1802 et
2102 1735 2381 1822 linguas,
2457 1737 2629 1804 sicut

527 1858 780 1922 expono
853 1836 927 1901 in
999 1836 1098 1917 iis,
1175 1857 1322 1922 quae
1396 1835 1606 1902 scribo
1677 1835 1751 1902 in
1826 1837 2026 1903 tertia
2098 1843 2289 1924 parte
2357 1837 2627 1925 Majoris

529 1937 804 2024 Operis?
889 1937 1008 2004 ubi
1081 1937 1286 2027 probo
1338 1937 1514 2023 quod
1585 1943 1854 2026 propter
1940 1939 2064 2005 hoc
2138 1940 2315 2025 quod
2388 1940 2629 2026 vulgus

529 2040 910 2106 Latinorum
983 2040 1248 2127 ignorat
1318 2039 1580 2127 linguas
1653 2045 1789 2106 tres
1870 2041 2095 2118 dictae,
2180 2041 2355 2127 quod
2428 2043 2627 2127 periit

526 2141 932 2228 philosophia
975 2141 1060 2207 ab
1103 2141 1204 2218 iis,
1249 2144 1319 2207 et
1359 2163 1495 2206 non
1537 2140 1750 2208 solum
1796 2140 2225 2229 philosophia,
2270 2143 2385 2206 sed
2435 2142 2628 2208 intel-

525 2241 728 2310 lectus
773 2241 956 2308 Sacri
1017 2241 1279 2308 Textus.
1370 2241 1440 2306 Ν
1439 2263 1548 2308 am
1613 2264 1837 2308 omnes
1898 2240 2193 2308 doctores
2260 2244 2486 2323 sancti,
2556 2249 2626 2309 et

522 2365 746 2409 omnes
796 2342 1164 2430 philosophi
1209 2350 1279 2410 et
1323 2349 1556 2430 poetae,
1595 2348 1665 2410 et
1707 2364 1935 2409 omnes
1976 2344 2305 2429 sapientes
2348 2344 2625 2431 antiqui,

522 2467 728 2532 usque
793 2447 880 2512 ad
947 2449 1242 2532 tempora
1306 2450 1546 2524 nostra,
1616 2444 1951 2511 sciverunt
2022 2445 2316 2533 linguam
2391 2447 2624 2512 saltem

524 2548 834 2614 Graecam.
921 2546 1099 2613 Nam
1164 2546 1368 2614 Italia
1427 2547 1559 2613 fuit
1619 2545 1870 2634 Magna
1934 2546 2203 2630 Graecia,
2271 2551 2341 2614 et
2412 2547 2627 2614 adhuc

519 2648 800 2736 vestigia
859 2651 1150 2731 restant3
1194 2647 1504 2736 quoniam
1573 2648 1646 2714 in
1707 2647 2031 2728 Calabria,
2100 2654 2169 2716 et
2234 2649 2497 2738 Apulia,
2560 2658 2631 2717 et

521 2749 760 2828 Sicilia,
806 2755 876 2817 et
917 2749 1097 2829 alibi,
1128 2755 1286 2816 sunt
1327 2751 1556 2816 multae
1599 2751 1885 2818 ecclesiae
1931 2752 2192 2831 Graecae,
2234 2757 2305 2818 et
2347 2754 2627 2842 populus

524 2852 618 2919 eis
689 2853 1034 2941 subjectus,
1131 2851 1430 2941 Insuper,
1504 2858 1583 2920 ut
1657 2853 1933 2921 ostendo
1990 2853 2106 2936 ibi,
2180 2853 2325 2943 ipsa
2398 2856 2628 2945 lingua

523 2954 764 3021 Latina
819 2962 922 3022 est
976 2978 1098 3042 pro
1155 2954 1388 3042 majori
1445 2959 1634 3041 parte
1693 2954 2052 3041 composita
2124 2976 2211 3021 ex
2271 2955 2499 3024 Graeco
2558 2964 2629 3023 et

524 3056 854 3137 Hebrae03
913 3057 1088 3123 unde
1148 3055 1376 3123 Latini
1427 3055 1596 3120 nihil
1655 3056 2075 3143 magnificum
2132 3058 2295 3123 scire
2352 3065 2627 3145 possunt

519 3158 659 3225 sine
717 3158 994 3225 notitia·
1019 3159 1254 3224 harum
1309 3158 1700 3245 linguarum,
1747 3158 1920 3224 sicut
1976 3157 2139 3223 satis
2198 3159 2451 3225 declaro
2468 3163 2497 3201 ³
2553 3160 2627 3223 in

519 3260 636 3325 illa
649 3258 676 3298 ⁴
749 3260 954 3327 tertia
1030 3265 1219 3346 parte
1293 3256 1553 3347 operis,⁵
1611 3263 1682 3325 et
1731 3257 1805 3323 in
1880 3256 2093 3345 Opere
2169 3257 2432 3341 Minori,
2508 3261 2625 3325 ubi

519 3360 751 3448 loquor
811 3361 892 3427 de
953 3365 1278 3449 potestate
1337 3360 1544 3426 studii
1587 3358 1957 3447 theologiae,
2008 3358 2255 3426 scilicet
2298 3359 2373 3423 in
2424 3361 2626 3427 tertio

521 3461 828 3548 peceato?
874 3468 944 3529 et
995 3462 1229 3549 quinto
1289 3467 1357 3527 et
1415 3466 1616 3528 sexto,

609 3564 742 3631 Sed
803 3570 1031 3631 auctor
1089 3564 1439 3653 praedictus
1501 3569 1571 3629 et
1637 3562 1831 3629 fictus
1904 3561 2073 3628 nihil
2146 3562 2271 3629 scit
2345 3563 2425 3628 de
2499 3562 2623 3628 lin-
2650 3574 2810 3643 Many
2825 3594 2941 3631 men

2647 3643 2707 3692 of
2720 3644 2801 3695 his
2822 3646 2945 3697 time

521 3687 800 3753 guarum
864 3671 1205 3753 potestate,
1252 3666 1422 3733 sicut
1485 3686 1606 3733 nec
1648 3670 1869 3731 totum
1929 3664 2213 3752 vulgus3
2286 3686 2442 3731 nam
2485 3686 2621 3731 non
2644 3711 2792 3761 could
2804 3714 2958 3777 spe-ak

521 3773 681 3832 sunt
723 3774 1006 3855 quatuor
1065 3766 1308 3845 Latini,
1365 3768 1480 3853 qui
1528 3766 1740 3833 sciant
1784 3766 2283 3855 grammaticam
2344 3766 2620 3835 Hebrae-
2646 3776 2880 3839 nebu-ev,

522 3891 728 3951 orum,
771 3875 842 3936 et
900 3869 1290 3947 Graecorum,
1337 3874 1410 3934 et
1467 3868 1809 3936 Arabum:
1856 3868 2025 3935 bene
2077 3868 2255 3934 enim
2306 3890 2621 3957 cognosco
2642 3842 2837 3961 ἓξὲξ
2856 3846 2957 3971 {2¹2¹

520 3992 644 4049 eos,
707 3970 864 4058 quia
922 3976 992 4038 et
1049 3970 1218 4036 citra
1290 3990 1470 4037 mare
1529 3973 1600 4037 et
1656 3971 1835 4035 ultra
1908 3970 2261 4058 diligenter
2333 3970 2458 4038 feci
2516 3972 2617 4037 in-
2644 3984 2733 4025 not
2752 3977 2868 4028 four

520 4073 710 4159 quiri,
807 4078 880 4141 et
973 4070 1298 4140 multum⁷
1395 4071 1470 4137 in
1553 4070 1658 4137 his
1745 4070 2057 4139 laboravi.
2181 4071 2384 4140 Multi
2462 4094 2621 4140 vero
2642 4043 2945 4175 ἵξῃ

579 4402 597 4433 ³
619 4400 972 4453 Lt'noohimiae
1015 4400 1292 4469 episcopm]
1361 4402 1518 4456 Gron—
1687 4404 1706 4434 ⁴
1728 4401 1837 4471 ma]
1863 4418 1963 4454 om.
1987 4402 2049 4455 T.

513 4490 630 4535 “³⁶-
1685 4509 1869 4560 ἀνω
2006 4504 2621 4565 &cannuca

515 4652 565 4705 p,
579 4558 848 4692 25⁰5&
891 4559 1100 4628 W]
1157 4560 1300 4628 ⁰⁹⁰⁸
1334 4558 1517 4627 ΜΨ*
1683 4611 1705 4640 ⁸
1719 4525 1866 4663 22:50
1888 4504 2118 4679 ³:0⁶2]
2144 4520 2531 4676 acastus:
2554 4608 2619 4659 T.

585 4718 608 4748 ⁸
625 4716 846 4786 αωιωυ]
879 4718 1148 4783 deamvi,
1170 4718 1234 4773 T.
1683 4717 1704 4746 ¹
1725 4713 1947 4783 nam]
1982 4715 2268 4781 affigentem
2294 4712 2357 4767 T.

695 4815 847 4867 Vol..
895 4814 941 4867 1.
2312 4810 2355 4861 C
