3517 5750
868 860 996 924 154
1636 870 1893 921 Roonm
1939 868 2234 921 nAcoms
2791 850 2967 939 [cu.

526 1046 839 1115 Argumenta
864 1046 1043 1111 trina
1103 1044 1437 1111 demensio
1499 1043 1912 1132 geometrica,
1981 1045 2339 1111 secundum
2403 1044 2690 1129 longum,
2755 1041 2965 1109 latum

526 1115 587 1165 of
596 1118 737 1167 thone

526 1181 643 1233 who
658 1182 837 1235 denied
862 1151 932 1213 et
1015 1147 1435 1235 profundum,
1548 1150 1617 1213 et
1706 1146 1998 1233 pertinet
2084 1147 2170 1212 ad
2255 1144 2396 1211 haeo
2458 1167 2608 1231 quae
2687 1145 2969 1231 quaesita

526 1248 581 1299 it.

860 1254 1036 1317 sunt.
1144 1249 1525 1337 Philosophi
1568 1271 1727 1315 vero
1771 1254 1930 1315 ante
1972 1248 2402 1315 Aristotelem
2447 1270 2730 1313 vacuum
2771 1250 2967 1313 extra

860 1354 1099 1421 ooelum
1166 1357 1236 1419 et
1308 1352 1487 1419 infra
1560 1351 1803 1419 ooelum
1893 1355 2161 1439 propter
2249 1356 2506 1416 motum
2583 1354 2962 1437 posuerunt.

860 1458 952 1523 Et
1048 1458 1189 1544 ipse
1283 1454 1567 1544 quarto¹
1664 1454 2112 1542 Physioorum,
2178 1455 2260 1520 de
2345 1452 2588 1531 Vacuo,
2667 1452 2966 1539 disputat

857 1564 1087 1626 contra
1130 1560 1265 1625 hoc.
1360 1559 1531 1625 Cum
1590 1558 1801 1645 igitur
1859 1557 2212 1645 probatum
2271 1560 2373 1623 est
2447 1556 2626 1640 quod
2699 1559 2968 1642 propter

858 1667 1109 1727 motum
1169 1662 1437 1728 localem
1512 1682 1649 1728 non
1712 1665 1816 1726 est
1881 1659 2336 1741 necessarium,
2383 1659 2500 1725 sed
2565 1659 2778 1745 magis
2845 1657 2966 1723 im-

856 1764 1058 1851 pedit,
1149 1764 1308 1850 quia
1380 1786 1518 1831 non
1592 1762 1771 1831 cedit
1837 1762 2108 1849 eorpori‚
2175 1760 2602 1848 quaerendum
2691 1765 2793 1827 est
2879 1782 2964 1825 an

856 1866 1079 1953 aliquo
1182 1867 1377 1931 modo
1394 1866 1422 1905 ⁸
1512 1866 1719 1953 possit
1808 1886 2091 1931 vacuum
2181 1864 2375 1931 aliter
2447 1862 2703 1931 salvari.
2730 1861 2756 1901 ³
2877 1862 2968 1928 Et

858 1969 1233 2035 ostenditur
1304 1968 1485 2055 quod
1558 1990 1739 2049 non3
1831 1968 1990 2053 quia
2073 1987 2300 2033 omnes
2375 1969 2598 2054 partes
2670 1966 2966 2031 universi

856 2071 1109 2137 habent
1198 2071 1677 2137 ordinationem
1771 2070 2144 2135 naturalem
2219 2068 2308 2135 ad
2395 2068 2697 2137 invioem.
2832 2067 2964 2134 Sed

855 2174 928 2238 in
1002 2196 1210 2241 vacuo
1283 2174 1467 2241 nulla
1541 2180 1641 2239 est
1713 2172 2060 2239 inclinatio
2135 2171 2472 2250 naturalis,
2548 2191 2670 2237 nec
2743 2170 2967 2257 aliqua

856 2282 1115 2359 natura,
1188 2282 1267 2345 ut
1342 2276 1735 2344 Aristoteles
1821 2275 1998 2353 dicit,
2079 2296 2234 2362 ergo
2307 2295 2446 2341 non
2535 2275 2756 2359 potest
2829 2295 2965 2339 esse

859 2376 932 2443 in
975 2402 1195 2447 rerum
1241 2380 1471 2447 ordine
1488 2378 1513 2417 ⁴
1557 2376 1873 2445 naturali.

950 2482 1222 2562 Iterum,
1284 2483 1343 2550 si
1402 2504 1686 2549 vacuum
1732 2486 1923 2562 esset,
1977 2484 2058 2547 ut
2117 2478 2370 2547 dietum
2431 2482 2552 2560 est,
2599 2498 2737 2543 non
2797 2480 2966 2543 esset

856 2583 1081 2672 aliqua
1138 2586 1349 2651 forma
1409 2584 1732 2651 natm-alis
1797 2583 2034 2649 uniens
2098 2582 2241 2669 ejus
2307 2586 2546 2667 partes,
2611 2579 2728 2645 sed
2789 2600 2966 2665 quae·

855 2687 1023 2753 libet
1084 2710 1236 2774 pars
1300 2688 1495 2753 vacui
1539 2693 1709 2753 esset
1769 2687 1842 2752 in
1902 2691 2054 2753 actu
2115 2686 2401 2751 discreta
2467 2684 2554 2749 ab
2621 2683 2768 2759 alia,
2815 2704 2964 2748 cum

856 2790 1108 2855 nullam
1167 2789 1445 2857 formam
1505 2790 1878 2857 naturalem
1923 2790 2266 2855 unientem
2313 2809 2424 2853 eas
2439 2782 2466 2821 ⁵
2541 2786 2616 2851 in
2659 2808 2778 2851 suo
2822 2790 2966 2851 toto

857 2893 1197 2974 haberent,
1246 2894 1405 2980 quia
1470 2893 1545 2959 in
1588 2915 1797 2960 vacuo
1865 2893 2051 2960 nulla
2110 2895 2354 2958 natura
2419 2895 2538 2971 est,
2585 2890 2700 2956 sed
2746 2893 2967 2975 partes

856 2996 931 3062 in
974 2997 1155 3062 omni
1219 3002 1471 3083 quanto
1540 3002 1697 3062 sunt
1771 2996 2098 3075 infinitae;
2171 2998 2240 3060 et
2306 2993 2430 3060 hoo
2499 2993 2574 3058 in
2645 2991 2964 3078 potentia,

856 3099 1123 3186 quando
1196 3105 1356 3165 sunt
1428 3098 1639 3166 unitae
1706 3121 1824 3186 per
1883 3097 2162 3164 formam
2231 3097 2452 3162 totius.
2569 3094 2750 3182 Ergo
2803 3111 2966 3160 ‘cum

855 3225 989 3269 non
1062 3207 1338 3290 possunt
1411 3201 1589 3268 uniri
1664 3202 1737 3266 in
1811 3223 2022 3268 vacuo
2103 3221 2222 3288 per
2295 3199 2586 3285 aliquam
2669 3197 2977 3280 formam,

856 3311 1053 3372 erunt
1096 3306 1381 3372 infinitae
1426 3305 1501 3370 in
1546 3310 1741 3384 actu;
1805 3304 1985 3391 quod
2029 3308 2133 3369 est
2177 3301 2596 3388 impossibile.

946 3410 1222 3490 Iterum,
1270 3409 1325 3476 si
1402 3409 1584 3474 trina
1645 3407 1966 3473 dimensio
2025 3427 2144 3494 per
2203 3427 2272 3471 se
2337 3409 2547 3470 staret
2611 3405 2754 3472 sine
2813 3402 2966 3470 sub-

852 3515 1104 3582 stantia
1160 3511 1478 3603 corporali
1552 3513 1792 3599 aliqua,
1825 3508 1853 3547 ⁶
1924 3516 2088 3576 tunc
2169 3531 2306 3576 non
2389 3513 2560 3575 esset
2645 3508 2961 3588 accidens,

854 3621 1013 3705 quia
1070 3619 1367 3685 accidens
1442 3638 1575 3684 non
1650 3620 1872 3703 potest
1945 3635 2064 3701 per
2135 3635 2204 3678 se
2279 3616 2492 3694 stare3
2565 3633 2723 3700 ergo
2795 3615 2965 3678 esset

854 3720 1231 3786 substantia
1322 3720 1436 3786 sed
1529 3738 1663 3784 non
1750 3719 2170 3803 incorporea3
2261 3736 2417 3801 ergo
2489 3719 2662 3780 esset
2735 3735 2966 3800 eorpus

854 3823 1136 3908 aliquod,
1215 3827 1285 3887 ot
1358 3823 1455 3886 ita
1530 3825 1701 3886 esset
1767 3821 2035 3907 plenum
2111 3817 2226 3898 ibi,
2292 3839 2428 3883 non
2502 3839 2804 3897 vacuum,
2854 3815 2964 3882 vel

854 3925 1269 4006 elementum,
1317 3923 1425 3988 vel
1470 3923 1667 3989 aliud.

944 4024 1217 4108 Iterum,
1266 4026 1442 4112 quod
1514 4047 1653 4091 non
1713 4029 1907 4094 extra
1967 4023 2206 4094 ooelum
2267 4020 2508 4113 possit⁷
2551 4043 2709 4103 esse,
2759 4019 2960 4089 dioit⁸

920 4377 1158 4447 'quar-co]
1198 4385 1375 4445 quarto
1408 4377 1639 4444 capitulo,
1674 4377 1733 4428 B.
2015 4374 2034 4405 ⁵
2055 4375 2290 4426 unientem
2351 4371 2464 4440 eas]
2537 4385 2622 4424 eas
2687 4371 2956 4432 unientem,

916 4465 936 4492 ⁸
958 4461 1116 4527 modo]
1155 4476 1251 4512 om.
1284 4461 1345 4511 B.
1949 4452 2012 4506 Τ.

916 4543 935 4571 ⁸
969 4557 1169 4592 vacuum
1211 4578 1222 4591 .
1265 4577 1279 4592 .
1319 4577 1334 4591 .
1376 4536 1589 4605 salvari]
1633 4551 1847 4589 vacnum
2012 4550 2033 4579 ο
2055 4548 2251 4616 aliqua]
2291 4547 2404 4610 311⁸,
2437 4545 2497 4598 L,

848 4634 955 4673 esse
977 4621 1121 4672 aliter
1142 4621 1342 4681 calvari,
1362 4617 1455 4680 B.;
1488 4633 1705 4670 vacuum
1724 4631 1848 4679 esse,
2010 4642 2028 4670 v
2139 4642 2231 4707 αἳ]
2271 4648 2436 4706 posset
2487 4639 2532 4691 B

848 4701 993 4752 aliter
1008 4717 1129 4762 esne,
1152 4700 1297 4754 alioer
1316 4699 1517 4760 salvari,
1550 4699 1611 4750 L.
2009 4739 2028 4768 ⁸
2045 4657 2151 4788 2⁰⁸.
2435 4677 2452 4705 ³
2537 4671 2549 4690 ⁴

916 4781 933 4811 ⁴
956 4796 1112 4832 rerum
1132 4778 1325 4844 ordine]
1363 4779 1535 4831 ordine
1556 4793 1738 4838 rerum,
1763 4777 1826 4828 T.
2085 4739 2194 4804 ἀι]
2233 4755 2330 4790 ⁰¹²¹·
2365 4739 2427 4790 Β·
