3517 5750
533 909 668 996 xz]
1346 919 1702 974 aprunum
1744 923 1793 977 1.
2498 909 2621 972 551

531 1097 789 1176 assatio,
854 1098 1086 1164 doneci
1101 1100 1506 1177 ncerentur3
1567 1093 1712 1163 hoc'
1737 1100 1839 1162 est
1883 1103 1963 1163 ut
2010 1094 2329 1162 uniantur
2381 1102 2619 1182 partes,

529 1198 702 1265 sicut
766 1200 840 1263 in
925 1220 1086 1264 cera.
1209 1199 1302 1264 Et
1374 1197 1640 1285 signum
1724 1197 2149 1264 incerationis
2244 1203 2361 1278 est,
2445 1198 2623 1284 quod

527 1300 851 1365 medicina
893 1299 1194 1386 liquescit
1238 1319 1435 1386 super
1485 1298 1730 1364 ferrum
1783 1299 1979 1365 valde
2008 1299 2296 1386 ignitum
2323 1325 2341 1381 ;
2388 1299 2625 1364 deinde

529 1405 812 1486 ponatur
852 1400 927 1465 in
971 1401 1200 1466 eadem
1245 1421 1419 1487 aqua
1461 1400 1535 1464 in
1581 1401 1723 1466 loco
1770 1401 1983 1466 calido
2027 1406 2098 1467 et
2158 1399 2444 1479 humido,
2506 1406 2629 1467 aut

529 1501 936 1588 supendatur
978 1503 1052 1567 in
1078 1523 1322 1589 vapore
1365 1523 1682 1587 aquarum
1711 1503 1907 1568 valde
1952 1502 2345 1582 calidarum3
2391 1502 2627 1568 deinde

527 1603 992 1682 dissolvantur,
1041 1608 1111 1670 et
1175 1603 1604 1689 congelentur
1647 1604 1733 1669 ad
1778 1605 1997 1671 solem.
2120 1603 2295 1669 Dein
2353 1605 2625 1690 accipies

525 1703 624 1768 sal
667 1708 886 1790 petrae,
943 1709 1012 1770 et
1071 1709 1418 1792 argentum
1457 1705 1688 1770 vivum
1750 1710 2091 1771 convertes
2138 1705 2209 1769 in
2260 1704 2623 1791 plumbum,

529 1808 601 1870 et
645 1805 887 1871 iterum
938 1805 1286 1893 plumbum
1331 1826 1408 1871 eo
1452 1805 1709 1870 lavabis
1755 1809 1824 1871 et
1870 1805 2347 1886 mundificabis,
2408 1809 2489 1869 ut
2532 1805 2624 1870 sit

524 1906 824 1993 proxima
876 1913 1164 1995 argento,
1211 1913 1280 1973 et
1313 1910 1474 1972 tunc
1517 1927 1789 1993 operare
1832 1911 1911 1973 ut
1954 1907 2153 1994 prius.
2242 1907 2417 1972 Item
2462 1926 2625 1992 pon-

527 2007 651 2073 dus
717 2012 938 2074 totum
1012 2008 1100 2074 sit
1167 2011 1272 2076 80.
1395 2007 1528 2073 Sed
1601 2012 1829 2074 tamen
1902 2009 2000 2073 sal
2072 2011 2279 2096 petrae
2355 2005 2620 2072 LURU

527 2107 770 2200 YOPO
839 2109 1004 2175 VIR
1070 2109 1261 2178 CAN
1305 2107 1646 2176 VTRIET
1667 2108 1690 2148 ¹
1739 2109 2113 2195 sulphuris;
2159 2113 2227 2174 et
2271 2108 2363 2174 sic
2420 2107 2618 2175 facies

523 2211 894 2276 tonitruum
940 2215 1010 2276 et
1054 2211 1587 2289 coruscationem,
1621 2210 1679 2275 si
1723 2211 1889 2277 scias
1918 2209 2288 2274 artificium.
2380 2209 2620 2276 Videas

527 2315 750 2377 tamen
793 2316 1020 2377 utrum
1063 2313 1297 2398 loquar
1355 2311 1708 2398 aenigmate
1782 2316 1901 2376 aut
1961 2311 2319 2377 secundum
2378 2311 2621 2376 verita-

433 2472 437 2476 .
523 2416 676 2479 tem.
798 2413 890 2479 Et
933 2413 1140 2500 aliqui
1213 2413 1712 2480 aestimaverunt
1787 2411 1996 2477 aliter.
2116 2411 2293 2476 Nam
2368 2412 2621 2476 dictum

521 2520 627 2579 est
690 2513 856 2579 mihi
915 2515 1092 2598 quod
1167 2513 1404 2579 debeas
1477 2511 1800 2578 resolvere
1861 2513 2084 2578 omnia
2142 2513 2229 2578 ad
2274 2513 2618 2578 materiam

523 2615 819 2701 primam,
869 2615 952 2682 de
1018 2636 1148 2701 qua
1191 2615 1393 2681 babes
1436 2613 1542 2680 bis
1581 2614 1668 2680 ab
1739 2613 2099 2679 Aristotele
2142 2615 2213 2677 in
2272 2613 2430 2686 locis
2474 2616 2619 2680 vul-

521 2715 694 2803 gatis
737 2722 808 2782 ct
865 2716 1176 2782 famosis.
1223 2719 1490 2817 propter
1533 2715 1711 2801 quod
1770 2719 1970 2780 taceo.
2092 2713 2184 2780 Et
2226 2735 2377 2780 cum
2420 2715 2619 2781 istam

524 2817 846 2897 habueris,
925 2823 1086 2885 tunc
1159 2816 1430 2883 habebis
1505 2837 1670 2903 pura
1757 2815 2085 2881 elementa
2160 2815 2483 2903 simplicia
2551 2822 2619 2884 et

523 2920 846 3005 aequalia;
923 2924 990 2986 et
1035 2920 1160 2986 hoc
1217 2920 1412 2985 facies
1487 2939 1604 3005 per
1655 2938 1757 2983 res
1826 2918 2185 2985 contrarias
2260 2923 2329 2984 et
2402 2921 2619 2986 varias

523 3022 951 3110 operationes,
998 3044 1162 3108 quas
1206 3020 1389 3108 prius
1457 3019 1692 3085 vocavi
1755 3020 1971 3085 claves
2038 3019 2214 3086 altis.
2330 3020 2423 3086 Et
2466 3022 2620 3087 Ari-

527 3123 760 3190 toteles
841 3123 1020 3201 dicit,
1099 3123 1274 3208 quod
1357 3120 1702 3207 aequalitas
1785 3122 2236 3207 potentiarum
2326 3123 2623 3189 excludit

525 3226 868 3303 actionem,
901 3229 972 3289 et
1017 3224 1386 3311 passionem
1431 3227 1502 3287 et
1545 3222 2045 3307 corruptionem.
2139 3222 2232 3287 Et
2286 3222 2409 3287 hoc
2460 3224 2622 3290 dicit

524 3326 850 3393 Averroes
908 3324 1320 3410 reprobando
1367 3322 1732 3389 Galienum.
1872 3322 1967 3385 Et
2043 3323 2181 3387 haec
2256 3322 2624 3390 aestimatur

526 3426 880 3514 simplicior
926 3424 1256 3489 medicina
1315 3444 1464 3509 quse
1507 3422 1783 3510 reperim
1848 3426 2084 3509 potest,
2132 3428 2202 3487 et
2245 3423 2510 3508 purior3
2554 3430 2623 3490 et

523 3529 666 3595 haec
711 3526 890 3593 valet
935 3528 1164 3592 contra
1228 3522 1457 3601 febre-⁸³,
1524 3526 1593 3589 et
1657 3522 1991 3609 passiones
2053 3522 2278 3604 animi,
2342 3528 2411 3589 et
2488 3546 2624 3591 cor-

524 3629 714 3716 poris.

614 3729 826 3799 Vale.⁸

617 3833 708 3898 Et
751 3830 1122 3918 quicunque
1163 3828 1306 3895 haec
1379 3826 1782 3905 reseraverit,
1846 3826 2117 3892 habebit
2178 3828 2429 3893 clavem
2474 3852 2624 3915 quse

527 3934 754 4025 aperit,
830 3938 900 3999 et
985 3952 1180 3997 nemo
1255 3928 1545 3996 claudit:
1633 3933 1703 3995 et
1780 3950 1985 4015 quum
2060 3928 2367 3997 clauserit
2430 3952 2623 3998 nemo

525 4038 796 4127 aperiet.

529 4236 892 4327 Eaffllicuit
965 4232 1276 4325 Epistola
1333 4231 1629 4300 Bacenis
1703 4233 1787 4301 do
1864 4234 2128 4303 seeretis
2204 4241 2479 4302 maturae
2567 4242 2628 4302 et

705 4336 900 4417 arr-tie,
978 4343 1040 4404 et
1113 4336 1196 4403 dc
1271 4333 1598 4403 nullitate
1671 4332 1968 4423 may‘lcae,
2046 4335 2141 4405 ad
2202 4336 2628 4405 Gulielmmn

703 4438 1178 4509 Pom-ieiemem
1237 4434 1627 4524 comm-ipta.

595 4642 610 4672 ¹
633 4639 774 4691 Lura
793 4676 806 4691 .
846 4674 860 4689 .
897 4675 912 4691 .
933 4638 1104 4703 afflat]
1145 4642 1223 4685 KB
1246 4641 1327 4685 ΚΑ
1349 4636 1532 4701 *hopes
1683 4636 1702 4667 ²
1721 4636 1954 4708 corporis.
2020 4633 2169 4705 Vale]
2209 4634 2431 4706 corporis
2464 4636 2625 4699 valde,

527 4720 734 4787 Ροαδικιε
758 4724 848 4775 er.
871 4718 953 4773 vel
973 4713 1362 4779 PHOEBISS„
1387 4715 1500 4769 MS.
1620 4713 1726 4775 tui·
