3517 5750
604 820 833 905 Lx111.]
1449 836 1623 886 OPUS
1669 836 1991 885 TERTIUM.
2578 823 2710 887 263

601 1034 686 1079 ex
746 1034 879 1099 qua
937 1032 1137 1077 nasus
1190 1010 1387 1075 rubet
1448 1010 1743 1076 anterius
1805 1017 1874 1078 et
1939 1012 2216 1077 inflatur
2285 1034 2361 1077 ac
2429 1013 2487 1077 si
2539 1018 2712 1079 esset

604 1116 915 1202 leprosuS,
962 1118 1189 1180 tamen
1235 1136 1370 1179 non
1414 1114 1517 1191 sit,
1568 1114 1682 1179 sed
1725 1114 1958 1179 similis
2007 1115 2082 1181 ei.

695 1216 730 1283 i
788 1221 945 1282 ante
973 1238 1015 1283 r
1043 1216 1403 1294 breviatur,
1427 1221 1508 1281 ut
1542 1215 1858 1297 butirum,
1899 1218 2258 1283 secundm
2285 1217 2582 1284 Macrum
2627 1222 2698 1283 et

614 1320 923 1397 Statium,
958 1323 1028 1385 et
1054 1320 1410 1385 secundum
1442 1318 1759 1385 Graecum.
1855 1318 1946 1385 Et
1979 1320 2229 1406 obliqui
2259 1320 2374 1387 isti
2410 1320 2712 1387 brevian-

608 1419 750 1486 tu'r:
794 1422 1072 1504 Gadiris,
1104 1420 1418 1502 semiviri,
1447 1422 1863 1507 septemviri3
1910 1422 2026 1487 sed
2054 1422 2102 1486 J
2103 1424 2280 1487 airus
2309 1425 2706 1509 producitur.

696 1523 731 1589 i
794 1530 949 1589 ante
994 1546 1028 1589 s
1089 1525 1454 1609 corripitur,
1522 1528 1604 1588 ut
1664 1525 1939 1589 anisum.
2056 1526 2499 1612 Excipiuntur
2561 1549 2712 1613 quse

608 1618 769 1678 nota
812 1620 983 1679 sunt.

696 1715 731 1781 v:
774 1720 929 1781 ante
974 1722 1002 1781 t
1045 1717 1373 1802 longatur,
1421 1719 1502 1780 ut
1552 1714 1874 1795 Tesbites,
1925 1714 2325 1798 sunamites,
2372 1716 2704 1797 Gochitus,

605 1817 1200 1904 hermaphroditus,
1262 1816 1563 1894 lechitus,
1609 1818 1954 1904 parasitus,
2005 1820 2120 1905 qui
2165 1823 2268 1884 est
2310 1820 2572 1899 lecator,
2639 1825 2709 1886 et

607 1918 992 1996 demolitus,
1042 1918 1219 2005 quod
1286 1919 1646 2005 aliquando
1715 1920 1949 1999 active,
2019 1921 2375 2007 aliquando
2447 1923 2708 2008 passive

609 2022 942 2108 accipitur,
992 2020 1243 2087 oblitus
1288 2021 1375 2085 ab
1452 2020 1808 2087 obliviscor
1823 2048 1852 2103 ,·
1899 2022 2014 2087 sed
2061 2022 2311 2089 oblitus
2355 2024 2438 2090 ab
2485 2023 2712 2091 oblimo

607 2124 962 2189 breviatur.
1040 2122 1370 2191 Ambitus
1415 2124 1838 2210 participium
1877 2126 2279 2211 producitur,
2312 2126 2428 2191 sed
2466 2148 2711 2193 nomen

606 2226 961 2292 breviatur.
1055 2224 1103 2290 I
1102 2225 1517 2293 dolothitum
1581 2227 1938 2295 breviatur.
2041 2227 2220 2291 Nam
2273 2226 2416 2293 thio
2463 2228 2707 2309 Graece,

608 2329 785 2415 quod
831 2333 931 2395 est
974 2327 1281 2415 sacmflco
1329 2329 1585 2410 Latine,
1632 2330 1836 2395 habet
1879 2330 2159 2415 primam
2205 2329 2486 2395 brevem.

691 2428 725 2495 i
770 2435 929 2496 ante
972 2452 1017 2497 v
1061 2430 1464 2519 producitur,
1514 2432 1938 2518 excipiuntur
1990 2430 2258 2510 Ninive,
2306 2433 2592 2511 semivir,
2640 2437 2711 2498 et

610 2532 892 2597 velivox.

700 2655 739 2698 ο
783 2639 940 2700 ante
975 2656 1009 2700 c
1037 2635 1398 2717 breviatur,
1431 2640 1513 2701 ut
1545 2634 1966 2722 Cappadoces
1994 2636 2356 2703 secundum
2393 2641 2708 2715 auctores,

610 2740 681 2801 et
710 2736 1057 2803 mediocris
1087 2738 1162 2803 in
1191 2760 1401 2825 prosa,
1432 2739 1790 2804 secundum
1822 2738 2234 2804 Priscianum
2266 2739 2349 2803 de
2380 2739 2692 2805 Accentu.

699 2861 738 2905 ο
782 2844 939 2906 ante
1004 2838 1053 2906 d
1112 2840 1475 2920 breviatur,
1552 2846 1633 2908 ut
1695 2841 1767 2906 in
1829 2841 2002 2928 Lege
2046 2841 2475 2930 chiropodes3
2539 2842 2714 2908 exci-

608 2942 887 3034 piuntur
933 2965 1080 3029 quae
1124 2947 1287 3008 nota
1331 2949 1502 3008 sunt.

700 3067 737 3110 ο
779 3050 935 3110 ante
966 3045 1012 3131 j
1055 3044 1410 3124 breviatur,
1458 3049 1541 3110 ut
1585 3045 1879 3126 Golofon,
1928 3045 2264 3111 Demofon.

700 3169 737 3212 o
804 3152 963 3213 ante
1027 3169 1083 3213 ‘n
1142 3148 1544 3234 producitur,
1628 3153 1709 3214 ut
1784 3148 2040 3213 Adonis
2106 3148 2181 3212 in
2244 3148 2602 3231 Ezechiele,
2647 3154 2716 3215 et

612 3249 875 3315 Orionis
918 3249 994 3314 in
1038 3251 1235 3330 Isaia‚
1286 3255 1355 3316 et
1397 3251 1471 3315 in
1514 3250 1563 3316 J
1565 3250 1663 3314 ob.
1760 3249 1896 3315 Sed
1957 3251 2352 3316 breviantur
2394 3252 2598 3316 iconis
2629 3251 2716 3317 ab

610 3353 776 3432 icon,
853 3353 1029 3438 quod
1106 3357 1209 3418 est
1289 3353 1523 3439 imagO,
1602 3359 1671 3418 et
1759 3352 2162 3417 Philemonis
2237 3375 2278 3417 a
2351 3353 2712 3419 Philemon.

616 3453 793 3522 Nam
838 3456 913 3519 in
958 3455 1183 3521 Graeco
1228 3456 1478 3520 habent
1523 3477 1563 3522 ο
1604 3455 1819 3522 breve.

702 3578 738 3623 ο
784 3563 941 3623 ante
994 3579 1051 3645 p
1115 3558 1454 3624 breviatur
1517 3579 1786 3645 semper,
1851 3555 2179 3643 excipitur
2222 3556 2560 3643 hyssopus,
2603 3559 2718 3644 qui

610 3681 952 3745 nunquam
998 3661 1243 3747 poterit
1286 3660 1597 3740 breviari,
1627 3661 1783 3747 quia
1823 3658 2131 3725 scribitur
2175 3682 2292 3747 per
2336 3681 2374 3724 ο
2401 3660 2717 3748 longum3

611 3767 681 3828 et
726 3762 873 3827 ideo
920 3785 1149 3828 versus
1214 3763 1729 3851 grammaticalis
1775 3761 1978 3828 falsus
2030 3765 2151 3843 est,
2199 3762 2314 3848 qui
2359 3761 2717 3848 aliquando

610 3863 897 3930 breviari
944 3866 1259 3946 concedit,
1294 3867 1546 3931 dicens:

769 4009 806 4039 “
840 4005 1189 4092 Hyssopus
1234 4011 1336 4071 est
1381 4005 1601 4086 herba,
1650 4007 1936 4093 hyssopo
1984 4006 2318 4093 spargitur
2362 4007 2598 4076 unda.”

612 4146 746 4250 Sed
819 4151 1119 4212 auctores
1194 4147 1572 4236 producunt
1659 4168 1779 4234 pro
1855 4147 2073 4212 herba.
2167 4147 2366 4216 Unde
2441 4148 2720 4214 Bernar-

614 4247 737 4312 dus
784 4247 1141 4314 Silvester:

784 4382 821 4410 “
844 4375 1133 4450 Pectoris
1176 4375 1383 4452 herba
1424 4398 1616 4446 cavas
1658 4398 1856 4464 rupes
1897 4375 2137 4442 incidit
2178 4375 2523 4464 hysopus.”

616 4505 708 4572 Et
786 4529 935 4572 cum
1035 4509 1361 4596 hyssopus
1450 4530 1570 4604 pro
1661 4509 2020 4599 aspersorio
2097 4505 2394 4592 fingatur
2465 4507 2721 4594 longari

616 4615 885 4697 propter
914 4611 1080 4676 illud
1108 4611 1355 4676 Psalmi
1384 4612 1490 4676 li.:
1543 4617 1579 4646 “
1604 4610 1934 4697 Asperges
1963 4631 2086 4690 me,
2120 4607 2421 4687 Domine,
2441 4609 2724 4698 hyssopo

620 4716 655 4746 “
709 4717 777 4776 et
823 4711 1248 4791 mundabor,”
1301 4735 1480 4779 error
1523 4718 1669 4794 est3
1737 4733 1891 4778 nam
1937 4710 2034 4776 ibi
2079 4711 2364 4777 sumitur
2405 4711 2726 4800 hyssopus

616 4835 737 4899 pro
783 4813 1003 4899 herba,
1050 4816 1223 4882 sicut
1268 4816 1720 4903 Hieronymus
1765 4815 2038 4904 exponit
2079 4813 2268 4880 illum
2312 4835 2589 4882 versum.
