3517 5750
626 880 783 967 v11.]
1306 888 1774 942 couri-mmm
1815 887 2068 939 srmm.
2593 870 2728 937 453

623 1066 1022 1135 authenticus
1088 1072 1160 1134 et
1220 1066 1529 1153 antiquae.
1592 1063 1799 1130 Verbi
1857 1062 2090 1150 gratia,
2183 1080 2409 1127 omnes
2491 1060 2726 1129 Bibliae

622 1171 909 1236 multum
969 1170 1277 1256 antiquae,
1342 1173 1413 1234 et
1476 1166 1632 1232 libri
1695 1170 2087 1244 sanctorum,
2141 1168 2211 1230 et
2276 1183 2502 1229 omnes
2565 1164 2722 1229 libri

624 1272 943 1339 Prisciani
994 1270 1271 1357 antiqui,
1318 1274 1389 1336 et
1430 1268 1581 1336 libri
1644 1266 1866 1349 Plinii,
1929 1271 1998 1332 ct
2039 1267 2194 1332 libri
2251 1266 2610 1343 medicinae‚
2655 1272 2726 1333 et

624 1375 741 1441 alii
814 1394 1039 1441 omnes
1102 1374 1177 1439 in
1243 1370 1425 1439 omni
1487 1370 1805 1435 facultate
1864 1372 2154 1435 utuntur
2217 1369 2342 1435 hoc
2406 1370 2728 1436 vocabulo

628 1475 965 1542 orichalco
1076 1474 1216 1541 Ubi
1260 1492 1416 1540 vero
1459 1493 1577 1559 per
1618 1471 1738 1537 hos
1782 1474 2094 1551 auctores,
2141 1470 2392 1537 scilicet
2435 1472 2730 1558 Papiam,

630 1576 1106 1665 Hugutionem,
1152 1580 1223 1643 et
1284 1573 1645 1653 Britonem‚
1691 1572 2010 1661 vulgatur
2071 1571 2480 1639 auricalcum.
2573 1572 2733 1639 Non

629 1679 841 1745 solum
886 1700 1043 1745 vero
1088 1700 1207 1767 per
1248 1677 1555 1763 antiquos
1599 1679 1830 1741 textus
1871 1673 1949 1739 in
1993 1674 2174 1741 omni
2235 1674 2551 1741 facultate
2609 1676 2734 1741 hoc

628 1781 963 1868 probatur,
1033 1780 1149 1846 sed
1191 1800 1311 1867 per
1354 1798 1561 1845 novos
1603 1777 1808 1843 libros
1869 1781 2214 1863 poetarum
2275 1781 2347 1844 et
2406 1778 2730 1863 antiquos,

628 1884 703 1948 in
746 1883 1003 1970 quibus,
1048 1881 1305 1949 ratione
1348 1879 1566 1958 metri,
1612 1878 2024 1945 concluditur
2075 1879 2250 1965 quod
2317 1900 2456 1944 non
2513 1882 2735 1967 potest

630 1984 758 2051 dici
800 1983 1197 2052 auricalcum
1240 1983 1357 2050 sed
1400 1979 1810 2059 orichalcum,
1903 1978 2104 2047 Unde
2151 1980 2476 2047 Horatius
2493 2004 2511 2047 ε
2528 1979 2549 2018 ¹

796 2168 833 2199 “
855 2162 1049 2229 Tibia
1090 2182 1227 2229 non
1269 2164 1350 2227 ut
1392 2180 1568 2224 nunc
1609 2156 1932 2225 orichalco
1965 2156 2206 2244 juncta
2246 2156 2614 2245 tubaeque.”

632 2334 707 2401 Si
751 2339 921 2401 esset
986 2332 1083 2401 ibi
1157 2330 1615 2411 auricalcum,
1676 2335 1849 2397 esset
1905 2352 2134 2397 versus
2197 2330 2735 2399 inexcusabiliter

630 2436 923 2625 ἶέξοῖἶιε.
1044 2432 1369 2503 Similiter
1428 2431 1738 2520 Virgilius
1783 2432 2170 2500 duodecimo
2213 2433 2527 2501 AEneidos
2571 2434 2737 2501 dicit

770 2720 805 2751 “
838 2714 991 2803 Ipse
1036 2714 1275 2781 dehinc
1317 2734 1480 2779 auro
1524 2714 1935 2800 squalentem
1979 2714 2259 2802 alboque
2302 2715 2679 2785 orichalco.”

634 2900 726 2966 Et
776 2899 929 2966 ideo
994 2899 1308 2986 magister
1351 2896 1399 2964 J
1400 2898 1689 2964 ohannes
1755 2899 1838 2964 de
1901 2897 2262 2966 Garlandia
2319 2902 2730 2991 vituperavit
2751 2915 3018 2969 Johmneu

634 3021 877 3080 omnes,
923 2999 1098 3066 sicut
1149 3019 1271 3086 ego
1314 2998 1403 3064 ab
1446 3000 1587 3086 ejus
1632 3021 1745 3066 ore
1787 2999 2029 3066 audivi.
2122 3001 2208 3068 In
2251 3003 2732 3092 significatione
2751 2983 3052 3102 ‹gt-Garm-

632 3124 789 3168 vero
818 3106 889 3168 et
932 3100 1477 3188 interpretatione
1520 3106 1763 3167 errant.
1822 3101 1992 3170 Cum
2021 3104 2198 3170 enim
2243 3105 2474 3172 dicunt
2515 3108 2733 3195 ipsum

634 3203 918 3270 derivari
960 3203 1047 3268 ab
1090 3223 1287 3284 auro,
1317 3203 1443 3269 hoc
1484 3221 1625 3270 esse
1666 3225 1805 3270 non
1847 3209 2084 3292 potest,
2115 3206 2274 3293 quia
2313 3229 2450 3274 non
2494 3209 2736 3277 dicitur

634 3306 1026 3372 auricalcum
1055 3305 1172 3372 sed
1201 3305 1609 3371 orichalcum.
1674 3305 1810 3372 Sed
1837 3307 1995 3391 quia
2023 3314 2410 3376 erraverunt
2451 3312 2526 3376 in
2553 3334 2733 3392 voce,

634 3408 783 3473 ideo
825 3411 1051 3473 errant
1094 3405 1169 3471 in
1212 3407 1637 3472 derivatione.
1729 3405 1924 3488 Quod
1969 3407 2170 3473 etiam
2233 3408 2540 3498 Hugutio
2583 3415 2736 3480 vult

636 3509 811 3595 quod
864 3507 1123 3575 dicatur
1166 3529 1207 3573 a
1252 3507 1481 3590 calcos,
1528 3508 1705 3594 quod
1772 3511 1874 3574 est
1935 3508 2200 3590 malum,
2247 3512 2433 3598 quasi
2497 3535 2734 3581 aurum

635 3611 899 3689 malum,
946 3611 1103 3696 quia
1162 3631 1297 3676 non
1342 3608 1546 3676 habet
1588 3609 1718 3676 nisi
1760 3610 2041 3676 colorem
2107 3613 2269 3692 auri,
2333 3613 2573 3680 falsum
2631 3622 2734 3684 est

634 3713 797 3794 hoc;
843 3712 999 3798 quia
1027 3711 1386 3778 secundum
1432 3709 1692 3778 Graecos
1738 3711 1981 3778 dicitur
2023 3735 2066 3778 a
2106 3716 2364 3800 χαλκὸς,
2412 3719 2590 3803 quod
2633 3726 2735 3787 est

635 3836 771 3897 aes3
858 3814 1035 3880 unde
1078 3818 1181 3880 est
1222 3833 1313 3880 ωε
1357 3813 1792 3900 splendidum.
1886 3813 2178 3882 Isidorus
2194 3815 2223 3853 ⁹
2287 3817 2492 3884 etiam
2555 3821 2736 3889 cadit

635 3917 710 3980 in
775 3915 1020 3981 vitium
1086 3914 1368 3980 istorum
1434 3914 1861 4001 antiquorum
1925 3915 2000 3980 in
2065 3922 2270 4004 parte,
2341 3921 2498 4006 quia
2562 3923 2736 3990 sesti-

637 4017 865 4082 mabat
906 4015 1083 4102 quod
1128 4023 1623 4104 componeretur
1668 4018 1754 4083 ab
1799 4039 1960 4084 auro
2003 4023 2076 4085 et
2117 4018 2340 4103 calcos,
2398 4024 2576 4109 quod
2635 4031 2736 4092 est

637 4139 745 4184 aes.
792 4163 797 4170 -
839 4117 1140 4185 Secunda
1212 4139 1364 4204 pars
1438 4139 1595 4183 vera
1668 4122 1788 4198 est,
1854 4119 1970 4185 sed
2033 4120 2244 4206 prima
2309 4143 2444 4188 non
2517 4130 2736 4212 potest

637 4221 865 4286 teneri.
956 4218 1147 4284 Brito
1220 4238 1378 4284 vero
1452 4223 1521 4282 et
1592 4217 1697 4283 sui
1771 4219 1930 4285 socii
2001 4221 2320 4307 praedicti,
2384 4230 2506 4291 aut
2571 4227 2738 4292 falsa

639 4321 870 4387 dicunt
942 4341 1097 4401 esse,
1152 4325 1271 4385 aut
1330 4319 1612 4406 propria,
1675 4324 1798 4385 aut
1861 4321 2178 4389 deficiunt
2243 4324 2314 4388 in
2343 4329 2738 4395 -necessmia

709 4739 725 4769 ¹
746 4737 1019 4804 Horatius]
1045 4738 1152 4789 Ars
1172 4737 1316 4790 Post.
1340 4743 1455 4790 202.
1682 4738 1696 4808 Ι
1789 4743 1811 4772 ²
1831 4741 2078 4810 Isidorus]
2105 4743 2276 4812 Etym.
2301 4745 2406 4798 xvi.
2429 4753 2510 4799 20.
