<?xml version="1.0" encoding="UTF-8"?>
<!DOCTYPE html PUBLIC "-//W3C//DTD XHTML 1.0 Transitional//EN"
    "http://www.w3.org/TR/xhtml1/DTD/xhtml1-transitional.dtd">
<html xmlns="http://www.w3.org/1999/xhtml" xml:lang="en" lang="en">
 <head>
  <title>
</title>
<meta http-equiv="Content-Type" content="text/html;charset=utf-8" />
  <meta name='ocr-system' content='tesseract 3.04.00' />
  <meta name='ocr-capabilities' content='ocr_page ocr_carea ocr_par ocr_line ocrx_word'/>
</head>
<body>
  <div class='ocr_page' id='page_1' title='image "./frrogeribaconop00brewgoog_0244.png"; bbox 0 0 3517 5750; ppageno 0'>
   <div class='ocr_carea' id='block_1_1' title="bbox 574 900 2671 990">
    <p class='ocr_par' dir='ltr' id='par_1_1' title="bbox 574 900 2671 990">
     <span class='ocr_line' id='line_1_1' title="bbox 574 900 2671 990; baseline -0.003 -20"><span class='ocrx_word' id='word_1_1' title='bbox 574 902 905 990; x_wconf 74' lang='lat' dir='ltr'><strong>xxxvm]</strong></span> <span class='ocrx_word' id='word_1_2' title='bbox 1356 918 1531 969; x_wconf 78' lang='lat' dir='ltr'><strong>orus</strong></span> <span class='ocrx_word' id='word_1_3' title='bbox 1574 916 1894 967; x_wconf 75' lang='lat' dir='ltr'><strong>rsn‘rlmr.</strong></span> <span class='ocrx_word' id='word_1_4' title='bbox 2547 900 2671 965; x_wconf 84' lang='lat'><strong>131</strong></span> 
     </span>
    </p>
   </div>
   <div class='ocr_carea' id='block_1_2' title="bbox 551 1090 2678 1369">
    <p class='ocr_par' dir='ltr' id='par_1_2' title="bbox 551 1090 2678 1369">
     <span class='ocr_line' id='line_1_2' title="bbox 570 1090 2676 1183; baseline -0.003 -23"><span class='ocrx_word' id='word_1_5' title='bbox 570 1116 689 1183; x_wconf 89' lang='lat' dir='ltr'><strong>pro</strong></span> <span class='ocrx_word' id='word_1_6' title='bbox 730 1093 1058 1181; x_wconf 72' lang='lat' dir='ltr'><strong>singulari</strong></span> <span class='ocrx_word' id='word_1_7' title='bbox 1101 1093 1431 1179; x_wconf 72' lang='lat' dir='ltr'>accipitur.</span> <span class='ocrx_word' id='word_1_8' title='bbox 1556 1091 1746 1158; x_wconf 84' lang='lat' dir='ltr'><strong>Sicut</strong></span> <span class='ocrx_word' id='word_1_9' title='bbox 1791 1114 1943 1159; x_wconf 90' lang='lat' dir='ltr'><strong>cum</strong></span> <span class='ocrx_word' id='word_1_10' title='bbox 1988 1090 2236 1157; x_wconf 89' lang='lat' dir='ltr'><strong>dicitur</strong></span> <span class='ocrx_word' id='word_1_11' title='bbox 2277 1090 2476 1155; x_wconf 90' lang='lat' dir='ltr'><strong>homo</strong></span> <span class='ocrx_word' id='word_1_12' title='bbox 2505 1110 2676 1156; x_wconf 90' lang='lat' dir='ltr'><strong>mor-</strong></span> 
     </span>
     <span class='ocr_line' id='line_1_3' title="bbox 551 1194 2678 1283; baseline -0.002 -20"><span class='ocrx_word' id='word_1_13' title='bbox 551 1202 751 1275; x_wconf 86' lang='lat' dir='ltr'><strong>·tuus,</strong></span> <span class='ocrx_word' id='word_1_14' title='bbox 824 1194 960 1283; x_wconf 88' lang='lat' dir='ltr'><strong>qui¹</strong></span> <span class='ocrx_word' id='word_1_15' title='bbox 1068 1216 1199 1261; x_wconf 92' lang='lat' dir='ltr'><strong>non</strong></span> <span class='ocrx_word' id='word_1_16' title='bbox 1260 1199 1360 1261; x_wconf 90' lang='lat' dir='ltr'><strong>est</strong></span> <span class='ocrx_word' id='word_1_17' title='bbox 1411 1195 1621 1273; x_wconf 89' lang='lat' dir='ltr'><strong>hom0,</strong></span> <span class='ocrx_word' id='word_1_18' title='bbox 1694 1194 1790 1260; x_wconf 91' lang='lat' dir='ltr'><strong>sic</strong></span> <span class='ocrx_word' id='word_1_19' title='bbox 1855 1215 2063 1281; x_wconf 86' lang='lat' dir='ltr'><strong>genus</strong></span> <span class='ocrx_word' id='word_1_20' title='bbox 2130 1214 2340 1261; x_wconf 88' lang='lat' dir='ltr'><strong>unum</strong></span> <span class='ocrx_word' id='word_1_21' title='bbox 2401 1214 2678 1259; x_wconf 89' lang='lat' dir='ltr'><strong>numero</strong></span> 
     </span>
     <span class='ocr_line' id='line_1_4' title="bbox 572 1304 1445 1369; baseline -0.007 -1"><span class='ocrx_word' id='word_1_22' title='bbox 572 1322 709 1369; x_wconf 85' lang='lat' dir='ltr'><strong>non</strong></span> <span class='ocrx_word' id='word_1_23' title='bbox 752 1304 857 1367; x_wconf 86' lang='lat' dir='ltr'><strong>est</strong></span> <span class='ocrx_word' id='word_1_24' title='bbox 900 1320 1107 1367; x_wconf 89' lang='lat' dir='ltr'><strong>unum</strong></span> <span class='ocrx_word' id='word_1_25' title='bbox 1154 1318 1445 1365; x_wconf 89' lang='lat' dir='ltr'><strong>numero.</strong></span> 
     </span>
    </p>
   </div>
   <div class='ocr_carea' id='block_1_3' title="bbox 1357 1580 1896 1653">
    <p class='ocr_par' dir='ltr' id='par_1_3' title="bbox 1357 1580 1896 1653">
     <span class='ocr_line' id='line_1_5' title="bbox 1357 1580 1896 1653; baseline -0.011 0"><span class='ocrx_word' id='word_1_26' title='bbox 1357 1581 1521 1653; x_wconf 77' lang='lat' dir='ltr'>CAP.</span> <span class='ocrx_word' id='word_1_27' title='bbox 1572 1580 1896 1649; x_wconf 86' lang='lat' dir='ltr'>XXXIX.</span> 
     </span>
    </p>
   </div>
   <div class='ocr_carea' id='block_1_4' title="bbox 572 1771 3021 2187">
    <p class='ocr_par' dir='ltr' id='par_1_4' title="bbox 572 1771 3021 2187">
     <span class='ocr_line' id='line_1_6' title="bbox 662 1771 2935 1859; baseline 0 -19"><span class='ocrx_word' id='word_1_28' title='bbox 662 1773 843 1841; x_wconf 63' lang='lat' dir='ltr'><strong>HEC</strong></span> <span class='ocrx_word' id='word_1_29' title='bbox 886 1773 1113 1841; x_wconf 81' lang='lat' dir='ltr'><strong>addidi</strong></span> <span class='ocrx_word' id='word_1_30' title='bbox 1179 1772 1287 1843; x_wconf 88' lang='lat' dir='ltr'><strong>hio</strong></span> <span class='ocrx_word' id='word_1_31' title='bbox 1354 1774 1441 1841; x_wconf 86' lang='lat' dir='ltr'><strong>ad</strong></span> <span class='ocrx_word' id='word_1_32' title='bbox 1507 1772 2074 1840; x_wconf 87' lang='lat' dir='ltr'><strong>confirmationem</strong></span> <span class='ocrx_word' id='word_1_33' title='bbox 2132 1771 2677 1859; x_wconf 71' lang='lat' dir='ltr'><strong>geometr-icarum</strong></span> <span class='ocrx_word' id='word_1_34' title='bbox 2701 1788 2935 1841; x_wconf 75' lang='lat' dir='ltr'><strong>Reviem</strong></span> 
     </span>
     <span class='ocr_line' id='line_1_7' title="bbox 574 1856 3021 1973; baseline -0.004 -27"><span class='ocrx_word' id='word_1_35' title='bbox 574 1877 1223 1957; x_wconf 69' lang='lat' dir='ltr'><strong>demonstrationum,</strong></span> <span class='ocrx_word' id='word_1_36' title='bbox 1292 1899 1441 1965; x_wconf 74' lang='lat' dir='ltr'><strong>quse</strong></span> <span class='ocrx_word' id='word_1_37' title='bbox 1504 1877 1858 1945; x_wconf 87' lang='lat' dir='ltr'><strong>destruunt</strong></span> <span class='ocrx_word' id='word_1_38' title='bbox 1919 1897 2199 1941; x_wconf 88' lang='lat' dir='ltr'><strong>errorem</strong></span> <span class='ocrx_word' id='word_1_39' title='bbox 2264 1874 2676 1963; x_wconf 86' lang='lat' dir='ltr'><strong>praedictum,</strong></span> <span class='ocrx_word' id='word_1_40' title='bbox 2701 1856 3021 1973; x_wconf 48' lang='lat' dir='ltr'><strong>ssessffigim</strong></span> 
     </span>
     <span class='ocr_line' id='line_1_8' title="bbox 572 1976 2976 2069; baseline -0.004 -22"><span class='ocrx_word' id='word_1_41' title='bbox 572 1987 651 2047; x_wconf 86' lang='lat' dir='ltr'><strong>ut</strong></span> <span class='ocrx_word' id='word_1_42' title='bbox 692 1980 918 2047; x_wconf 86' lang='lat' dir='ltr'><strong>videat</strong></span> <span class='ocrx_word' id='word_1_43' title='bbox 983 1984 1205 2047; x_wconf 82' lang='lat' dir='ltr'><strong>vestra</strong></span> <span class='ocrx_word' id='word_1_44' title='bbox 1234 1978 1592 2069; x_wconf 74' lang='lat' dir='ltr'><strong>&#39;sapientia</strong></span> <span class='ocrx_word' id='word_1_45' title='bbox 1634 1978 1797 2065; x_wconf 89' lang='lat' dir='ltr'><strong>quid</strong></span> <span class='ocrx_word' id='word_1_46' title='bbox 1841 1978 2259 2045; x_wconf 88' lang='lat' dir='ltr'><strong>sentiendum</strong></span> <span class='ocrx_word' id='word_1_47' title='bbox 2303 1978 2394 2043; x_wconf 89' lang='lat' dir='ltr'><strong>sit</strong></span> <span class='ocrx_word' id='word_1_48' title='bbox 2437 1977 2512 2040; x_wconf 91' lang='lat' dir='ltr'><strong>in</strong></span> <span class='ocrx_word' id='word_1_49' title='bbox 2557 1976 2680 2041; x_wconf 85' lang='lat' dir='ltr'><strong>hac</strong></span> <span class='ocrx_word' id='word_1_50' title='bbox 2705 1990 2852 2054; x_wconf 79' lang='lat' dir='ltr'><strong>nuity</strong></span> <span class='ocrx_word' id='word_1_51' title='bbox 2874 1990 2976 2039; x_wconf 79' lang='lat' dir='ltr'><strong>and</strong></span> 
     </span>
     <span class='ocr_line' id='line_1_9' title="bbox 575 2055 2994 2187; baseline -0.003 -40"><span class='ocrx_word' id='word_1_52' title='bbox 575 2087 779 2170; x_wconf 84' lang='lat' dir='ltr'><strong>parte,</strong></span> <span class='ocrx_word' id='word_1_53' title='bbox 850 2082 1053 2147; x_wconf 91' lang='lat' dir='ltr'><strong>donec</strong></span> <span class='ocrx_word' id='word_1_54' title='bbox 1120 2081 1371 2167; x_wconf 82' lang='lat' dir='ltr'><strong>plenior</strong></span> <span class='ocrx_word' id='word_1_55' title='bbox 1432 2084 1757 2146; x_wconf 86' lang='lat' dir='ltr'><strong>tractatus</strong></span> <span class='ocrx_word' id='word_1_56' title='bbox 1825 2084 2278 2164; x_wconf 88' lang='lat' dir='ltr'><strong>consequatur.</strong></span> <span class='ocrx_word' id='word_1_57' title='bbox 2391 2078 2681 2143; x_wconf 80' lang='lat' dir='ltr'><strong>Transeo</strong></span> <span class='ocrx_word' id='word_1_58' title='bbox 2707 2055 2853 2187; x_wconf 48' lang='grc' dir='ltr'><strong>ἓξὲξ</strong></span> <span class='ocrx_word' id='word_1_59' title='bbox 2845 2070 2994 2171; x_wconf 50' lang='lat'><strong>‹123⁰-</strong></span> 
     </span>
    </p>
   </div>
   <div class='ocr_carea' id='block_1_5' title="bbox 573 2180 3007 4422">
    <p class='ocr_par' dir='ltr' id='par_1_5' title="bbox 573 2180 3007 2887">
     <span class='ocr_line' id='line_1_10' title="bbox 573 2180 3007 2273; baseline -0.005 -22"><span class='ocrx_word' id='word_1_60' title='bbox 573 2185 781 2273; x_wconf 86' lang='lat' dir='ltr'><strong>igitur</strong></span> <span class='ocrx_word' id='word_1_61' title='bbox 824 2185 908 2251; x_wconf 85' lang='lat' dir='ltr'><strong>ad</strong></span> <span class='ocrx_word' id='word_1_62' title='bbox 952 2184 1265 2249; x_wconf 87' lang='lat' dir='ltr'><strong>ulteriora</strong></span> <span class='ocrx_word' id='word_1_63' title='bbox 1308 2183 1381 2249; x_wconf 91' lang='lat' dir='ltr'><strong>in</strong></span> <span class='ocrx_word' id='word_1_64' title='bbox 1421 2188 1609 2273; x_wconf 85' lang='lat' dir='ltr'><strong>parte</strong></span> <span class='ocrx_word' id='word_1_65' title='bbox 1638 2182 2136 2249; x_wconf 70' lang='lat' dir='ltr'><strong>mathematicae.</strong></span> <span class='ocrx_word' id='word_1_66' title='bbox 2231 2180 2298 2245; x_wconf 90' lang='lat' dir='ltr'>N</span> <span class='ocrx_word' id='word_1_67' title='bbox 2302 2202 2410 2245; x_wconf 84' lang='lat' dir='ltr'><strong>am</strong></span> <span class='ocrx_word' id='word_1_68' title='bbox 2456 2183 2685 2267; x_wconf 83' lang='lat' dir='ltr'><strong>postea</strong></span> <span class='ocrx_word' id='word_1_69' title='bbox 2707 2190 2779 2267; x_wconf 60' lang='lat' dir='ltr'><strong>by</strong></span> <span class='ocrx_word' id='word_1_70' title='bbox 2801 2188 3007 2239; x_wconf 72' lang='lat' dir='ltr'><strong>Parme-</strong></span> 
     </span>
     <span class='ocr_line' id='line_1_11' title="bbox 576 2255 2995 2381; baseline -0.003 -28"><span class='ocrx_word' id='word_1_71' title='bbox 576 2286 894 2353; x_wconf 89' lang='lat' dir='ltr'><strong>descendo</strong></span> <span class='ocrx_word' id='word_1_72' title='bbox 938 2286 1025 2353; x_wconf 88' lang='lat' dir='ltr'><strong>ad</strong></span> <span class='ocrx_word' id='word_1_73' title='bbox 1069 2308 1161 2365; x_wconf 86' lang='lat' dir='ltr'><strong>ea,</strong></span> <span class='ocrx_word' id='word_1_74' title='bbox 1211 2308 1359 2371; x_wconf 83' lang='lat' dir='ltr'><strong>quae</strong></span> <span class='ocrx_word' id='word_1_75' title='bbox 1414 2290 1906 2375; x_wconf 84' lang='lat' dir='ltr'><strong>consequuntur</strong></span> <span class='ocrx_word' id='word_1_76' title='bbox 1949 2282 2300 2349; x_wconf 83' lang='lat' dir='ltr'><strong>materiam</strong></span> <span class='ocrx_word' id='word_1_77' title='bbox 2347 2282 2420 2347; x_wconf 90' lang='lat' dir='ltr'><strong>in</strong></span> <span class='ocrx_word' id='word_1_78' title='bbox 2465 2280 2681 2360; x_wconf 84' lang='lat' dir='ltr'><strong>rebus,</strong></span> <span class='ocrx_word' id='word_1_79' title='bbox 2711 2255 2995 2381; x_wconf 42' lang='lat' dir='ltr'><strong>¹3&amp;ssssss</strong></span> 
     </span>
     <span class='ocr_line' id='line_1_12' title="bbox 576 2378 2992 2475; baseline -0.002 -22"><span class='ocrx_word' id='word_1_80' title='bbox 576 2412 724 2475; x_wconf 82' lang='lat' dir='ltr'><strong>quae</strong></span> <span class='ocrx_word' id='word_1_81' title='bbox 769 2394 929 2455; x_wconf 89' lang='lat' dir='ltr'><strong>sunt</strong></span> <span class='ocrx_word' id='word_1_82' title='bbox 972 2387 1395 2469; x_wconf 76' lang='lat' dir='ltr'><strong>continuitaS,</strong></span> <span class='ocrx_word' id='word_1_83' title='bbox 1440 2392 1509 2453; x_wconf 90' lang='lat' dir='ltr'><strong>et</strong></span> <span class='ocrx_word' id='word_1_84' title='bbox 1552 2386 1796 2464; x_wconf 75' lang='lat' dir='ltr'><strong>unitae,</strong></span> <span class='ocrx_word' id='word_1_85' title='bbox 1829 2389 1899 2451; x_wconf 91' lang='lat' dir='ltr'><strong>et</strong></span> <span class='ocrx_word' id='word_1_86' title='bbox 1943 2384 2273 2471; x_wconf 88' lang='lat' dir='ltr'><strong>figurati0‚</strong></span> <span class='ocrx_word' id='word_1_87' title='bbox 2307 2388 2376 2449; x_wconf 89' lang='lat' dir='ltr'><strong>et</strong></span> <span class='ocrx_word' id='word_1_88' title='bbox 2406 2388 2688 2470; x_wconf 89' lang='lat' dir='ltr'><strong>tempus,</strong></span> <span class='ocrx_word' id='word_1_89' title='bbox 2987 2378 2992 2386; x_wconf 83' lang='grc'><strong>’</strong></span> 
     </span>
     <span class='ocr_line' id='line_1_13' title="bbox 578 2485 2683 2577; baseline -0.003 -20"><span class='ocrx_word' id='word_1_90' title='bbox 578 2497 645 2557; x_wconf 90' lang='lat' dir='ltr'><strong>et</strong></span> <span class='ocrx_word' id='word_1_91' title='bbox 688 2497 925 2559; x_wconf 87' lang='lat' dir='ltr'><strong>motus.</strong></span> <span class='ocrx_word' id='word_1_92' title='bbox 1014 2490 1109 2555; x_wconf 89' lang='lat' dir='ltr'><strong>Et</strong></span> <span class='ocrx_word' id='word_1_93' title='bbox 1170 2490 1317 2556; x_wconf 90' lang='lat' dir='ltr'><strong>ideo</strong></span> <span class='ocrx_word' id='word_1_94' title='bbox 1384 2489 1654 2555; x_wconf 83' lang='lat' dir='ltr'><strong>revolvo</strong></span> <span class='ocrx_word' id='word_1_95' title='bbox 1721 2487 2082 2577; x_wconf 69' lang='lat' dir='ltr'><strong>positiones</strong></span> <span class='ocrx_word' id='word_1_96' title='bbox 2146 2485 2683 2573; x_wconf 87' lang='lat' dir='ltr'><strong>philosophorum</strong></span> 
     </span>
     <span class='ocr_line' id='line_1_14' title="bbox 578 2576 2688 2679; baseline -0.004 -18"><span class='ocrx_word' id='word_1_97' title='bbox 578 2594 857 2661; x_wconf 83' lang='lat' dir='ltr'><strong>famosas</strong></span> <span class='ocrx_word' id='word_1_98' title='bbox 901 2593 983 2661; x_wconf 90' lang='lat' dir='ltr'><strong>de</strong></span> <span class='ocrx_word' id='word_1_99' title='bbox 1026 2592 1145 2673; x_wconf 89' lang='lat' dir='ltr'><strong>his,</strong></span> <span class='ocrx_word' id='word_1_100' title='bbox 1192 2615 1339 2679; x_wconf 83' lang='lat' dir='ltr'><strong>quae</strong></span> <span class='ocrx_word' id='word_1_101' title='bbox 1402 2595 1563 2659; x_wconf 85' lang='lat' dir='ltr'><strong>sunt</strong></span> <span class='ocrx_word' id='word_1_102' title='bbox 1635 2592 1711 2657; x_wconf 91' lang='lat' dir='ltr'><strong>in</strong></span> <span class='ocrx_word' id='word_1_103' title='bbox 1778 2611 1888 2657; x_wconf 89' lang='lat' dir='ltr'><strong>ore</strong></span> <span class='ocrx_word' id='word_1_104' title='bbox 1956 2576 2324 2675; x_wconf 80' lang='lat' dir='ltr'><strong>cujuslibet,</strong></span> <span class='ocrx_word' id='word_1_105' title='bbox 2393 2598 2462 2657; x_wconf 91' lang='lat' dir='ltr'><strong>et</strong></span> <span class='ocrx_word' id='word_1_106' title='bbox 2524 2610 2688 2675; x_wconf 86' lang='lat' dir='ltr'><strong>quas</strong></span> 
     </span>
     <span class='ocr_line' id='line_1_15' title="bbox 580 2690 2690 2783; baseline -0.002 -22"><span class='ocrx_word' id='word_1_107' title='bbox 580 2694 971 2761; x_wconf 79' lang='lat' dir='ltr'><strong>Aristoteles</strong></span> <span class='ocrx_word' id='word_1_108' title='bbox 1016 2695 1379 2777; x_wconf 81' lang='lat' dir='ltr'><strong>certificat3</strong></span> <span class='ocrx_word' id='word_1_109' title='bbox 1424 2716 1576 2783; x_wconf 83' lang='lat' dir='ltr'><strong>quae</strong></span> <span class='ocrx_word' id='word_1_110' title='bbox 1620 2699 1862 2773; x_wconf 85' lang='lat' dir='ltr'><strong>tamen,</strong></span> <span class='ocrx_word' id='word_1_111' title='bbox 1896 2694 2069 2759; x_wconf 87' lang='lat' dir='ltr'><strong>sicut</strong></span> <span class='ocrx_word' id='word_1_112' title='bbox 2112 2691 2362 2759; x_wconf 87' lang='lat' dir='ltr'><strong>habent</strong></span> <span class='ocrx_word' id='word_1_113' title='bbox 2405 2690 2690 2779; x_wconf 89' lang='lat' dir='ltr'><strong>pulchri-</strong></span> 
     </span>
     <span class='ocr_line' id='line_1_16' title="bbox 582 2794 2686 2887; baseline 0 -24"><span class='ocrx_word' id='word_1_114' title='bbox 582 2798 883 2865; x_wconf 88' lang='lat' dir='ltr'><strong>tudinem</strong></span> <span class='ocrx_word' id='word_1_115' title='bbox 926 2799 1286 2887; x_wconf 80' lang='lat' dir='ltr'><strong>sapientiae,</strong></span> <span class='ocrx_word' id='word_1_116' title='bbox 1356 2798 1449 2863; x_wconf 88' lang='lat' dir='ltr'><strong>sic</strong></span> <span class='ocrx_word' id='word_1_117' title='bbox 1512 2796 1761 2863; x_wconf 84' lang='lat' dir='ltr'><strong>habent</strong></span> <span class='ocrx_word' id='word_1_118' title='bbox 1826 2794 2284 2861; x_wconf 86' lang='lat' dir='ltr'><strong>difficultatem</strong></span> <span class='ocrx_word' id='word_1_119' title='bbox 2353 2816 2686 2882; x_wconf 85' lang='lat' dir='ltr'><strong>magnam.</strong></span> 
     </span>
    </p>

    <p class='ocr_par' dir='ltr' id='par_1_6' title="bbox 584 2897 2694 3090">
     <span class='ocr_line' id='line_1_17' title="bbox 586 2897 2692 2984; baseline -0.002 -17"><span class='ocrx_word' id='word_1_120' title='bbox 586 2901 762 2968; x_wconf 86' lang='lat' dir='ltr'><strong>Nam</strong></span> <span class='ocrx_word' id='word_1_121' title='bbox 807 2900 1227 2968; x_wconf 83' lang='lat' dir='ltr'><strong>Parmenides</strong></span> <span class='ocrx_word' id='word_1_122' title='bbox 1294 2905 1363 2966; x_wconf 91' lang='lat' dir='ltr'><strong>et</strong></span> <span class='ocrx_word' id='word_1_123' title='bbox 1428 2899 1731 2967; x_wconf 79' lang='lat' dir='ltr'><strong>Melissus</strong></span> <span class='ocrx_word' id='word_1_124' title='bbox 1801 2898 2154 2966; x_wconf 87' lang='lat' dir='ltr'><strong>credebant</strong></span> <span class='ocrx_word' id='word_1_125' title='bbox 2220 2897 2400 2984; x_wconf 90' lang='lat' dir='ltr'><strong>quod</strong></span> <span class='ocrx_word' id='word_1_126' title='bbox 2467 2899 2692 2964; x_wconf 87' lang='lat' dir='ltr'><strong>omnia</strong></span> 
     </span>
     <span class='ocr_line' id='line_1_18' title="bbox 584 3001 2694 3090; baseline -0.001 -21"><span class='ocrx_word' id='word_1_127' title='bbox 584 3025 849 3090; x_wconf 87' lang='lat' dir='ltr'><strong>corpora</strong></span> <span class='ocrx_word' id='word_1_128' title='bbox 894 3002 1126 3068; x_wconf 89' lang='lat' dir='ltr'><strong>mundi</strong></span> <span class='ocrx_word' id='word_1_129' title='bbox 1169 3001 1441 3068; x_wconf 89' lang='lat' dir='ltr'><strong>fuerunt</strong></span> <span class='ocrx_word' id='word_1_130' title='bbox 1484 3023 1695 3067; x_wconf 91' lang='lat' dir='ltr'><strong>unum</strong></span> <span class='ocrx_word' id='word_1_131' title='bbox 1741 3001 2130 3066; x_wconf 88' lang='lat' dir='ltr'><strong>continuum</strong></span> <span class='ocrx_word' id='word_1_132' title='bbox 2175 3023 2218 3066; x_wconf 87' lang='lat' dir='ltr'><strong>a</strong></span> <span class='ocrx_word' id='word_1_133' title='bbox 2261 3005 2438 3066; x_wconf 85' lang='lat' dir='ltr'><strong>terra</strong></span> <span class='ocrx_word' id='word_1_134' title='bbox 2485 3021 2694 3086; x_wconf 84' lang='lat' dir='ltr'><strong>usque</strong></span> 
     </span>
    </p>

    <p class='ocr_par' dir='ltr' id='par_1_7' title="bbox 582 3103 2692 3296">
     <span class='ocr_line' id='line_1_19' title="bbox 587 3103 2692 3193; baseline -0.004 -19"><span class='ocrx_word' id='word_1_135' title='bbox 587 3107 671 3174; x_wconf 86' lang='lat' dir='ltr'><strong>ad</strong></span> <span class='ocrx_word' id='word_1_136' title='bbox 716 3108 1026 3174; x_wconf 85' lang='lat' dir='ltr'><strong>ultimum</strong></span> <span class='ocrx_word' id='word_1_137' title='bbox 1072 3107 1317 3172; x_wconf 86' lang='lat' dir='ltr'><strong>coelum.</strong></span> <span class='ocrx_word' id='word_1_138' title='bbox 1410 3105 1504 3172; x_wconf 87' lang='lat' dir='ltr'><strong>Et</strong></span> <span class='ocrx_word' id='word_1_139' title='bbox 1565 3127 1713 3172; x_wconf 89' lang='lat' dir='ltr'><strong>cum</strong></span> <span class='ocrx_word' id='word_1_140' title='bbox 1777 3106 1900 3172; x_wconf 91' lang='lat' dir='ltr'><strong>hoc</strong></span> <span class='ocrx_word' id='word_1_141' title='bbox 1962 3104 2385 3193; x_wconf 86' lang='lat' dir='ltr'><strong>reprobatum</strong></span> <span class='ocrx_word' id='word_1_142' title='bbox 2450 3107 2550 3168; x_wconf 88' lang='lat' dir='ltr'><strong>est</strong></span> <span class='ocrx_word' id='word_1_143' title='bbox 2617 3103 2692 3167; x_wconf 90' lang='lat' dir='ltr'><strong>in</strong></span> 
     </span>
     <span class='ocr_line' id='line_1_20' title="bbox 582 3205 2691 3296; baseline -0.001 -22"><span class='ocrx_word' id='word_1_144' title='bbox 582 3207 1243 3296; x_wconf 68' lang='lat' dir='ltr'><strong>multiplicationibus</strong></span> <span class='ocrx_word' id='word_1_145' title='bbox 1309 3208 1666 3296; x_wconf 86' lang='lat' dir='ltr'><strong>specierum</strong></span> <span class='ocrx_word' id='word_1_146' title='bbox 1728 3207 2162 3294; x_wconf 80' lang='lat' dir='ltr'><strong>pulcherrime</strong></span> <span class='ocrx_word' id='word_1_147' title='bbox 2181 3205 2206 3242; x_wconf 75' lang='lat'>2</span> <span class='ocrx_word' id='word_1_148' title='bbox 2273 3227 2390 3292; x_wconf 91' lang='lat' dir='ltr'><strong>per</strong></span> <span class='ocrx_word' id='word_1_149' title='bbox 2453 3205 2691 3284; x_wconf 85' lang='lat' dir='ltr'><strong>visum,</strong></span> 
     </span>
    </p>

    <p class='ocr_par' dir='ltr' id='par_1_8' title="bbox 587 3306 2692 3399">
     <span class='ocr_line' id='line_1_21' title="bbox 587 3306 2692 3399; baseline -0.003 -23"><span class='ocrx_word' id='word_1_150' title='bbox 587 3310 691 3377; x_wconf 87' lang='lat' dir='ltr'><strong>hic</strong></span> <span class='ocrx_word' id='word_1_151' title='bbox 729 3311 1113 3399; x_wconf 86' lang='lat' dir='ltr'><strong>supersedeo</strong></span> <span class='ocrx_word' id='word_1_152' title='bbox 1160 3310 1241 3376; x_wconf 91' lang='lat' dir='ltr'><strong>de</strong></span> <span class='ocrx_word' id='word_1_153' title='bbox 1286 3311 1427 3375; x_wconf 91' lang='lat' dir='ltr'><strong>hoc.</strong></span> <span class='ocrx_word' id='word_1_154' title='bbox 1524 3309 1658 3376; x_wconf 87' lang='lat' dir='ltr'><strong>Sed</strong></span> <span class='ocrx_word' id='word_1_155' title='bbox 1698 3330 1872 3396; x_wconf 90' lang='lat' dir='ltr'><strong>pono</strong></span> <span class='ocrx_word' id='word_1_156' title='bbox 1885 3309 1911 3346; x_wconf 82' lang='lat'><strong>³</strong></span> <span class='ocrx_word' id='word_1_157' title='bbox 1940 3309 2232 3374; x_wconf 89' lang='lat' dir='ltr'><strong>rationes</strong></span> <span class='ocrx_word' id='word_1_158' title='bbox 2279 3306 2692 3392; x_wconf 79' lang='lat' dir='ltr'><strong>falsigraphi-</strong></span> 
     </span>
    </p>

    <p class='ocr_par' dir='ltr' id='par_1_9' title="bbox 588 3407 2698 3602">
     <span class='ocr_line' id='line_1_22' title="bbox 588 3407 2698 3500; baseline -0.004 -20"><span class='ocrx_word' id='word_1_159' title='bbox 588 3434 693 3480; x_wconf 84' lang='lat' dir='ltr'><strong>cas</strong></span> <span class='ocrx_word' id='word_1_160' title='bbox 736 3413 812 3478; x_wconf 90' lang='lat' dir='ltr'><strong>in</strong></span> <span class='ocrx_word' id='word_1_161' title='bbox 854 3412 1156 3480; x_wconf 89' lang='lat' dir='ltr'><strong>terminis</strong></span> <span class='ocrx_word' id='word_1_162' title='bbox 1200 3413 1579 3500; x_wconf 72' lang='lat' dir='ltr'><strong>geometriae</strong></span> <span class='ocrx_word' id='word_1_163' title='bbox 1608 3433 1727 3498; x_wconf 92' lang='lat' dir='ltr'><strong>pro</strong></span> <span class='ocrx_word' id='word_1_164' title='bbox 1758 3411 2088 3498; x_wconf 87' lang='lat' dir='ltr'><strong>positione</strong></span> <span class='ocrx_word' id='word_1_165' title='bbox 2118 3409 2382 3474; x_wconf 89' lang='lat' dir='ltr'><strong>illorum</strong></span> <span class='ocrx_word' id='word_1_166' title='bbox 2412 3407 2698 3494; x_wconf 88' lang='lat' dir='ltr'><strong>philoso-</strong></span> 
     </span>
     <span class='ocr_line' id='line_1_23' title="bbox 588 3508 2696 3602; baseline -0.004 -20"><span class='ocrx_word' id='word_1_167' title='bbox 588 3515 883 3602; x_wconf 89' lang='lat' dir='ltr'><strong>phorum,</strong></span> <span class='ocrx_word' id='word_1_168' title='bbox 929 3537 1079 3601; x_wconf 84' lang='lat' dir='ltr'><strong>quae</strong></span> <span class='ocrx_word' id='word_1_169' title='bbox 1123 3514 1393 3583; x_wconf 88' lang='lat' dir='ltr'><strong>fuerunt</strong></span> <span class='ocrx_word' id='word_1_170' title='bbox 1458 3535 1711 3601; x_wconf 88' lang='lat' dir='ltr'><strong>semper</strong></span> <span class='ocrx_word' id='word_1_171' title='bbox 1773 3510 2154 3580; x_wconf 90' lang='lat' dir='ltr'><strong>insolubiles</strong></span> <span class='ocrx_word' id='word_1_172' title='bbox 2216 3509 2394 3598; x_wconf 90' lang='lat' dir='ltr'><strong>apud</strong></span> <span class='ocrx_word' id='word_1_173' title='bbox 2455 3508 2696 3596; x_wconf 85' lang='lat' dir='ltr'><strong>vulgus</strong></span> 
     </span>
    </p>

    <p class='ocr_par' dir='ltr' id='par_1_10' title="bbox 588 3611 2990 4422">
     <span class='ocr_line' id='line_1_24' title="bbox 590 3611 2934 3705; baseline -0.003 -23"><span class='ocrx_word' id='word_1_174' title='bbox 590 3624 660 3684; x_wconf 91' lang='lat' dir='ltr'><strong>et</strong></span> <span class='ocrx_word' id='word_1_175' title='bbox 704 3619 923 3705; x_wconf 84' lang='lat' dir='ltr'><strong>capita</strong></span> <span class='ocrx_word' id='word_1_176' title='bbox 966 3639 1237 3698; x_wconf 89' lang='lat' dir='ltr'><strong>eorum;</strong></span> <span class='ocrx_word' id='word_1_177' title='bbox 1302 3621 1373 3682; x_wconf 90' lang='lat' dir='ltr'><strong>et</strong></span> <span class='ocrx_word' id='word_1_178' title='bbox 1440 3616 1626 3684; x_wconf 83' lang='lat' dir='ltr'><strong>solvo</strong></span> <span class='ocrx_word' id='word_1_179' title='bbox 1694 3637 1820 3682; x_wconf 85' lang='lat' dir='ltr'><strong>eas.</strong></span> <span class='ocrx_word' id='word_1_180' title='bbox 1936 3614 2214 3696; x_wconf 86' lang='lat' dir='ltr'><strong>Deinde,</strong></span> <span class='ocrx_word' id='word_1_181' title='bbox 2281 3611 2516 3678; x_wconf 85' lang='lat' dir='ltr'><strong>relicta</strong></span> <span class='ocrx_word' id='word_1_182' title='bbox 2574 3611 2698 3680; x_wconf 80' lang='lat' dir='ltr'><strong>hac</strong></span> <span class='ocrx_word' id='word_1_183' title='bbox 2725 3627 2828 3677; x_wconf 75' lang='lat' dir='ltr'><strong>and</strong></span> <span class='ocrx_word' id='word_1_184' title='bbox 2847 3624 2934 3703; x_wconf 57' lang='lat' dir='ltr'><strong>qhe</strong></span> 
     </span>
     <span class='ocr_line' id='line_1_25' title="bbox 588 3701 2990 3824; baseline -0.001 -40"><span class='ocrx_word' id='word_1_185' title='bbox 588 3719 931 3807; x_wconf 84' lang='lat' dir='ltr'><strong>positione,</strong></span> <span class='ocrx_word' id='word_1_186' title='bbox 998 3718 1319 3808; x_wconf 87' lang='lat' dir='ltr'><strong>descendo</strong></span> <span class='ocrx_word' id='word_1_187' title='bbox 1381 3719 1470 3786; x_wconf 90' lang='lat' dir='ltr'><strong>ad</strong></span> <span class='ocrx_word' id='word_1_188' title='bbox 1531 3718 1930 3806; x_wconf 84' lang='lat' dir='ltr'><strong>positionem</strong></span> <span class='ocrx_word' id='word_1_189' title='bbox 1977 3715 2340 3784; x_wconf 86' lang='lat' dir='ltr'><strong>Democriti</strong></span> <span class='ocrx_word' id='word_1_190' title='bbox 2408 3721 2478 3782; x_wconf 91' lang='lat' dir='ltr'><strong>et</strong></span> <span class='ocrx_word' id='word_1_191' title='bbox 2527 3715 2697 3782; x_wconf 89' lang='lat' dir='ltr'><strong>Leu-</strong></span> <span class='ocrx_word' id='word_1_192' title='bbox 2725 3701 2908 3824; x_wconf 47' lang='grc' dir='ltr'><strong>ἓξὲξ</strong></span> <span class='ocrx_word' id='word_1_193' title='bbox 2929 3757 2990 3807; x_wconf 79' lang='lat' dir='ltr'><strong>of</strong></span> 
     </span>
     <span class='ocr_line' id='line_1_26' title="bbox 591 3818 2989 3910; baseline -0.005 -24"><span class='ocrx_word' id='word_1_194' title='bbox 591 3822 780 3910; x_wconf 87' lang='lat' dir='ltr'><strong>cippi,</strong></span> <span class='ocrx_word' id='word_1_195' title='bbox 828 3823 947 3910; x_wconf 90' lang='lat' dir='ltr'><strong>qui</strong></span> <span class='ocrx_word' id='word_1_196' title='bbox 990 3827 1353 3908; x_wconf 89' lang='lat' dir='ltr'><strong>posuerunt</strong></span> <span class='ocrx_word' id='word_1_197' title='bbox 1397 3826 1623 3910; x_wconf 85' lang='lat' dir='ltr'><strong>partes</strong></span> <span class='ocrx_word' id='word_1_198' title='bbox 1667 3819 1900 3886; x_wconf 89' lang='lat' dir='ltr'><strong>mundi</strong></span> <span class='ocrx_word' id='word_1_199' title='bbox 1945 3821 2256 3898; x_wconf 85' lang='lat' dir='ltr'><strong>diversas,</strong></span> <span class='ocrx_word' id='word_1_200' title='bbox 2305 3818 2421 3886; x_wconf 91' lang='lat' dir='ltr'><strong>sed</strong></span> <span class='ocrx_word' id='word_1_201' title='bbox 2463 3841 2696 3908; x_wconf 90' lang='lat' dir='ltr'><strong>posue-</strong></span> <span class='ocrx_word' id='word_1_202' title='bbox 2725 3824 2989 3878; x_wconf 80' lang='lat' dir='ltr'><strong>Democri-</strong></span> 
     </span>
     <span class='ocr_line' id='line_1_27' title="bbox 588 3903 2822 4011; baseline -0.001 -21"><span class='ocrx_word' id='word_1_203' title='bbox 588 3928 748 3990; x_wconf 88' lang='lat' dir='ltr'><strong>runt</strong></span> <span class='ocrx_word' id='word_1_204' title='bbox 791 3946 900 3990; x_wconf 86' lang='lat' dir='ltr'><strong>eas</strong></span> <span class='ocrx_word' id='word_1_205' title='bbox 944 3946 1082 3990; x_wconf 87' lang='lat' dir='ltr'><strong>esse</strong></span> <span class='ocrx_word' id='word_1_206' title='bbox 1147 3924 1448 3990; x_wconf 86' lang='lat' dir='ltr'><strong>infinitas</strong></span> <span class='ocrx_word' id='word_1_207' title='bbox 1494 3929 1563 3993; x_wconf 89' lang='lat' dir='ltr'><strong>et</strong></span> <span class='ocrx_word' id='word_1_208' title='bbox 1608 3923 2062 4004; x_wconf 56' lang='lat' dir='ltr'><strong>indivisibiles</strong></span> <span class='ocrx_word' id='word_1_209' title='bbox 2134 3924 2291 4010; x_wconf 77' lang='lat' dir='ltr'><strong>quia</strong></span> <span class='ocrx_word' id='word_1_210' title='bbox 2334 3927 2698 4011; x_wconf 89' lang='lat' dir='ltr'><strong>posuerunt</strong></span> <span class='ocrx_word' id='word_1_211' title='bbox 2726 3903 2822 3946; x_wconf 60' lang='lat'>‘¹²⁸‘</span> 
     </span>
     <span class='ocr_line' id='line_1_28' title="bbox 595 4025 2702 4108; baseline 0 -16"><span class='ocrx_word' id='word_1_212' title='bbox 595 4027 817 4092; x_wconf 86' lang='lat' dir='ltr'><strong>omnia</strong></span> <span class='ocrx_word' id='word_1_213' title='bbox 888 4027 1033 4092; x_wconf 87' lang='lat' dir='ltr'><strong>fieri</strong></span> <span class='ocrx_word' id='word_1_214' title='bbox 1100 4047 1184 4092; x_wconf 83' lang='lat' dir='ltr'><strong>ex</strong></span> <span class='ocrx_word' id='word_1_215' title='bbox 1245 4026 1489 4108; x_wconf 40' lang='lat' dir='ltr'><strong>atomis,</strong></span> <span class='ocrx_word' id='word_1_216' title='bbox 1546 4025 2080 4095; x_wconf 84' lang='lat' dir='ltr'><strong>indivisibilibus.</strong></span> <span class='ocrx_word' id='word_1_217' title='bbox 2173 4025 2266 4092; x_wconf 91' lang='lat' dir='ltr'><strong>Et</strong></span> <span class='ocrx_word' id='word_1_218' title='bbox 2309 4026 2702 4092; x_wconf 87' lang='lat' dir='ltr'><strong>Aristoteles</strong></span> 
     </span>
     <span class='ocr_line' id='line_1_29' title="bbox 596 4127 2703 4216; baseline 0 -22"><span class='ocrx_word' id='word_1_219' title='bbox 596 4129 884 4196; x_wconf 90' lang='lat' dir='ltr'><strong>multum</strong></span> <span class='ocrx_word' id='word_1_220' title='bbox 947 4128 1209 4196; x_wconf 83' lang='lat' dir='ltr'><strong>laborat</strong></span> <span class='ocrx_word' id='word_1_221' title='bbox 1270 4133 1501 4195; x_wconf 90' lang='lat' dir='ltr'><strong>contra</strong></span> <span class='ocrx_word' id='word_1_222' title='bbox 1560 4149 1669 4193; x_wconf 91' lang='lat' dir='ltr'><strong>eos</strong></span> <span class='ocrx_word' id='word_1_223' title='bbox 1732 4129 1806 4192; x_wconf 89' lang='lat' dir='ltr'><strong>in</strong></span> <span class='ocrx_word' id='word_1_224' title='bbox 1873 4128 2192 4216; x_wconf 88' lang='lat' dir='ltr'><strong>principio</strong></span> <span class='ocrx_word' id='word_1_225' title='bbox 2261 4129 2365 4194; x_wconf 92' lang='lat' dir='ltr'><strong>De</strong></span> <span class='ocrx_word' id='word_1_226' title='bbox 2415 4127 2703 4196; x_wconf 84' lang='lat' dir='ltr'><strong>Genera·-</strong></span> 
     </span>
     <span class='ocr_line' id='line_1_30' title="bbox 594 4228 2703 4313; baseline 0 -17"><span class='ocrx_word' id='word_1_227' title='bbox 594 4231 828 4313; x_wconf 85' lang='lat' dir='ltr'><strong>tione,⁴</strong></span> <span class='ocrx_word' id='word_1_228' title='bbox 858 4235 929 4299; x_wconf 91' lang='lat' dir='ltr'><strong>et</strong></span> <span class='ocrx_word' id='word_1_229' title='bbox 986 4232 1189 4300; x_wconf 87' lang='lat' dir='ltr'><strong>tertio</strong></span> <span class='ocrx_word' id='word_1_230' title='bbox 1243 4229 1415 4298; x_wconf 86' lang='lat' dir='ltr'><strong>Coeli</strong></span> <span class='ocrx_word' id='word_1_231' title='bbox 1476 4234 1545 4296; x_wconf 90' lang='lat' dir='ltr'><strong>et</strong></span> <span class='ocrx_word' id='word_1_232' title='bbox 1600 4228 1886 4296; x_wconf 83' lang='lat' dir='ltr'><strong>Mundi.⁵</strong></span> <span class='ocrx_word' id='word_1_233' title='bbox 1975 4230 2106 4297; x_wconf 87' lang='lat' dir='ltr'><strong>Sed</strong></span> <span class='ocrx_word' id='word_1_234' title='bbox 2166 4231 2240 4295; x_wconf 87' lang='lat' dir='ltr'><strong>in</strong></span> <span class='ocrx_word' id='word_1_235' title='bbox 2284 4231 2472 4299; x_wconf 90' lang='lat' dir='ltr'><strong>libris</strong></span> <span class='ocrx_word' id='word_1_236' title='bbox 2517 4231 2703 4298; x_wconf 84' lang='lat' dir='ltr'><strong>Lati-</strong></span> 
     </span>
     <span class='ocr_line' id='line_1_31' title="bbox 595 4332 2706 4422; baseline -0.001 -24"><span class='ocrx_word' id='word_1_237' title='bbox 595 4355 849 4413; x_wconf 89' lang='lat' dir='ltr'><strong>norum,</strong></span> <span class='ocrx_word' id='word_1_238' title='bbox 881 4340 1151 4422; x_wconf 88' lang='lat' dir='ltr'><strong>propter</strong></span> <span class='ocrx_word' id='word_1_239' title='bbox 1179 4333 1681 4422; x_wconf 84' lang='lat' dir='ltr'><strong>perversitatem</strong></span> <span class='ocrx_word' id='word_1_240' title='bbox 1710 4333 2186 4414; x_wconf 80' lang='lat' dir='ltr'><strong>translationis,</strong></span> <span class='ocrx_word' id='word_1_241' title='bbox 2215 4332 2384 4400; x_wconf 90' lang='lat' dir='ltr'><strong>nihil</strong></span> <span class='ocrx_word' id='word_1_242' title='bbox 2412 4334 2706 4420; x_wconf 87' lang='lat' dir='ltr'><strong>profecit.</strong></span> 
     </span>
    </p>
   </div>
   <div class='ocr_carea' id='block_1_6' title="bbox 688 4434 3057 4578">
    <p class='ocr_par' dir='ltr' id='par_1_11' title="bbox 688 4434 3057 4578">
     <span class='ocr_line' id='line_1_32' title="bbox 688 4434 3057 4521; baseline -0 -20"><span class='ocrx_word' id='word_1_243' title='bbox 688 4436 894 4502; x_wconf 90' lang='lat' dir='ltr'><strong>Nullo</strong></span> <span class='ocrx_word' id='word_1_244' title='bbox 960 4437 1137 4502; x_wconf 87' lang='lat' dir='ltr'><strong>enim</strong></span> <span class='ocrx_word' id='word_1_245' title='bbox 1182 4435 1378 4500; x_wconf 89' lang='lat' dir='ltr'><strong>modo</strong></span> <span class='ocrx_word' id='word_1_246' title='bbox 1438 4439 1659 4521; x_wconf 89' lang='lat' dir='ltr'><strong>potest</strong></span> <span class='ocrx_word' id='word_1_247' title='bbox 1720 4435 2007 4521; x_wconf 87' lang='lat' dir='ltr'><strong>intelligi</strong></span> <span class='ocrx_word' id='word_1_248' title='bbox 2070 4434 2311 4499; x_wconf 92' lang='lat' dir='ltr'><strong>solutio</strong></span> <span class='ocrx_word' id='word_1_249' title='bbox 2373 4435 2704 4500; x_wconf 90' lang='lat' dir='ltr'><strong>rationum</strong></span> <span class='ocrx_word' id='word_1_250' title='bbox 2734 4459 2832 4511; x_wconf 79' lang='lat' dir='ltr'><strong>His</strong></span> <span class='ocrx_word' id='word_1_251' title='bbox 2861 4472 3057 4510; x_wconf 59' lang='lat' dir='ltr'><strong>„mm-01·</strong></span> 
     </span>
     <span class='ocr_line' id='line_1_33' title="bbox 2733 4527 2894 4578; baseline -0.006 -1"><span class='ocrx_word' id='word_1_252' title='bbox 2733 4533 2786 4577; x_wconf 88' lang='lat' dir='ltr'><strong>to</strong></span> <span class='ocrx_word' id='word_1_253' title='bbox 2808 4527 2894 4578; x_wconf 84' lang='lat' dir='ltr'><strong>the</strong></span> 
     </span>
    </p>
   </div>
   <div class='ocr_carea' id='block_1_7' title="bbox 666 4671 2427 4741">
    <p class='ocr_par' dir='ltr' id='par_1_12' title="bbox 666 4671 2427 4741">
     <span class='ocr_line' id='line_1_34' title="bbox 666 4671 2427 4741; baseline -0.002 -15"><span class='ocrx_word' id='word_1_254' title='bbox 666 4675 681 4707; x_wconf 84' lang='lat'><strong>¹</strong></span> <span class='ocrx_word' id='word_1_255' title='bbox 706 4675 817 4741; x_wconf 79' lang='lat' dir='ltr'><strong>qui]</strong></span> <span class='ocrx_word' id='word_1_256' title='bbox 857 4676 989 4741; x_wconf 79' lang='lat' dir='ltr'><strong>quin,</strong></span> <span class='ocrx_word' id='word_1_257' title='bbox 1023 4677 1085 4726; x_wconf 86' lang='lat' dir='ltr'><strong>B.</strong></span> <span class='ocrx_word' id='word_1_258' title='bbox 1115 4675 1175 4728; x_wconf 90' lang='lat' dir='ltr'><strong>L.</strong></span> <span class='ocrx_word' id='word_1_259' title='bbox 1777 4675 1796 4704; x_wconf 85' lang='lat'><strong>⁴</strong></span> <span class='ocrx_word' id='word_1_260' title='bbox 1824 4671 1906 4723; x_wconf 80' lang='lat' dir='ltr'><strong>Dc</strong></span> <span class='ocrx_word' id='word_1_261' title='bbox 1929 4671 2277 4737; x_wconf 73' lang='lat' dir='ltr'><strong>Generatim]</strong></span> <span class='ocrx_word' id='word_1_262' title='bbox 2315 4671 2348 4722; x_wconf 91' lang='lat' dir='ltr'><strong>i.</strong></span> <span class='ocrx_word' id='word_1_263' title='bbox 2387 4677 2427 4722; x_wconf 88' lang='lat' dir='ltr'><strong>l.</strong></span> 
     </span>
    </p>
   </div>
   <div class='ocr_carea' id='block_1_8' title="bbox 665 4755 2498 4976">
    <p class='ocr_par' dir='ltr' id='par_1_13' title="bbox 665 4755 2498 4976">
     <span class='ocr_line' id='line_1_35' title="bbox 665 4755 2498 4872; baseline -0.004 -9"><span class='ocrx_word' id='word_1_264' title='bbox 665 4756 741 4863; x_wconf 66' lang='lat' dir='ltr'><strong>:p</strong></span> <span class='ocrx_word' id='word_1_265' title='bbox 941 4755 1047 4821; x_wconf 37' lang='grc' dir='ltr'><strong>ἢκ]</strong></span> <span class='ocrx_word' id='word_1_266' title='bbox 1087 4756 1311 4848; x_wconf 52' lang='lat' dir='ltr'><strong>puichoe’</strong></span> <span class='ocrx_word' id='word_1_267' title='bbox 1393 4790 1407 4804; x_wconf 54' lang='lat'><em>⁶</em></span> <span class='ocrx_word' id='word_1_268' title='bbox 1783 4809 1803 4837; x_wconf 80' lang='lat'>⁵</span> <span class='ocrx_word' id='word_1_269' title='bbox 1830 4805 1954 4858; x_wconf 76' lang='lat' dir='ltr'><strong>Coeli</strong></span> <span class='ocrx_word' id='word_1_270' title='bbox 1977 4814 2026 4858; x_wconf 76' lang='lat' dir='ltr'><strong>et</strong></span> <span class='ocrx_word' id='word_1_271' title='bbox 2046 4803 2259 4872; x_wconf 79' lang='lat' dir='ltr'><strong>Mundi]</strong></span> <span class='ocrx_word' id='word_1_272' title='bbox 2289 4804 2359 4857; x_wconf 86' lang='lat' dir='ltr'><strong>iii.</strong></span> <span class='ocrx_word' id='word_1_273' title='bbox 2385 4811 2430 4856; x_wconf 85' lang='lat'><strong>2.</strong></span> <span class='ocrx_word' id='word_1_274' title='bbox 2450 4811 2498 4856; x_wconf 81' lang='lat'><strong>4.</strong></span> 
     </span>
     <span class='ocr_line' id='line_1_36' title="bbox 698 4833 1445 4902; baseline 0 -18"><span class='ocrx_word' id='word_1_275' title='bbox 698 4833 861 4902; x_wconf 75' lang='lat' dir='ltr'><strong>pono]</strong></span> <span class='ocrx_word' id='word_1_276' title='bbox 900 4833 1042 4901; x_wconf 78' lang='lat' dir='ltr'><strong>Opus</strong></span> <span class='ocrx_word' id='word_1_277' title='bbox 1067 4835 1253 4900; x_wconf 64' lang='lat' dir='ltr'><strong>Majus,</strong></span> <span class='ocrx_word' id='word_1_278' title='bbox 1278 4851 1328 4901; x_wconf 85' lang='lat' dir='ltr'><strong>p.</strong></span> <span class='ocrx_word' id='word_1_279' title='bbox 1362 4839 1445 4886; x_wconf 82' lang='lat'><strong>91.</strong></span> 
     </span>
     <span class='ocr_line' id='line_1_37' title="bbox 2329 4913 2446 4976; baseline -0.017 0"><span class='ocrx_word' id='word_1_280' title='bbox 2329 4929 2356 4976; x_wconf 94' lang='lat'>1</span> <span class='ocrx_word' id='word_1_281' title='bbox 2407 4913 2446 4974; x_wconf 85' lang='lat'>2</span> 
     </span>
    </p>
   </div>
  </div>
 </body>
</html>
