3517 5750
502 1227 577 1277 of
592 1228 751 1279 music

498 1294 667 1344 which
684 1295 775 1345 has

496 1376 564 1410 no
584 1362 739 1411 reser-

496 1442 617 1477 cnce
638 1434 691 1478 to

494 1494 693 1545 sounds.

834 840 967 905 232
1601 853 1860 905 noc-Em
1904 854 2196 907 mcoms
2767 838 2942 929 [cAr.

834 1026 927 1090 Et
972 1024 1394 1111 Augustinus
1436 1028 1559 1093 hoc
1604 1028 1801 1095 docet
1849 1030 2133 1095 secundo
2183 1028 2470 1107 Musicae,
2539 1034 2624 1093 ut
2675 1026 2947 1095 inferius
3033 1028 3046 1037 '

832 1127 1290 1214 explicabitur.

924 1229 1175 1296 Praeter
1250 1254 1409 1299 vero
1482 1234 1601 1299 has
1674 1240 1894 1322 partes
1969 1232 2254 1312 musicae,
2315 1256 2464 1320 quae
2539 1238 2699 1299 sunt
2773 1233 2942 1299 circa

832 1352 1086 1413 sonum,
1150 1340 1307 1399 sunt
1373 1334 1541 1415 aliae,
1604 1358 1753 1421 quae
1821 1342 1980 1402 sunt
2039 1338 2208 1403 circa
2265 1336 2546 1417 visibile,
2593 1336 2770 1423 quod
2841 1340 2946 1401 est

830 1438 1071 1520 gestus,
1120 1432 1235 1521 qui
1280 1436 1771 1525 comprehendit
1833 1438 2274 1505 exultationes
2333 1444 2405 1505 et
2461 1460 2686 1505 omnes
2729 1437 2943 1503 flexus

832 1536 1133 1623 corporis.
1256 1537 1433 1605 Nam
1520 1541 2013 1607 conformantur
2085 1544 2309 1629 gestus
2383 1540 2626 1621 cantui,
2703 1546 2772 1607 et
2839 1541 2938 1605 in-

833 1637 1237 1722 strumentis,
1308 1646 1379 1707 et
1444 1646 1676 1721 metro,
1746 1640 2038 1709 motibus
2105 1643 2555 1709 consimilibus
2613 1649 2683 1710 et
2741 1640 2940 1709 confi-

832 1742 1292 1827 gurationibus
1316 1741 1335 1779 ¹
1422 1746 1961 1831 competentibuS,
2033 1748 2114 1810 ut
2189 1745 2516 1833 completa
2593 1745 2944 1811 delectatio

832 1842 1173 1927 habeatur,
1242 1868 1379 1911 non
1452 1848 1663 1913 solum
1739 1847 2011 1913 auditus
2074 1846 2192 1913 sed
2257 1849 2452 1913 visus.
2562 1846 2704 1913 Nos
2763 1847 2939 1911 enim

830 1946 1131 2013 videmus
1176 1948 1354 2035 quod
1397 1972 1503 2015 ars
1546 1950 2156 2027 instrumentorum,
2195 1954 2266 2014 et
2311 1954 2560 2029 cantus,
2609 1952 2682 2014 et
2723 1948 2938 2024 metri,

830 2054 903 2114 et
944 2050 1262 2137 rhythmi,
1308 2072 1445 2117 non
1490 2052 1683 2117 vadit
1726 2053 1800 2117 in
1859 2052 2122 2140 plenam
2189 2050 2688 2117 delectationem
2735 2050 2938 2115 sensi-

830 2152 1049 2230 bilem,
1112 2153 1243 2218 nisi
1318 2153 1515 2221 simul
1588 2154 1812 2220 adsint
1891 2159 2135 2241 gestus,
2207 2159 2278 2220 et
2349 2152 2808 2231 exultationes,
2871 2158 2941 2219 et

830 2254 1041 2320 flexus
1102 2256 1509 2343 corporales;
1568 2280 1717 2342 quae
1778 2257 2002 2322 omnia
2047 2278 2198 2321 cum
2245 2256 2734 2321 conformentur
2792 2276 2940 2343 pro-

828 2357 1242 2443 portionibus
1302 2358 1892 2439 convenientibus?
1937 2360 2017 2423 fit
2061 2358 2348 2445 perfecta
2399 2356 2750 2425 delectatio
2793 2378 2938 2423 sen-

827 2459 1035 2525 sibilis
1098 2460 1277 2548 apud
1336 2462 1501 2526 duos
1570 2482 1818 2526 sensus.
1925 2460 2018 2525 Et
2079 2460 2262 2525 istud
2321 2460 2565 2526 dicitur
2621 2460 2696 2525 in
2771 2460 2940 2525 libro

828 2560 933 2626 De
994 2562 1169 2628 Ortu
1218 2562 1703 2644 Seientiarum;
1767 2563 2028 2642 scilicet,
2075 2562 2252 2648 quod
2311 2566 2539 2649 gestus
2601 2566 2704 2627 est
2746 2562 2939 2627 radix

824 2664 1107 2743 musicae,
1156 2664 1329 2731 sicut
1390 2669 1679 2731 metrum
1740 2668 1813 2731 et
1871 2664 2044 2731 sicut
2103 2664 2326 2744 melos,
2387 2663 2462 2730 id
2525 2668 2642 2745 est,
2689 2669 2938 2729 cantus.

828 2765 922 2829 Et
968 2766 1391 2855 Augustinus
1436 2766 1602 2833 dicit
1644 2766 1771 2832 hoc
1837 2766 2124 2833 secundo
2191 2766 2476 2833 Musicae.
2592 2766 2731 2831 Alii
2782 2788 2939 2832 vero

823 2870 1063 2949 motus,
1096 2868 1213 2954 qui
1256 2889 1395 2935 non
1440 2872 1716 2957 possunt
1760 2869 2153 2936 conformari
2202 2891 2361 2935 sono
2409 2870 2938 2958 proportionibus

825 2970 1388 3052 convenientibus,
1448 2977 1529 3037 ut
1586 2971 1714 3037 fiat
1773 2973 2101 3060 completa
2177 2971 2534 3038 delectatio
2587 2972 2935 3052 sensibilis,

823 3095 959 3138 non
988 3077 1146 3138 sunt
1190 3074 1273 3140 de
1316 3072 1595 3140 scientia
1638 3075 1918 3141 musicae.
2011 3073 2244 3160 Aliqui
2289 3079 2516 3140 tamen
2559 3080 2780 3141 motus
2820 3075 2939 3141 alii

823 3173 1078 3242 habent
1139 3174 1509 3243 consimiles
1572 3177 2046 3264 proportiones,
2117 3177 2233 3243 sed
2277 3199 2412 3243 non
2457 3183 2737 3265 possunt
2775 3199 2936 3245 sono

822 3284 892 3345 et
954 3281 1175 3368 gestui
1218 3279 1613 3346 conformari
1656 3281 1731 3344 in
1777 3301 1978 3345 unam
2043 3279 2570 3358 delectationem,
2634 3286 2717 3346 ut
2777 3285 2938 3346 sunt

822 3389 1043 3450 motus
1101 3383 1345 3472 pulsus.
1466 3383 1677 3450 Fiunt
1767 3383 1944 3448 enim
2017 3383 2376 3450 secundum
2451 3382 2709 3449 debitas
2789 3405 2938 3470 pro-

820 3488 1173 3572 portiones,
1238 3486 1480 3572 quibus
1556 3486 1808 3552 musica
1873 3485 2134 3567 utitur;
2209 3485 2326 3552 sed
2399 3484 2498 3551 ibi
2571 3485 2932 3552 existentes

820 3611 954 3654 non
1010 3595 1287 3676 possunt
1330 3589 1559 3656 referri
1624 3590 1711 3654 ad
1781 3587 2104 3667 auditum,
2163 3587 2282 3654 sed
2323 3591 2622 3674 respectu
2665 3591 2886 3654 tantus
2901 3586 2930 3624 ³

820 3695 1135 3772 tantum3
1188 3697 1257 3757 et
1298 3691 1448 3758 ideo
1489 3712 1627 3756 non
1664 3696 1825 3756 sunt
1852 3690 1936 3757 de
1967 3689 2240 3756 scientia
2269 3690 2551 3757 musicae.
2643 3689 2934 3757 Scientia

819 3796 1046 3858 tamen
1120 3815 1347 3858 eorum
1422 3797 1524 3858 est
1598 3792 1898 3880 subjecta
1972 3795 2044 3858 et
2115 3791 2573 3858 subalternata
2645 3793 2929 3860 musicae.

818 3893 994 3958 Nam
1056 3915 1395 3980 nunquam
1468 3893 1684 3960 bonus
1750 3895 1880 3960 erit
1942 3893 2233 3960 medicus
2276 3898 2349 3960 et
2425 3894 2752 3980 perfectus
2769 3893 2796 3931 ⁴
2857 3895 2932 3960 in

818 3995 1341 4062 consideratione
1387 3996 1715 4082 pulsuum,
1781 3996 1912 4061 nisi
1959 3995 2049 4062 sit
2093 3996 2458 4062 instructus
2525 3996 2600 4061 in
2667 4017 2936 4084 propor-

818 4097 1112 4164 tionibus
1175 4097 1456 4176 musicae‚
1521 4097 1693 4164 sicut
1746 4099 1986 4165 docent
2053 4101 2356 4164 auctores
2429 4098 2794 4182 medicinae,
2857 4105 2938 4167 ut

819 4199 1005 4287 Haly
1049 4199 1122 4266 in
1164 4199 1336 4267 libro
1382 4199 1485 4266 De
1530 4200 1878 4287 Regimine
1925 4199 2176 4288 Regali,
2224 4205 2294 4266 et
2337 4199 2536 4267 multi
2581 4199 2720 4268 alii.

880 4571 895 4605 ¹
920 4565 1401 4638 coqfiqurationibns]
1472 4565 1786 4636 figurationi-
1985 4569 2006 4600 ⁸
2027 4575 2245 4635 respectu
2267 4565 2455 4633 metus]
2493 4573 2696 4628 tactum,
2719 4561 2784 4618 Τ.

810 4643 921 4713 bus,
945 4651 1007 4702 Τ.
1987 4649 2004 4679 ⁴
2027 4657 2074 4699 ce
2087 4649 2364 4715 perfectus]
2402 4663 2501 4700 om.
2527 4645 2589 4699 Τ.

878 4731 899 4761 ²
910 4729 1322 4797 canonicatibus]
1336 4730 1748 4796 competentibus,
1756 4729 1820 4781 Β.
