3517 5750
814 872 945 937 230
1502 885 1757 936 Roomu
1803 884 2094 937 mcoms
2745 872 2920 959 [off.

814 1058 1058 1121 mentis
1122 1058 1627 1124 conformandus
1689 1058 1763 1124 in
1831 1059 2340 1126 delectationem
2399 1058 2684 1125 auditus.
2793 1056 2926 1123 Sed

816 1160 1065 1224 musica
1116 1182 1249 1225 non
1308 1161 1681 1228 considerat
1740 1162 1872 1227 nisi
1930 1163 2015 1229 de
2074 1162 2198 1242 his,
2245 1184 2394 1249 quae
2441 1161 2734 1227 motibus
2775 1182 2928 1225 con·

816 1261 1143 1327 similibus
1208 1268 1483 1349 possunt
1544 1265 1939 1331 conformari
2001 1265 2232 1332 cantui
2305 1269 2378 1331 et
2451 1286 2610 1331 sono
2684 1262 2928 1328 instru-

818 1368 1195 1431 mentorum
1238 1365 1313 1431 in
1356 1366 1864 1435 delectationem
1919 1389 2166 1435 sensus.
2275 1366 2538 1433 Deinde
2585 1387 2929 1453 nunquam

818 1465 1095 1553 alicujus
1168 1468 1439 1535 auditus
1512 1468 1733 1557 potuit
1809 1470 1986 1537 hunc
2059 1492 2296 1537 sonum
2355 1470 2702 1559 percipere,
2779 1490 2928 1535 cum

820 1572 1065 1649 tamen,
1110 1568 1171 1635 si
1214 1592 1415 1637 sonus
1458 1576 1579 1652 est,
1624 1578 1727 1639 est
1772 1594 2061 1659 praesens
2105 1572 2388 1640 auditui.

912 1670 1243 1739 Oaeterum
1290 1696 1428 1741 non
1479 1674 1693 1741 omnis
1744 1676 2092 1743 rarefactio
2135 1676 2308 1743 aeris
2357 1680 2632 1763 generat
2675 1696 2928 1756 sonum,

820 1773 934 1840 sed
979 1796 1127 1860 quae
1168 1782 1475 1843 causatur
1516 1800 1601 1844 ex
1644 1782 1833 1845 motu
1876 1778 2324 1865 percussionis,
2353 1778 2712 1845 secundum
2757 1777 2934 1863 quod

822 1876 1211 1945 Aristoteles
1256 1880 1461 1947 docet.
1550 1880 1687 1949 Sed
1730 1881 1956 1947 radius
2015 1903 2150 1949 non
2211 1882 2515 1969 percutit,
2561 1880 2680 1947 sed
2743 1901 2933 1968 gene-

822 1984 1009 2045 ratur
1050 2002 1137 2047 ex
1180 1983 1485 2069 potentia
1524 1984 1843 2065 materias,
1889 1990 1972 2051 ut
2021 1984 2302 2071 probavi
2359 1985 2434 2050 in
2485 1988 2781 2049 tractatu
2829 1982 2932 2049 De

823 2082 1075 2165 Radiis,
1144 2107 1341 2171 quem
1382 2086 1433 2152 J
1436 2086 1724 2153 ohannes
1767 2092 1962 2153 extra.
2003 2087 2392 2175 principalis.
2449 2108 2648 2175 opera
2705 2087 2936 2175 depor-

822 2186 1017 2253 tavit.
1133 2186 1227 2255 Et
1291 2194 1613 2277 praeterea.
1674 2190 2022 2257 rarefactio
2081 2190 2254 2257 radii
2315 2190 2577 2259 inducit
2635 2190 2932 2267 calorem,

822 2292 892 2353 et
934 2290 1017 2355 ad
1062 2290 1185 2356 hoc
1228 2298 1330 2358 est
1376 2293 1727 2376 ordinata3
1795 2293 1912 2359 sed
1955 2314 2155 2359 sonus
2199 2298 2302 2359 est
2345 2293 2618 2359 alterius
2661 2292 2936 2379 generis.

824 2390 959 2458 Sed
1002 2394 1330 2481 explicare
1374 2394 1509 2461 ista
1548 2416 1686 2461 non
1728 2399 1833 2461 est
1876 2395 2218 2483 praesentis
2262 2394 2532 2483 negotii.

912 2495 1203 2561 Tantum
1250 2502 1473 2563 tamen
1518 2502 1842 2578 teneatur,
1905 2498 2084 2583 quod
2135 2519 2270 2563 non
2329 2502 2688 2585 generatur
2739 2518 2938 2563 sonus

820 2618 907 2663 ex
952 2598 1155 2664 radiis
1198 2598 1531 2681 coelorum,
1562 2606 1634 2665 et
1684 2600 1838 2666 ideo
1889 2600 2078 2667 nulla
2129 2604 2232 2666 est
2283 2600 2534 2667 musice,
2581 2600 2935 2681 mundana,

821 2701 979 2766 licet
1030 2702 1389 2767 secundum
1442 2702 1824 2788 opinionem
1869 2703 2302 2790 antiquorum
2345 2702 2936 2791 Pythagoricorum

820 2803 1095 2868 duravit
1136 2802 1278 2871 haec
1320 2803 1543 2891 opinio
1588 2805 1772 2893 apud
1799 2805 2095 2894 vulgum.
2189 2806 2326 2873 Sed
2371 2808 2583 2896 magis
2621 2806 2938 2873 recitatur

824 2906 1007 2993 apud
1036 2907 1383 2993 sapientes,
1412 2929 1611 2993 quem
1640 2909 2062 2996 approbatur.
2154 2909 2246 2976 Et
2273 2911 2442 2991 ideo,
2473 2911 2632 2996 quia
2663 2909 2938 2976 Boetius

822 3008 981 3074 fecit
1010 3008 1418 3075 mentionem
1462 3009 1545 3074 de
1590 3031 1671 3076 ea.
1712 3012 1788 3077 in
1831 3035 1955 3081 sus,
1984 3010 2279 3092 Musica)
2315 3011 2440 3080 hoc
2481 3035 2617 3078 non
2659 3017 2764 3079 est
2806 3012 2935 3077 nisi

821 3111 1181 3178 secundum
1242 3113 1621 3200 opinionem
1680 3114 1870 3202 vulgi
1946 3114 2300 3198 recitando.
2437 3114 2672 3181 Omnis
2731 3115 2938 3202 igitur

822 3237 1021 3282 sonus
1050 3213 1161 3282 vel
1190 3221 1293 3282 est
1338 3237 1423 3282 ex
1451 3216 1788 3282 collisione
1818 3217 1969 3284 duri
1995 3239 2147 3284 cum
2177 3219 2361 3297 dui-0,
2391 3219 2500 3284 vel
2527 3239 2616 3284 ex
2643 3219 2936 3284 motione

825 3319 1182 3406 spirituum
1227 3319 1313 3385 ad
1354 3319 1651 3386 vocalem
1694 3322 2024 3388 arteriam.
2135 3321 2210 3388 Si
2275 3326 2374 3388 est
2437 3343 2522 3388 ex
2585 3320 2936 3403 collisione,

824 3427 990 3488 tunc
1032 3427 1134 3490 est
1176 3423 1429 3490 musica
1470 3423 2012 3504 instrumentalis,
2083 3424 2270 3510 cujus
2335 3424 2779 3491 instrumenta
2829 3422 2938 3490 vel

824 3530 984 3592 sunt
1025 3526 1554 3613 percussionalia,
1600 3532 1680 3593 ut
1722 3525 2074 3594 acetabula
2127 3531 2200 3592 et
2243 3526 2592 3614 cymbala3
2636 3526 2747 3593 vel
2790 3530 2936 3592 ten-

825 3629 993 3710 silia,
1038 3636 1119 3693 ut
1181 3629 1455 3707 cithera,
1516 3629 1770 3709 nidula,
1839 3633 1912 3696 et
1971 3629 2228 3712 multa3
2302 3629 2411 3696 vel
2471 3629 2796 3709 inflativa,
2859 3633 2938 3694 ut

492 3729 693 3782 numan
824 3731 1067 3810 fistula,
1112 3735 1182 3797 et
1224 3731 1410 3811 tibia,
1457 3737 1527 3798 et
1568 3732 1966 3819 hujusmodi.
2055 3733 2168 3800 Sic
2225 3731 2586 3819 distinguit
2601 3730 2630 3770 ²
2683 3731 2938 3799 Cassio·

492 3797 783 3918 2221„ss
828 3834 1031 3900 dorus
1054 3832 1081 3870 ³
1134 3835 1209 3900 in
1255 3855 1375 3899 sua
1420 3833 1693 3902 Musica..
1819 3835 1895 3902 Si
1939 3857 2100 3902 vero
2169 3835 2260 3902 sit
2316 3835 2572 3910 musica,
2633 3837 2716 3902 de
2783 3855 2944 3900 sono

828 3935 1135 4018 humane,
1185 3941 1349 4002 tunc
1392 3936 1499 4003 vel
1552 3943 1655 4004 est
1702 3938 1939 4006 melica
1982 3939 2092 4005 vel
2138 3947 2454 4026 pressim,
2505 3937 2616 4004 vel
2667 3937 2940 4004 metrica

826 4038 936 4105 vel
978 4038 1372 4125 rhythmica.
1464 4040 1755 4108 Melies.
1732 4063 1810 4106 m
1839 4045 2044 4108 cantu
2070 4042 2392 4122 consistit,
2423 4063 2574 4128 quae
2617 4045 2782 4108 nota
2821 4045 2942 4107 est.

824 4143 984 4208 Alia
1027 4141 1159 4209 tria
1200 4147 1361 4210 sunt
1402 4143 1477 4208 in
1518 4165 1836 4226 sermone,
1881 4153 2194 4233 prosaico,
2239 4146 2532 4226 metrice,
2577 4150 2648 4210 et
2703 4144 2938 4231 rhyth-

825 4247 1011 4313 mico.
1126 4244 1271 4311 Nec
1344 4245 1568 4314 obstet
1640 4248 1751 4315 hic
1817 4250 2304 4338 grammaticus,
2375 4247 2695 4315 musicam
2755 4247 2940 4334 igno-

828 4487 1177 4495 ——--—-—-—-———-
1185 4490 1192 4493 ..

898 4697 911 4729 ¹
937 4697 1023 4750 De
1044 4695 1275 4766 Museha]
1311 4698 1347 4752 i:
1372 4705 1415 4752 1.
2001 4701 2020 4732 ³
2049 4699 2394 4770 Cassiodorus]
2430 4709 2488 4756 ut
2507 4717 2672 4770 supra.

896 4779 916 4808 ²
935 4779 1214 4846 distinqnit]
1252 4780 1385 4831 dixit
1406 4779 1510 4844 (ἲ),
1532 4777 1595 4832 Τ.
