3517 5750
554 904 711 995 v11.]
1213 916 1677 969 communium
1720 915 1973 967 eronu.
2529 900 2662 973 44⁸7

552 1098 715 1181 tina,
792 1098 903 1165 vel
978 1095 1224 1175 Graeca,
1292 1096 1401 1161 vel
1476 1093 1780 1171 Hebraea,
1859 1097 1928 1159 et
1995 1114 2031 1160 e
2106 1113 2433 1173 converso,
2517 1116 2665 1180 quae

552 1223 689 1268 non
732 1205 929 1281 sunt;
1020 1199 1317 1277 secundo,
1366 1198 1523 1285 quia
1566 1195 2008 1263 derivationes
2070 1194 2266 1263 falsas
2323 1201 2394 1263 et
2459 1196 2665 1263 inter-

554 1304 955 1391 pretationes
1020 1302 1181 1368 facit
1248 1306 1317 1367 et
1386 1299 1822 1385 etymologias
1875 1300 1950 1363 in
2013 1298 2156 1379 his3
2243 1298 2458 1377 tertio,
2508 1300 2666 1386 quia

552 1406 720 1471 falsa
780 1405 1174 1493 pronuntiat
1218 1407 1287 1469 et
1348 1401 1593 1481 scribit,
1660 1405 1730 1468 et
1794 1402 2120 1490 praecipue
2163 1400 2266 1467 illi
2310 1402 2424 1488 qui
2467 1402 2666 1489 primi

552 1514 713 1575 sunt
787 1508 861 1571 in
934 1504 1457 1593 expositionibus
1532 1502 2000 1569 vocabulorum
2061 1503 2308 1591 linguae
2385 1504 2663 1583 Latinae,

554 1614 633 1675 ut
716 1614 875 1675 sunt
964 1608 1217 1695 Papias,
1296 1611 1365 1673 et
1450 1605 1776 1693 Hugutio,
1853 1610 1924 1671 et
2013 1605 2219 1684 Brito,
2305 1606 2665 1687 mendaces,

550 1734 837 1799 quorum
900 1709 1258 1777 mendaciis
1301 1708 1541 1795 vulgus
1584 1708 1980 1794 opprimitur
2025 1708 2428 1775 Latinorum.
2520 1709 2670 1777 Hu-

554 1815 741 1902 gutio
828 1815 901 1879 in
975 1813 1205 1900 primis
1294 1810 1802 1899 reprehenditur
1877 1810 1960 1875 de
2022 1832 2263 1897 magno
2327 1812 2666 1879 mendacio

554 1918 723 1983 circa
828 1916 1223 2005 principium
1336 1912 1597 1991 decreti,
1690 1912 1808 1977 ubi
1919 1911 2082 1979 dicit
2160 1914 2234 1979 in
2325 1920 2666 2002 apparatu,

556 2018 732 2105 quod
808 2016 1207 2104 exemplaria
1275 2015 1519 2081 Latina
1581 2014 1860 2081 certiora
1932 2020 2090 2081 sunt
2153 2038 2354 2103 quam
2417 2016 2664 2097 Groeca,

552 2127 625 2187 et
690 2120 923 2187 Graeca
983 2140 1183 2205 quam
1247 2116 1553 2198 Hebraea,
1600 2117 1878 2203 loquens
1939 2118 2023 2184 de
2083 2118 2216 2185 illis
2259 2141 2408 2205 quae
2453 2126 2672 2187 trans-

552 2222 691 2289 lata
726 2226 885 2288 suut
943 2220 1029 2287 ab
1099 2218 1403 2287 Hebraeis
1468 2220 1542 2285 in
1613 2218 1929 2299 Graecum,
1977 2225 2047 2286 et
2113 2220 2198 2287 ab
2269 2221 2555 2290 Hebraeo
2599 2229 2669 2290 et
2785 2282 2792 2287 .

557 2323 782 2391 Graeco
826 2324 901 2391 in
960 2322 1293 2399 Latinum,
1348 2320 1593 2389 faciens
1656 2322 2150 2389 distinctionem
2213 2323 2462 2391 ibidem
2508 2347 2668 2412 quo-

556 2428 753 2495 modo
799 2426 921 2493 hoc
963 2425 1269 2513 possibile
1313 2430 1429 2491 est.
1546 2422 1639 2491 Et
1704 2424 1988 2510 imponit
2035 2424 2446 2514 Hieronymo
2491 2429 2671 2515 quod

558 2530 826 2597 omnino
914 2526 1273 2594 absurdum
1364 2532 1483 2607 est,
1560 2532 1631 2593 et
1713 2532 1946 2593 contra
2035 2526 2523 2615 Hieronymum
2597 2532 2670 2597 in

558 2631 827 2719 prologo
873 2628 1329 2697 Pentateuchi.
1450 2628 1621 2697 Cum
1666 2630 1843 2695 enim
1887 2630 1961 2695 in
2003 2632 2342 2697 translatis
2385 2656 2428 2699 a
2469 2635 2672 2721 priori

560 2734 793 2821 lingua
850 2753 985 2797 non
1050 2735 1269 2819 potest
1326 2730 1400 2795 in
1458 2732 1806 2818 posteriori
1879 2732 2134 2819 aliquid
2205 2739 2383 2801 recte
2456 2741 2672 2803 trans-

561 2836 719 2904 ferri
830 2833 959 2902 nisi
1066 2834 1425 2900 secundum
1534 2835 1712 2922 quod
1821 2835 1952 2902 fuit
2063 2836 2136 2902 in
2235 2837 2488 2927 origine
2603 2845 2674 2906 et

561 2939 760 3018 fonte,
824 2937 1243 3004 manifestum
1310 2943 1413 3003 est
1478 2939 1654 3025 quod
1720 2939 1962 3004 certius
2029 2941 2296 3006 omnino
2364 2949 2466 3008 est
2533 2943 2674 3010 He-

564 3041 816 3107 braeum
892 3061 1091 3126 quam
1137 3037 1457 3119 Graecum,
1504 3046 1573 3107 et
1634 3041 1757 3106 hoc
1803 3062 2002 3127 quam
2048 3042 2380 3123 Latinum,
2427 3045 2500 3110 in
2568 3046 2671 3113 his

558 3166 707 3231 quae
770 3166 812 3208 a
869 3142 1197 3229 prioribus
1262 3143 1506 3229 linguis
1574 3143 1647 3208 in
1714 3143 2106 3231 posteriores
2168 3147 2670 3218 transferantur.

556 3247 653 3312 Et
708 3244 1137 3333 proculdubio
1200 3243 1653 3331 Hieronymus
1712 3267 2016 3333 expresse
2078 3248 2240 3316 dicit
2297 3251 2494 3317 istud.
2579 3252 2672 3318 Et

558 3347 707 3414 ideo
799 3347 1106 3434 Hugutio
1179 3367 1317 3414 non
1390 3345 1727 3414 intellexit
1815 3347 2304 3436 Hieronymum
2385 3353 2460 3416 in
2549 3352 2673 3420 hac

558 3456 759 3538 parte.
852 3449 961 3515 Ex
1012 3470 1141 3535 quo
1186 3453 1375 3536 patet
1418 3450 1595 3535 quod
1638 3450 1711 3514 in
1777 3449 1949 3516 libro
1991 3472 2110 3518 suo
2156 3453 2260 3520 De
2320 3453 2675 3523 Vocabulis

562 3556 758 3633 errat,
806 3573 957 3619 cum
1028 3551 1223 3630 dicat,
1273 3551 1449 3639 quod
1516 3573 1559 3618 a
1624 3552 1822 3618 doceo
1883 3552 2127 3620 dicitur
2170 3555 2452 3643 dogma3
2517 3578 2676 3643 quo·

560 3655 743 3720 niam
819 3652 1015 3720 docco
1092 3653 1425 3732 Latinum,
1504 3659 1573 3720 et
1648 3655 1890 3742 dogma
1951 3655 2254 3724 Graecum
2330 3665 2450 3726 est.
2541 3659 2676 3728 Sed

560 3757 740 3845 prior
812 3756 1041 3841 lingua
1129 3777 1266 3820 non
1356 3755 1752 3823 certificatur
1823 3780 1943 3845 per
2031 3761 2475 3846 posteriorem,
2552 3785 2673 3830 nec

562 3857 901 3924 derivatur
973 3879 1015 3924 a
1088 3857 1449 3944 posteriori,
1520 3865 1599 3926 ut
1674 3859 1954 3945 quilibet
2020 3863 2182 3928 satis
2255 3865 2461 3931 novit.
2583 3865 2676 3933 Et

560 3958 682 4025 hoc
743 3981 1043 4046 expresse
1120 3958 1283 4026 dicit
1328 3961 1780 4048 Hieronymus
1853 3962 1928 4028 in
1998 3963 2170 4032 libro
2216 3965 2674 4048 Quaestionum

566 4062 1044 4130 Hebraicarum
1058 4061 1077 4098 ¹
1127 4067 1195 4128 et
1243 4062 1511 4130 Servius
1562 4065 1637 4129 in
1680 4069 2151 4135 commentario
2209 4091 2406 4158 super
2449 4093 2677 4140 secun-

564 4165 723 4231 dum
794 4164 1259 4252 Georgicorum
1311 4165 1794 4252 reprehendens
1846 4169 2204 4251 Donatum,
2277 4175 2393 4260 qui
2435 4195 2677 4241 nomen

562 4267 819 4348 Bacchi,
888 4268 1068 4353 quod
1118 4274 1220 4335 est
1302 4267 1593 4334 Lenaeus
1672 4269 1991 4353 Graecum,
2057 4274 2218 4342 dicit
2283 4275 2572 4342 derivari
2637 4301 2680 4342 a

563 4370 754 4446 lenio,
820 4370 1005 4436 lenis.
1103 4371 1231 4437 Oui
1278 4369 1549 4438 Servius
1578 4371 1806 4458 objicit
1833 4375 2012 4459 quod
2059 4375 2336 4445 Lenoeus
2377 4379 2677 4446 Graecum

564 4477 685 4552 est,
760 4477 829 4538 et
902 4472 1052 4540 ideo
1120 4471 1425 4540 Latinam
1506 4495 1639 4540 non
1713 4475 1952 4563 reci-pit
2022 4478 2678 4566 interpretationem3

1072 4813 1085 4843 ¹
1117 4811 1445 4874 Quaestionum
1466 4813 1853 4885 Hebraeum]
1911 4817 2063 4872 Pras.
2081 4825 2253 4886 9³08.
