3517 5750
500 1042 751 1098 Rhetorie.

832 850 962 915 308
986 910 996 923 ,
1588 858 1850 909 nocam
1895 856 2188 909 mcoms
2749 843 2926 929 [car.

922 1037 1079 1103 Alia
1122 1038 1224 1099 est
1274 1034 1621 1114 rhetorica,
1666 1054 1816 1119 quae
1861 1034 2079 1101 utitur
2121 1033 2244 1097 hoc
2288 1053 2526 1120 genere
2570 1034 2887 1120 arguendi
2918 1056 2935 1113 3

834 1145 904 1205 et
963 1138 1103 1203 haec
1148 1140 1251 1201 est
1312 1158 1466 1223 pars
1528 1135 1798 1201 moralis
1861 1134 2303 1223 philosophiae,
2351 1136 2540 1221 cujus
2601 1136 2775 1202 socia
2833 1140 2936 1201 est

835 1240 1107 1327 poetica,
1200 1260 1346 1324 quae
1422 1236 1728 1303 consistit
1789 1236 1862 1302 in
1929 1237 2145 1315 dictis,
2219 1237 2394 1303 sicut
2453 1237 2709 1323 reliqua
2781 1258 2934 1323 pars

838 1340 1107 1405 moralis
1178 1339 1610 1426 philosophiae
1686 1340 1992 1404 consistit
2055 1340 2128 1403 in
2193 1338 2405 1403 factis.
2517 1338 2622 1403 Ex
2695 1340 2936 1424 quibus

838 1446 1025 1529 patet
1088 1442 1265 1526 quod
1328 1442 1655 1506 rhetorica
1718 1462 1858 1507 non
1917 1446 2021 1507 est
2081 1440 2357 1506 scientia
2399 1440 2778 1527 principalis
2823 1462 2938 1526 per

838 1568 907 1610 se
952 1544 1181 1622 divisa,
1230 1548 1461 1609 contra
1526 1542 1808 1629 logicam
1870 1549 1940 1608 et
2007 1542 2522 1628 grammaticam,
2568 1548 2648 1607 ut
2699 1543 2938 1628 vulgus

838 1647 1131 1732 assignat
1175 1650 1397 1731 partes
1464 1643 1692 1709 Trivii.
1787 1643 2071 1731 Oportet
2138 1644 2315 1709 enim
2373 1644 2550 1729 quod
2593 1644 2934 1721 rhetorica,

838 1768 1231 1833 componens
1320 1750 1711 1833 argumenta
1785 1748 1857 1811 et
1944 1746 2182 1811 docens
2255 1766 2544 1832 arguere,
2621 1747 2714 1811 sit
2786 1766 2940 1832 pars

837 1850 1083 1935 logicae,
1148 1855 1217 1915 et
1284 1848 1461 1934 quod
1524 1852 1719 1913 utens
1782 1848 1874 1913 sit
1947 1868 2100 1933 pars
2167 1847 2434 1912 moralis
2494 1847 2937 1933 philosophiae.

843 1952 933 2016 Et
976 1950 1283 2015 similiter
1326 1954 1427 2015 est
1472 1950 1731 2035 poetica
1797 1948 2060 2035 duplex,
2107 1947 2356 2013 scilicet
2401 1950 2636 2014 docens
2681 1970 2938 2035 compo-

840 2075 995 2119 nere
1038 2056 1501 2139 argumentum
1566 2052 1915 2137 poeticum,
1983 2055 2054 2115 et
2118 2056 2312 2115 utens
2375 2072 2467 2115 ec.
2557 2050 2784 2116 Prima
2841 2055 2942 2116 est

841 2178 993 2241 pars
1066 2154 1335 2239 logicae3
1408 2154 1697 2217 secunda
1771 2158 1874 2218 est
1941 2174 2092 2238 pars
2159 2152 2425 2217 moralis
2499 2152 2938 2239 philosophiae.

844 2256 1148 2336 Qualiter
1213 2260 1437 2321 autem
1513 2254 1772 2340 poetica
1837 2254 2062 2319 differt
2129 2275 2172 2319 a
2243 2254 2586 2331 rhetorica,
2651 2262 2794 2319 tam
2868 2256 2942 2319 in

841 2357 1229 2444 logicalibus
1292 2377 1493 2441 quam
1556 2356 1629 2419 in
1694 2355 2052 2421 moralibus
2119 2356 2392 2443 exposui
2439 2356 2512 2421 in
2577 2356 2692 2421 illa
2752 2360 2942 2444 parte

844 2464 1083 2545 quarta
1102 2456 1121 2495 ¹
1188 2456 1397 2522 Primi
1464 2456 1746 2543 Operis,²
1807 2462 1878 2521 et
1935 2457 2147 2543 magis
2221 2460 2294 2522 in
2369 2458 2666 2544 septima.
2777 2460 2944 2526 Haec

846 2568 1071 2627 autem
1116 2560 1265 2625 ideo
1312 2559 1607 2638 distinxi,
1660 2559 1822 2645 quia
1871 2558 2116 2644 vulgus
2159 2580 2296 2624 non
2339 2560 2660 2647 intelligit
2689 2560 2945 2647 aliquid

846 2666 1201 2729 discretum
1244 2662 1371 2740 hic,
1416 2682 1538 2725 nec
1582 2660 1707 2726 scit
1771 2660 1876 2725 cui
1937 2661 2232 2727 scientiae
2295 2662 2626 2748 pertineat
2667 2664 2771 2728 uti
2815 2685 2948 2729 ser-

848 2785 1039 2827 mone
1084 2763 1347 2837 decor03
1391 2782 1513 2826 nec
1572 2760 1758 2846 cujus
1821 2763 1913 2827 sit
1981 2784 2206 2827 causas
2259 2768 2329 2828 et
2395 2765 2685 2830 rationes
2743 2766 2944 2851 assig-

846 2887 1021 2930 nare.
1110 2863 1312 2950 Apud
1374 2862 1584 2949 igitur
1626 2865 1944 2930 musicam
2009 2868 2110 2930 est
2175 2870 2468 2952 potestas
2533 2865 2732 2954 hujus
2793 2889 2946 2932 con-

848 2965 1269 3032 siderationis
1342 2966 1699 3030 secundum
1777 2988 2004 3032 causas
2065 2971 2134 3032 et
2199 2967 2532 3048 rationes;
2593 2969 2714 3058 sed·
2767 2970 2947 3056 apud

849 3067 1046 3134 alias³
1111 3072 1213 3133 est
1266 3087 1469 3146 usus3
1537 3067 1974 3133 diversimode
2039 3074 2310 3149 tamen3
2377 3071 2690 3155 quoniam
2755 3072 2950 3136 aliter

850 3170 1335 3256 grammaticus,
1384 3169 1579 3234 aliter
1643 3168 1910 3256 logicus,
1965 3171 2161 3236 aliter
2223 3173 2504 3252 moralis,
2573 3178 2642 3238 et
2701 3173 2946 3250 rhetor,

851 3278 921 3338 et
962 3271 1275 3358 poeticus.
1366 3269 1693 3335 Similiter
1738 3271 1820 3336 de
1867 3271 2204 3357 gestibus3
2249 3294 2406 3337 nam
2454 3279 2790 3340 ostensum
2847 3279 2950 3340 est

850 3375 1049 3461 prius,
1117 3373 1291 3459 quod
1357 3395 1582 3438 omnes
1644 3378 1887 3458 gestuS,
1941 3377 2011 3438 et
2079 3375 2541 3455 exultationes,
2603 3381 2675 3442 et
2739 3377 2950 3442 flexus

851 3475 1139 3562 corporis
1181 3475 1519 3560 pertinent
1562 3473 1649 3538 ad
1694 3474 2026 3552 musicam,
2077 3482 2400 3560 quantum
2444 3479 2530 3542 ad
2594 3499 2818 3543 causas
2877 3483 2948 3544 et

850 3579 1143 3642 rationes
1198 3575 1645 3662 assignandas,
1692 3581 1773 3640 ut
1834 3576 2003 3641 fiant
2069 3578 2584 3664 proportionales
2647 3582 2948 3660 sermoni,

854 3678 1145 3743 motibus
1212 3675 1683 3756 consimilibus,
1750 3683 1822 3742 et
1883 3678 2512 3764 configurationibus
2587 3687 2954 3768 competen-

854 3779 1057 3844 tibus.
1154 3777 1245 3841 Et
1288 3777 1439 3842 ideo
1484 3799 1633 3842 cum
1676 3799 2022 3863 persuasor
2084 3780 2343 3846 honesti
2407 3787 2476 3847 et
2539 3783 2700 3848 boni
2758 3784 2955 3850 debet

853 3878 1095 3942 habere
1164 3877 1548 3961 hujusmodi
1614 3885 1839 3963 gestus
1915 3903 2152 3946 suaves
2213 3887 2283 3946 et
2341 3883 2719 3964 conformes,
2783 3887 2955 3952 sicut

856 3979 1127 4062 exposui
1204 3977 1277 4040 in
1355 3978 1593 4063 quinta
1660 3987 1848 4064 parte
1917 3980 2188 4050 Moralis
2233 3982 2687 4072 Philosophiae,
2749 3989 2960 4052 mani-

854 4079 1098 4144 festum
1146 4085 1246 4142 est
1291 4078 1469 4163 quod
1512 4079 1585 4143 in
1628 4079 1733 4145 his
1777 4083 2024 4148 musica
2091 4085 2182 4148 sit
2241 4088 2606 4152 necessaria
2665 4089 2958 4154 moribus

856 4179 1348 4268 persuadendis.
1444 4179 1834 4266 Cytharista
1895 4205 2051 4250 vero
2115 4190 2424 4272 operatur
2473 4191 2842 4257 mechanice
2886 4199 2958 4257 et

862 4283 1078 4348 utitur
1122 4281 1566 4347 instrumento
1612 4284 1860 4350 musico
1905 4307 2021 4372 per
2049 4290 2630 4368 consuetudinem3
2673 4293 2789 4356 sed
2817 4293 2956 4380 ipse

856 4383 1066 4449 nescit
1143 4405 1369 4448 causas
1438 4387 1507 4448 et
1574 4385 1863 4451 rationes
1937 4391 2432 4473 proportionum
2497 4413 2821 4474 sonorum,
2887 4401 2953 4462 et

920 4645 934 4675 ¹
952 4653 1098 4709 parte
1120 4645 1325 4710 quarta]
1364 4653 1538 4709 quarta
1558 4653 1711 4710 parte,
1734 4647 1795 4698 Τ.
2019 4649 2039 4678 ⁸
2059 4649 2215 4717 alias]
2253 4653 2366 4716 alia,
2389 4653 2450 4705 Τ.

918 4724 939 4753 ²
962 4723 1120 4772 Primi
1144 4723 1349 4789 Operis]
1384 4725 1565 4789 Operis
1576 4725 1758 4788 Primi,
1787 4726 1848 4777 B.
