3517 5750
516 1998 627 2049 The
642 1997 790 2048 lunar

512 2066 613 2115 and
640 2065 775 2117 solur

517 2146 656 2199 ym-

844 872 977 938 214
1602 886 1858 939 nomm
1905 884 2196 938 Bscoms
2768 866 2944 959 [mr.

842 1066 1201 1149 potuerunt
1246 1060 1587 1129 certificari
1632 1062 1715 1128 de
1757 1084 1918 1128 vero
1962 1062 2104 1129 loco
2147 1062 2364 1142 lunae3
2431 1066 2502 1127 et
2567 1060 2681 1125 isti
2739 1060 2950 1125 motui

841 1164 1019 1231 lunae
1064 1164 1393 1231 dederunt
1434 1186 1693 1243 nomen,
1740 1170 1812 1231 et
1853 1168 2262 1232 vocaverunt
2306 1166 2562 1230 motum
2593 1166 2947 1249 oequatum,

842 1271 914 1333 et
958 1266 1295 1352 aequalem,
1340 1273 1412 1334 et
1454 1268 1743 1333 medium
1775 1292 1792 1348 ;
1861 1268 2020 1353 quia
2061 1289 2316 1355 semper
2359 1266 2630 1352 aequalis
2659 1270 2806 1347 est3
2865 1268 2952 1345 et,

844 1369 1177 1435 mediante
1238 1369 1369 1447 illo,
1446 1370 1788 1436 invenitur
1837 1376 2059 1437 motus
2125 1370 2304 1437 lunae
2367 1390 2580 1447 verus,
2643 1375 2715 1435 et
2775 1370 2954 1434 locus

844 1493 1040 1537 verus
1054 1469 1075 1509 ¹
1140 1472 1213 1537 in
1280 1472 1463 1551 coelo‚
1510 1477 1581 1538 et
1639 1493 1800 1539 vera
1857 1472 2247 1560 conjunctio,
2339 1473 2430 1538 Et
2493 1472 2642 1537 ideo
2719 1471 2955 1551 adhuc,

846 1572 1113 1661 quando
1175 1573 1335 1641 luna
1400 1576 1855 1643 consideratur
1915 1596 2115 1663 penes
2180 1576 2394 1641 locum
2441 1576 2661 1652 istum,
2725 1574 2956 1639 dicunt

845 1676 1023 1762 quod
1066 1679 1169 1741 est
1228 1676 1599 1763 conjunctio
1660 1678 1804 1766 ejus
1871 1678 2161 1765 aequalis,
2225 1682 2296 1744 et
2359 1677 2579 1743 media
2641 1676 2711 1741 in
2771 1677 2954 1756 coe10,

847 1780 1020 1865 quia,
1068 1779 1399 1846 mediante
1442 1779 1575 1859 illa,
1620 1780 1906 1847 habetur
1949 1802 2106 1849 vera
2157 1778 2544 1867 conjunctio,
2615 1778 2766 1845 Hoc
2809 1778 2954 1844 dico

848 1885 1116 1970 propter
1158 1882 1363 1949 verba
1404 1902 1643 1949 eorum.

942 1985 1256 2051 Dicamus
1329 1985 1541 2072 igitur
1614 1986 1794 2073 quod
1865 1986 2109 2053 mensis
2181 1986 2434 2051 lunaris
2507 1984 2956 2051 consideratur

852 2108 1051 2175 penes
1092 2086 1619 2173 conjunctionem
1681 2088 1986 2169 mediam,
2033 2088 2192 2177 quia.
2235 2094 2496 2176 tempus
2541 2089 2718 2154 inter
2767 2109 2956 2174 quas-

850 2190 1019 2258 libet
1078 2192 1248 2257 tales
1292 2190 1784 2278 conjunctiones
1851 2198 1954 2259 est
2019 2212 2274 2279 semper
2315 2190 2612 2278 aequa103
2677 2197 2748 2257 et
2807 2190 2954 2256 ideo

854 2298 1106 2359 certum
1152 2294 1316 2380 quid
1360 2298 1481 2375 est,
1531 2298 1601 2361 et
1644 2299 1866 2382 potest
1911 2294 2254 2361 certificari
2301 2294 2705 2382 computatio
2735 2314 2959 2359 secun-

853 2397 1012 2462 dum
1058 2420 1218 2462 eam.
1292 2396 1385 2463 Et
1430 2398 1522 2463 sic
1564 2398 1810 2464 mensis
1870 2398 2120 2464 lunaris
2183 2398 2439 2465 dicetur
2503 2420 2639 2463 una.
2681 2396 2954 2477 lunatio,

853 2522 1003 2585 quae
1065 2500 1363 2567 continet
1406 2522 1646 2567 novem
1698 2506 1772 2567 et
1813 2500 2060 2589 viginti
2127 2502 2266 2567 dies
2327 2505 2398 2567 et
2463 2500 2828 2581 dimidium,
2887 2504 2958 2565 et

852 2601 1105 2688 aliquas
1148 2606 1369 2689 partes
1430 2604 1723 2669 minutas
1785 2603 2115 2683 horarum,
2181 2626 2328 2690 quae
2391 2606 2714 2669 vocantur
2793 2601 2956 2667 frac-

850 2704 1080 2769 tiones.
1173 2702 1447 2771 Hebraei
1490 2728 1649 2773 vero
1693 2706 2010 2773 dividunt
2053 2728 2255 2772 unam
2331 2706 2557 2772 horam
2633 2706 2705 2770 in
2777 2704 2957 2769 mille

852 2806 1191 2894 octoginta
1264 2816 1498 2895 partes,
1548 2814 1815 2898 propter
1880 2809 2342 2877 certitudinem
2405 2807 2956 2898 computationis3

852 2910 1029 2974 unde
1049 2909 1077 2948 ²
1150 2915 1419 2997 propter
1490 2913 1661 2978 hanc
1735 2913 2126 2980 divisionem
2215 2913 2458 2980 certius
2546 2911 2958 2978 considerant

851 3033 1049 3097 quam
1094 3015 1453 3079 astronomi
1499 3013 1778 3082 aliarum
1821 3017 2187 3098 nationum,
2219 3017 2336 3104 qui
2381 3015 2695 3082 dividunt
2729 3014 2956 3080 horam

854 3115 926 3180 in
970 3115 1316 3202 sexaginta
1358 3122 1597 3205 partes.
1687 3119 1840 3186 Hoc
1885 3120 2387 3208 supponendum
2433 3123 2535 3185 est
2577 3140 2770 3198 nunc,
2801 3139 2954 3182 nam

852 3217 1153 3305 probatio
1228 3224 1407 3286 certa
1472 3220 1677 3287 currit
1750 3243 1948 3310 super
2018 3224 2158 3289 hoc.
2248 3223 2341 3289 Et
2414 3221 2534 3288 has
2607 3221 2958 3288 fractiones

852 3321 1159 3388 horarum
1223 3321 1295 3388 in
1362 3323 1661 3408 quolibet
1710 3345 1934 3392 mense
2001 3325 2341 3412 colligunt,
2407 3325 2612 3390 donee
2671 3321 2958 3412 possint⁸

850 3447 1110 3510 aequare
1154 3447 1403 3492 annum
1448 3426 1745 3494 lunarem
1790 3428 2004 3508 solari,
2051 3428 2230 3514 quod
2273 3427 2514 3493 accidit
2556 3428 2650 3493 eis
2710 3425 2780 3492 in
2841 3446 2961 3491 suo

850 3529 1050 3594 tertio
1126 3549 1319 3594 anno.
1428 3529 1499 3595 Ν
1498 3553 1605 3596 am
1683 3531 1843 3618 quia.
1915 3553 2130 3598 annus
2203 3531 2432 3596 solaris
2503 3530 2696 3596 addit
2767 3552 2960 3617 super

850 3653 1099 3698 annum
1173 3632 1469 3698 lunarem
1546 3634 1850 3700 undecim
1919 3634 2060 3700 dies
2085 3655 2406 3716 3—-annus
2481 3633 2656 3700 enim
2729 3633 2958 3699 solaris

849 3733 1049 3799 habet
1124 3739 1455 3800 trecentos
1528 3737 1878 3823 sexaginta.
1951 3737 2243 3824 quinque
2309 3737 2450 3802 dies
2514 3737 2825 3823 integros,
2889 3739 2962 3800 et

847 3835 1099 3900 lunaris
1141 3835 1271 3900 nisi
1316 3835 1961 3927 ocelim—colligunt
2003 3845 2110 3906 ter
2152 3840 2454 3906 undecim
2499 3840 2656 3920 dies,
2697 3845 2767 3905 et
2809 3861 2960 3904 con-

848 3937 1147 4003 stituunt
1175 3959 1383 4004 unum
1412 3961 1704 4006 mensem
1734 3942 2050 4021 lunarem,
2083 3947 2154 4010 et
2182 3947 2441 4032 ponunt
2469 3947 2625 4008 ante
2643 3941 2958 4029 Aprilem,

850 4061 937 4105 ex
980 4061 1175 4106 causa
1220 4045 1401 4106 certa
1444 4063 1641 4128 quam
1682 4043 1956 4110 inferius
1985 4051 2272 4132 tangam,
2315 4049 2386 4110 et
2414 4050 2700 4111 utuntur
2745 4045 2962 4110 lunari

850 4143 1021 4208 sicut
1064 4164 1185 4209 nos
1229 4143 1779 4228 decennovenali;
1855 4149 1970 4234 qui
2017 4149 2238 4233 cyclus
2311 4147 2561 4213 lunaris
2613 4147 2846 4236 incipit
2888 4149 2962 4212 in

852 4250 1093 4333 quarto
1136 4265 1311 4312 anno
1348 4247 1514 4335 cycli
1557 4248 2116 4332 decennovenaliS,
2149 4256 2218 4318 et
2247 4253 2544 4317 continet
2569 4251 2706 4317 xix,
2737 4271 2961 4330 annos,

852 4351 1023 4418 sicut
1066 4355 1293 4418 noster
1368 4353 1603 4439 cyclus.
1698 4353 1793 4419 Et
1854 4360 2214 4443 posuerunt
2275 4375 2476 4420 unam
2521 4349 2820 4421 tdbulam
2874 4376 2961 4421 ex

854 4454 1168 4524 tredecim
1212 4455 1415 4543 cyclis
1460 4456 1726 4539 talibus,
1760 4480 1897 4546 qua
1924 4459 2230 4526 revoluta
2259 4459 2673 4546 com'plentur
2715 4479 2961 4540 omnes,

912 4715 929 4748 ¹
962 4722 1009 4765 et
1029 4712 1161 4766 locus
1184 4712 1349 4784 vernn]
1390 4729 1487 4769 om.
1512 4713 1574 4769 T.
1738 4759 1746 4766 .
2023 4717 2043 4749 ³
2057 4716 2276 4786 possint]
2315 4725 2538 4784 possunt,
2562 4715 2623 4768 Τ.

908 4790 930 4826 ²
962 4795 1113 4862 unde]
1152 4804 1224 4860 ut,
1263 4795 1324 4846 Τ.
