3517 5750
870 850 1003 915 268
1624 866 1882 915 nomm
1925 864 2218 915 naooms
2801 846 2976 932 [car.

962 1037 1227 1105 Nomen
1288 1041 1363 1105 in
1424 1062 1559 1107 aue
1620 1045 1691 1105 et
1752 1041 1824 1105 in
1871 1062 1992 1106 ωε
2035 1038 2434 1125 producitur,
2481 1040 2562 1107 ut
2613 1035 2972 1114 Menelaus,

871 1140 1239 1207 Asmodeus
1328 1144 1403 1207 in
1475 1142 1703 1221 Tobia,
1773 1142 2114 1219 zaccheus,
2209 1140 2529 1217 trocheus,
2631 1138 2974 1225 spondeus.

873 1242 967 1307 Et
1032 1264 1273 1309 nomen
1332 1246 1407 1309 in
1468 1266 1631 1311 oum
1690 1244 2094 1331 producitur,
2147 1248 2228 1309 ut
2285 1242 2706 1319 mausoleum,
2783 1260 2974 1305 cano·

868 1364 1067 1429 peum
1112 1346 1185 1409 in
1212 1344 1493 1411 Judithz
1542 1366 1701 1411 nam
1728 1345 2110 1411 Juvenalis¹
2145 1346 2376 1431 long-at
2405 1364 2697 1429 canopeo
2725 1342 2800 1407 in
2843 1342 2975 1406 fine

866 1468 1109 1523 versus,
1160 1453 1231 1513 et
1277 1446 1615 1515 Lucanus⁸
1666 1449 1900 1535 longat
1949 1446 2320 1513 mausolea.
2413 1446 2550 1511 Sed
2593 1444 2976 1511 thamam

866 1546 1023 1613 licet
1058 1570 1099 1611 a
1128 1548 1431 1633 pluribus
1474 1550 1803 1637 longatur,
1851 1556 2080 1615 tamen
2121 1550 2194 1614 in
2241 1549 2472 1614 Graeco
2501 1546 2705 1613 habet
2749 1567 2971 1611 accen-

868 1653 1015 1713 tum
1038 1656 1305 1716 acutum
1334 1652 1409 1717 in
1436 1652 1960 1738 antepenultima
1987 1677 2002 1716 :
2053 1652 2262 1738 igitur
2289 1650 2646 1717 secundum
2675 1648 2974 1735 regulam

868 1752 1241 1837 generalem
1314 1762 1619 1820 accentus
1692 1756 2108 1821 breviabitur
2181 1754 2560 1841 penultima.
2711 1750 2976 1815 Nomen

869 1876 1027 1919 vero
1072 1855 1373 1921 desinens
1418 1858 1492 1922 in
1522 1858 1638 1923 im
1668 1856 2039 1943 corripitur,
2071 1862 2152 1923 ut
2181 1856 2540 1935 Cornelius
2573 1859 2644 1921 et
2671 1853 2974 1919 desinens

870 1955 945 2019 in
986 1976 1112 2022 oue
1155 1958 1564 2044 producitur,
1610 1963 1693 2023 ut
1736 1959 1932 2037 Eous,
1989 1960 2064 2023 id
2115 1964 2220 2025 est
2269 1958 2624 2023 orientalis.
2715 1954 2976 2021 Caetera

868 2058 1325 2145 corripiuntur,
1392 2064 1463 2127 et
1504 2060 1818 2125 ultimum
1879 2066 2170 2127 acuunt:
2217 2062 2265 2128 J
2269 2062 2484 2137 echaa,
2545 2059 2593 2125 J
2595 2080 2770 2137 osua,
2821 2056 2976 2122 Ber-

868 2158 1079 2237 sabee,
1119 2159 1168 2225 J
1170 2183 1339 2239 osue,
1378 2162 1571 2239 Isaia,
1608 2162 1855 2251 RagaO,
1887 2163 1954 2227 N
1957 2164 2172 2240 echao,
2203 2168 2274 2229 et
2317 2161 2713 2247 hujusmodi.
2779 2160 2877 2225 Et
2919 2158 2976 2223 si

866 2262 1347 2329 consideremus
1376 2266 1671 2331 vocalem
1714 2266 1804 2331 ad
1847 2270 2331 2343 consonantem,
2363 2270 2527 2331 tunc
2555 2264 2630 2329 in
2675 2262 2974 2351 pluribus

866 2382 915 2427 a
980 2371 1137 2429 ante
1212 2364 1251 2431 b
1326 2368 1689 2447 breviatur,
1758 2372 1838 2432 ut
1883 2368 2154 2447 Artaba,
2227 2368 2582 2446 Barnabas,
2645 2365 2969 2453 Agabus:

868 2466 1193 2552 excipitur
1238 2467 1595 2549 Barabbas,
1642 2491 1886 2537 nomen
1929 2470 2223 2547 latronis,
2267 2492 2462 2556 quem
2508 2468 2555 2533 J
2556 2468 2732 2535 udaei
2793 2470 2973 2554 pete-

870 2566 1053 2633 bant.
1144 2568 1325 2635 Nam
1372 2570 1685 2637 Sedulius
1713 2570 1740 2609 ³
1785 2571 2015 2658 longat
2059 2573 2510 2660 penultimam,
2557 2572 2688 2637 sic:

1025 2713 1061 2743 ‘⁶
1091 2707 1275 2773 Tunc
1321 2710 1574 2776 coluere
1620 2710 1804 2793 Baal,
1853 2712 2012 2777 tunc
2079 2712 2330 2799 elegere
2375 2708 2810 2777 Barabbam.'’

870 2844 1047 2912 Nam
1092 2847 1341 2934 duplex
1386 2848 1423 2914 b
1468 2855 1570 2915 est
1614 2850 1685 2914 in
1746 2852 2004 2932 ultima,
2053 2852 2192 2918 sive
2253 2855 2680 2940 componatur
2723 2848 2802 2916 de
2849 2848 2974 2915 bar

869 2953 939 3012 et
982 2947 1205 3028 abba-3,
1254 2951 1393 3016 sive
1438 2951 1520 3016 de
1582 2951 1707 3017 bar
1773 2960 1844 3020 et
1916 2954 2131 3021 rabbi.
2257 2953 2698 3042 Excipiuntur
2771 2953 2974 3017 etiam

866 3050 1347 3130 candelabrum,
1398 3053 1763 3136 dolabrum,
1811 3055 2270 3134 ventilabrum,
2318 3055 2675 3122 velabrum.

954 3173 1003 3216 a
1054 3159 1211 3218 ante
1262 3176 1295 3220 c
1346 3153 1703 3235 breviatur,
1751 3163 1833 3223 ut
1879 3157 2188 3239 RabaceS,
2241 3157 2546 3245 psitacus»,
2593 3158 2971 3237 fusmacum,

868 3251 1330 3334 challimacus,
1409 3261 1739 3323 stomacus
1774 3284 1791 3338 ;
1870 3260 2290 3348 excipiuntur
2372 3265 2599 3326 tamen
2679 3281 2971 3346 opacum,

863 3375 1213 3438 meracum,
1262 3359 1522 3440 cloaca;
1611 3367 1679 3424 et
1723 3361 2060 3446 genitivus
2103 3363 2177 3427 in
2230 3361 2394 3443 acis,
2455 3369 2536 3427 ut
2595 3361 2756 3428 dicit
2801 3357 2973 3425 Pris-

862 3457 1089 3524 cianus
1123 3461 1197 3524 in
1236 3460 1534 3548 septimo,
1591 3466 1671 3526 ut
1713 3462 2016 3528 thoracis.
2126 3461 2472 3530 Candaei&
2503 3464 2728 3529 Graece
2771 3459 2974 3527 habet

862 3565 1207 3626 accentum
1252 3570 1524 3628 acutum
1570 3563 1643 3627 in
1704 3565 2095 3650 penultima,
2141 3565 2326 3652 cujus
2369 3565 2820 3632 nominativus
2871 3568 2972 3629 est

866 3659 1199 3741 Candace,
1220 3662 1417 3750 hujus
1453 3663 1815 3744 (laudacie,
1851 3672 1920 3732 et
1947 3690 2080 3732 non
2113 3669 2400 3749 candax,
2425 3668 2594 3735 sicut
2625 3667 2698 3731 in
2728 3666 2968 3732 Graeco.

950 3785 999 3828 a
1060 3771 1213 3830 ante
1284 3765 1333 3832 d
1396 3766 1757 3848 breviatur,
1819 3774 1901 3835 ut
1967 3769 2261 3855 Hyades,
2316 3765 2612 3836 Pleiades
2679 3769 2753 3833 in
2817 3767 2864 3832 J
2868 3768 2967 3846 ob,

861 3861 1339 3945 hebdomades3
1415 3869 1839 3954 excipiuntur
1891 3870 2150 3954 cicada,
2235 3881 2302 3938 et
2381 3873 2656 3938 verbum
2700 3867 2970 3950 εααάεο,

860 3964 1109 4030 mdes
1132 3989 1161 4044 ,·
1208 3972 1278 4031 et
1322 3967 1469 4049 alia,
1518 3971 1601 4034 de
1647 3973 1886 4057 quibus
1929 3995 2064 4039 non
2110 3980 2209 4040 est
2251 3973 2368 4038 vis.

949 4087 996 4132 a
1040 4072 1195 4133 ante
1236 4067 1291 4153 f
1325 4071 1687 4153 breviatur,
1757 4081 1836 4138 ut
1896 4075 2152 4156 colafus,
2225 4075 2490 4164 Epafus,
2553 4073 2968 4164 chirografum

859 4159 1207 4235 Juvenalis
1253 4170 1420 4258 [Sat.
1466 4173 1607 4240 xiii.
1644 4177 1866 4262 135.]:

1044 4297 1080 4323 “
1103 4289 1297 4356 Vana
1342 4296 1731 4380 supervacui
1781 4295 2011 4361 dicunt
2054 4297 2483 4385 chirographa
2523 4292 2752 4384 ligni.”

947 4445 996 4492 a
1070 4430 1225 4492 ante
1297 4449 1343 4513 9
1433 4429 1824 4516 producitur
1915 4431 1990 4497 in
2069 4434 2272 4500 tertia
2361 4432 2816 4512 declinatione,
2889 4437 2970 4498 ut

856 4528 1095 4616 imago,
1173 4552 1477 4618 propago.
1573 4529 1707 4598 Sed
1781 4533 2113 4622 Astyages
2189 4537 2542 4624 corripitur
2613 4535 2973 4602 secundum

924 4785 1253 4854 ¹Jn0enalis]
1294 4789 1397 4842 Sat.
1424 4791 1493 4843 vi.
1522 4799 1601 4844 81.
2028 4795 2048 4826 ⁸
2073 4793 2326 4861 Sedulius]
2355 4795 2525 4848 Cam.
2543 4811 2592 4847 v.
2621 4798 2732 4846 147.

926 4865 947 4894 ¹
965 4863 1230 4934 Lucanus]
1258 4869 1363 4921 viii.
1388 4875 1502 4923 697.
