3517 5750
568 852 707 941 111.]
1237 864 1703 917 com-sumum
1746 864 1997 918 srunn.
2539 852 2671 919 415

570 1054 607 1083 “
650 1044 970 1113 nollemus
1050 1041 1303 1109 imitari
1355 1064 1505 1109 cum
1557 1044 1776 1131 plures
1828 1044 2038 1110 facere
2107 1044 2446 1132 coeperint,
2517 1044 2676 1131 quia

573 1158 609 1185 “
652 1148 1063 1237 frequentius
1114 1146 1303 1233 quasi
1332 1146 1676 1212 honestius
1705 1147 1778 1211 id
1807 1146 2099 1227 facimus,
2136 1152 2205 1213 et
2251 1148 2417 1213 recti
2461 1146 2674 1213 locum

574 1262 608 1289 ‘⁴
654 1252 833 1340 apud
895 1271 1015 1316 nos
1073 1254 1260 1315 tenet
1314 1270 1492 1315 error
1552 1249 1669 1314 ubi
1716 1248 2016 1337 publicus
2071 1250 2284 1316 factus
2335 1248 2494 1315 est.”
2584 1251 2675 1317 Et

570 1356 809 1421 scimus
866 1376 983 1441 per
1086 1352 1561 1439 experientiam
1630 1352 1956 1439 propriam
2022 1353 2097 1417 in
2170 1354 2362 1418 nobis
2443 1358 2512 1419 et
2601 1354 2675 1417 in

570 1458 735 1537 aliis,
800 1456 979 1543 quod
1039 1456 1181 1521 haec
1250 1456 1383 1520 tria
1434 1454 1683 1520 cadunt
1740 1456 1817 1519 in
1886 1455 2186 1541 pluribus
2250 1478 2446 1543 super
2511 1456 2676 1521 falsa

570 1564 641 1627 et
714 1558 901 1625 mala.
1026 1556 1277 1638 Quodsi
1352 1556 1713 1643 aliquando
1789 1563 1946 1624 sunt
2035 1557 2227 1637 bona,
2304 1558 2520 1625 adhuc
2601 1560 2676 1625 in

570 1661 870 1750 pluribus
944 1666 1103 1727 sunt
1160 1658 1559 1747 imperfecta,
1608 1658 1709 1725 ita
1756 1658 1936 1747 quod
1993 1660 2326 1727 rarissime
2386 1662 2678 1728 trahitur

572 1764 947 1853 exemplum
1005 1760 1511 1851 imperfectionis
1556 1762 1629 1827 in
1680 1763 2239 1843 consuetudinem,
2287 1785 2405 1830 seu
2448 1764 2522 1829 in
2565 1784 2677 1831 ve-

571 1867 841 1933 ritatem
901 1866 1063 1933 vitre
1123 1886 1241 1931 seu
1274 1864 1587 1931 scientiae.
1680 1864 1776 1930 Et
1823 1866 2066 1953 vulgus
2129 1867 2466 1933 infirmum
2505 1886 2676 1933 nun-

574 1990 776 2057 quam
836 1970 925 2035 ad
1000 1967 1255 2055 aliquid
1327 1966 1689 2055 perfectum
1732 1968 1940 2047 venit,
1995 1990 2115 2035 nec
2172 1990 2400 2057 capere
2461 1974 2678 2057 potest

574 2073 645 2137 in
706 2072 927 2159 aliquo
974 2075 1159 2137 statu
1204 2091 1281 2136 ea
1324 2090 1473 2157 quae
1526 2068 1948 2155 perfectionis
1991 2076 2162 2137 sunt
2253 2071 2433 2137 Nam
2477 2072 2678 2159 vulgo

573 2172 814 2241 sufficit
872 2178 953 2239 ut
1012 2195 1148 2239 non
1200 2178 1389 2249 erret,
1446 2170 1709 2237 utinam
1772 2192 1908 2237 non
1961 2178 2208 2239 erraret
2251 2174 2323 2238 in
2381 2174 2484 2239 his
2529 2196 2677 2261 quse

574 2276 937 2344 necessaria
1010 2280 1185 2342 sunt.
1302 2274 1433 2341 Sed
1510 2274 1812 2339 videmus
1855 2274 2074 2363 ipsum
2119 2277 2360 2363 vulgus
2403 2276 2679 2343 humani

572 2380 831 2468 generis
898 2380 1033 2443 fere
1098 2380 1170 2443 in
1233 2376 1539 2444 omnibus
1597 2398 1829 2455 errare,
1895 2398 2030 2443 non
2097 2380 2310 2444 solum
2372 2379 2446 2443 in
2498 2402 2679 2446 sacra

576 2482 918 2570 sapientia,
970 2482 1087 2545 sed
1131 2480 1205 2544 in
1252 2480 1681 2566 philosophia,
1749 2484 1829 2545 ut
1888 2480 2080 2546 facile
2143 2486 2336 2568 patet
2379 2481 2674 2569 sapienti.

578 2583 815 2649 Matris
889 2582 1190 2669 exempla
1262 2583 1559 2666 sequitur
1623 2582 1781 2662 filia,
1857 2584 2068 2670 patris
2141 2584 2333 2663 filine,
2427 2584 2679 2649 domini

577 2706 822 2763 servus,
872 2684 1131 2772 proelati
1174 2684 1497 2761 subditus,
1547 2684 1850 2771 magistri
1896 2686 2266 2772 discipulus.
2359 2684 2428 2751 N
2431 2708 2504 2752 ec
2547 2688 2678 2752 dis-

576 2788 902 2855 cernimus
947 2809 989 2852 a
1023 2786 1384 2875 juventute
1448 2808 1535 2851 an
1590 2786 1894 2875 exempla
1957 2788 2285 2853 seniorum
2351 2790 2488 2854 sint
2531 2790 2677 2854 imi-

578 2893 791 2958 tanda
834 2890 943 2956 vel
1004 2911 1181 2971 non3
1248 2889 1363 2955 sed
1406 2890 1651 2977 passim
1698 2891 1922 2956 omnia
1965 2893 2313 2980 recipimus
2357 2896 2679 2980 tanquam

580 2991 928 3072 salutifera,
994 3015 1143 3059 cum
1219 2998 1444 3058 tamen
1507 2997 1587 3058 ut
1654 2995 1727 3058 in
1772 2993 2078 3081 pluribus
2140 3001 2210 3061 et
2272 2995 2680 3082 frequentius

580 3102 738 3162 sunt
792 3095 1113 3183 pestifera,
1162 3099 1303 3160 tam
1366 3095 1441 3159 in
1514 3093 1738 3160 studio
1803 3117 2002 3182 quam
2067 3097 2140 3162 in
2215 3099 2373 3163 vita.
2497 3099 2681 3164 Dicit

578 3201 755 3265 enim
786 3199 1040 3264 Tullius
1084 3199 1157 3263 in
1204 3197 1564 3264 Hortensio
1601 3194 1657 3263 :¹
1736 3207 1772 3234 ‘⁸
1797 3198 2085 3279 Quidam
2131 3201 2428 3266 obsecuti
2472 3204 2681 3268 amico

582 3309 619 3338 “
666 3303 943 3380 cuidam,
975 3306 1095 3367 aut
1124 3321 1260 3365 una
1304 3321 1453 3366 cum
1490 3301 1713 3386 aliquo
1744 3323 1941 3388 quem
1987 3301 2342 3368 audierunt
2387 3305 2680 3370 oratione

582 3411 621 3440 “
666 3403 857 3491 capti,
924 3403 1005 3468 de
1066 3403 1261 3468 rebus
1324 3403 1676 3488 incognitis
1752 3403 2075 3489 judicant,
2153 3409 2222 3470 et
2295 3406 2380 3469 ad
2455 3427 2679 3490 quam-

582 3515 617 3542 “
665 3527 921 3592 cunque
967 3505 1379 3592 disciplinam
1426 3504 1614 3590 quasi
1650 3509 2047 3593 tempestate
2099 3505 2320 3586 delati,
2363 3512 2680 3594 tanquam

584 3615 618 3646 “
664 3609 753 3674 ad
798 3629 1031 3674 saxum
1076 3609 1559 3674 inhaerescunt.
1593 3653 1609 3672 .
1657 3658 1670 3672 .
1704 3607 2098 3694 Plerumque
2141 3631 2356 3675 errare
2401 3609 2677 3688 malunt,

584 3719 621 3748 “
667 3733 941 3798 eamque
1032 3711 1427 3777 sententiam
1503 3731 1704 3796 quam
1764 3711 2243 3777 adamaverunt
2317 3711 2678 3792 defendere,

586 3823 621 3850 “
667 3837 864 3901 quam
912 3815 1054 3880 sine
1098 3813 1461 3900 pertinacia
1504 3814 1878 3900 perquirere
1923 3813 2085 3900 quid
2160 3817 2682 3882 constantissime

586 3923 621 3952 ‘⁸
668 3916 979 3983 dicatur.”
1070 3914 1495 3982 Consuetudo
1561 3917 1826 4002 quidem
1885 3917 2093 3983 altera
2136 3923 2377 3984 natura
2443 3924 2561 4001 est,
2603 3925 2681 3986 ut

582 4019 746 4085 dicit
804 4019 1195 4085 Aristoteles
1256 4014 1425 4085 libro
1486 4018 2016 4085 Problematum.²
2111 4019 2310 4086 Unde
2374 4021 2421 4087 J
2423 4023 2681 4088 eremiae

583 4121 782 4186 tertio
814 4120 1063 4187 decimo
1108 4121 1399 4208 capitulo
1427 4121 1617 4218 [23]:
1673 4131 1707 4156 “
1729 4121 1804 4188 Si
1848 4127 2104 4188 mutare
2140 4129 2358 4210 potest
2404 4123 2683 4213 Ethiops

589 4233 623 4258 ‘¹
670 4223 903 4310 pellem
954 4245 1158 4302 suam,
1193 4226 1262 4288 et
1294 4223 1536 4309 pardus
1580 4224 1972 4289 varietatem
2021 4247 2222 4302 suam,
2257 4230 2325 4291 et
2355 4249 2473 4292 vos
2492 4235 2680 4314 ‘pote-

587 4335 621 4361 “
669 4327 816 4392 ritis
856 4326 1233 4392 benefacere
1276 4347 1425 4390 cum
1472 4325 1832 4390 didiceritis
1875 4325 2104 4392 mala.''
2194 4329 2286 4394 Et
2329 4329 2476 4395 ideo
2521 4329 2682 4396 dicit

584 4590 2235 4600 —————-——-——--————-——-————--———--.—---
2310 4591 2560 4598 -—-—-—-——
2600 4593 2674 4600 *—

657 4761 669 4790 ¹
701 4761 749 4809 iu
776 4758 1065 4826 Hortensio]
1092 4758 1253 4812 Acad.
1276 4759 1437 4810 Prior.
1462 4758 1516 4812 ii.
1541 4765 1587 4812 3.
1640 4757 1651 4828 Ι
1745 4760 1767 4792 ⁸
1787 4757 2164 4826 Problematum]
2193 4767 2248 4810 ut
2270 4775 2432 4825 supra.
