3517 5750
534 851 721 941 vm]
1222 866 1686 919 oonrmmmn
1728 864 1978 917 sumn.
2525 854 2659 923 487

536 1046 811 1123 morato,
874 1062 947 1109 se
1008 1040 1289 1109 inclinet
1353 1041 1441 1107 ad
1507 1040 2014 1107 translationem
2075 1044 2284 1108 sextae
2345 1041 2660 1109 editionis

538 1144 751 1233 magis
794 1165 995 1231 quam
1042 1144 1131 1211 ad
1191 1143 1517 1231 quintam,
1572 1164 1721 1230 quae
1783 1143 2135 1211 manifeste
2177 1145 2348 1211 falsa
2391 1150 2510 1225 est,
2577 1150 2660 1217 ut

537 1252 745 1334 patet,
788 1268 927 1313 non
969 1252 1241 1335 propter
1282 1248 1407 1313 hoc
1450 1246 1874 1313 concluditur
1913 1247 2092 1333 quod
2151 1270 2274 1335 pro
2319 1248 2658 1315 sententia

538 1350 707 1417 velit
734 1349 1207 1437 Hieronymus,
1253 1349 1431 1435 quod
1474 1350 1867 1435 nycticorax
1913 1349 2006 1415 sit
2047 1356 2310 1429 noctua,
2341 1352 2458 1417 sed
2502 1350 2660 1438 quia

538 1451 737 1539 longe
770 1452 983 1539 magis
1024 1450 1337 1518 videatur
1378 1455 1449 1517 et
1506 1450 1768 1539 placeat
1812 1452 1952 1531 hoc,
1999 1474 2200 1539 quam
2243 1454 2420 1539 quod
2480 1453 2658 1519 dica-

539 1557 655 1621 tur
698 1576 938 1641 upupa,
970 1554 1150 1641 quod
1194 1554 1381 1619 nullo
1408 1553 1607 1621 modo
1642 1558 1818 1621 stare
1860 1558 2100 1641 potest.
2193 1554 2454 1622 Deinde
2483 1556 2660 1643 quod

538 1654 744 1723 infert
788 1656 1111 1725 Hebraeos
1170 1655 1581 1723 Hebraicum
1638 1656 2035 1724 vocabulum
2089 1658 2216 1725 hoc
2281 1662 2660 1725 construere

540 1762 613 1825 et
654 1779 979 1846 exponere
1020 1763 1351 1837 noctuam,
1396 1780 1533 1825 non
1577 1759 1797 1846 cogit3
1841 1760 2000 1846 quia
2039 1782 2273 1828 verum
2319 1766 2422 1827 est
2481 1760 2660 1847 quod

542 1860 751 1947 aliqui
804 1861 1080 1929 Hebraei
1145 1862 1241 1927 sio
1308 1860 1804 1943 construebant,
1847 1862 1965 1927 sed
2023 1864 2244 1949 plures
2305 1862 2656 1942 bubonem,

540 1968 625 2029 ut
664 1963 887 2045 infert,
934 1964 1159 2030 dicens
1201 1966 1475 2051 propter
1514 1964 1838 2031 Hebraeos
1883 1963 2146 2044 dicitur,
2197 1972 2234 2001 “
2253 1964 2466 2031 factus
2511 1986 2660 2031 sum

542 2072 581 2103 “
622 2066 797 2133 sicut
838 2064 1141 2147 noctua,”
1203 2088 1323 2153 pro
1370 2066 1705 2133 Hebraico
1748 2066 2070 2133 vocabulo
2114 2067 2254 2145 hoc,
2301 2068 2480 2153 quod
2522 2068 2660 2155 ple-

543 2168 733 2255 rique
774 2168 1107 2236 bubonem
1174 2166 1545 2257 significare
1598 2172 1860 2255 putant.
1953 2170 2046 2235 Et
2103 2168 2253 2235 ideo
2295 2170 2466 2235 nihil
2515 2168 2664 2237 sen-‘-

544 2271 795 2337 tentiat
856 2269 1327 2357 Hieronymus,
1380 2271 1497 2337 sed
1568 2271 1892 2358 relinquit
1962 2271 2037 2336 in
2100 2270 2324 2352 dubio,
2369 2292 2662 2341 asserens

544 2378 773 2441 tamen
816 2374 995 2461 quod
1046 2374 1342 2460 plerique
1388 2372 1827 2439 Hebraeorum
1871 2372 2086 2439 velint
2127 2374 2460 2440 bubonem
2505 2396 2660 2454 esse,

546 2476 787 2563 quibus
812 2476 1151 2541 consentio
1194 2475 1271 2541 in
1313 2474 1437 2540 hac
1480 2480 1685 2562 parte.
1777 2472 2250 2563 Adjiciendum
2295 2481 2398 2543 est
2441 2478 2660 2557 etiam,

548 2580 727 2667 quod
783 2578 1059 2645 nomina
1102 2582 1263 2644 sunt
1322 2578 1663 2664 aequivoca
1706 2578 1780 2642 in
1824 2578 2006 2644 omni
2049 2578 2298 2665 lingua,
2329 2584 2412 2645 ut
2475 2580 2660 2646 vide-

546 2704 695 2749 mus
736 2680 1017 2747 infinitis
1074 2680 1307 2759 modis,
1373 2701 1511 2746 non
1554 2681 1766 2745 solum
1825 2680 1900 2746 in
1943 2680 2222 2747 diversis
2262 2681 2661 2769 regionibus,

546 2785 663 2851 sed
697 2784 771 2849 in
814 2784 1061 2849 eadem.
1152 2782 1244 2849 Et
1288 2782 1437 2849 ideo
1482 2782 1541 2848 si
1584 2782 1892 2850 volumus
1936 2786 2200 2849 textum
2247 2783 2551 2851 Psalterii
2595 2790 2666 2851 et

545 2887 711 2975 legis
754 2887 951 2953 simul
992 2885 1265 2964 salvare,
1314 2891 1385 2952 et
1429 2905 1655 2952 omnes
1698 2890 2014 2967 auctores,
2061 2907 2405 2974 possumus
2449 2887 2662 2954 dicere

549 2990 727 3076 quod
768 2989 1153 3076 nycticorax
1183 2993 1287 3054 est
1314 2987 1727 3073 aequivooum
1758 2989 1846 3054 ad
1873 2994 2184 3056 noctuam
2214 2995 2284 3056 et
2311 2989 2658 3070 bubonem,

548 3093 659 3160 vel
716 3113 1061 3158 commune
1128 3090 1433 3157 omnibus
1492 3090 1731 3157 avibus
1793 3093 2132 3158 nocturnis
2175 3091 2286 3159 vel
2347 3093 2662 3180 pluribus.

552 3195 645 3262 Et
686 3195 781 3260 sic
834 3193 1150 3274 Isidorus,
1213 3197 1285 3259 et
1338 3192 1808 3280 Hieronymus,
1855 3199 1926 3259 et
1975 3193 2106 3274 lex,
2151 3198 2222 3260 ot
2267 3193 2662 3260 Psalterium

552 3303 826 3386 possunt
914 3295 1199 3382 intelligi
1272 3293 1595 3360 veraciter
1672 3294 2128 3360 diversimode.
2247 3294 2382 3361 Sed
2469 3297 2662 3364 credo

551 3405 778 3466 tamen
820 3396 1217 3464 sententiam
1262 3397 1547 3484 priorem
1592 3415 1731 3462 esse
1775 3395 2124 3462 meliorem.

646 3500 969 3568 Similiter
1014 3499 1097 3564 de
1139 3498 1476 3586 pellicano,
1523 3502 1595 3564 et
1652 3498 2112 3585 porphyrione,
2160 3503 2232 3564 et
2273 3500 2662 3580 onocrota10,
2687 3501 2764 3554 ΡΘ
2765 3501 2996 3554 lucanus.

552 3603 715 3724 quid
758 3603 911 3681 sint,
970 3621 1214 3688 magna
1257 3598 1589 3667 dubitatio
1633 3605 1751 3681 est,
1797 3621 1920 3666 neo
1962 3605 2182 3687 potest
2223 3601 2471 3666 veritas
2515 3601 2668 3668 sciri

550 3706 685 3774 nisi
749 3727 869 3794 per
930 3703 1296 3770 Hebraeum
1353 3709 1425 3770 et
1476 3703 1796 3770 Graecum.
1887 3703 1956 3768 N
1957 3725 2065 3768 am
2129 3701 2320 3770 Brito
2380 3704 2668 3771 mendax

554 3807 715 3876 dicit
802 3807 983 3894 quod
1055 3803 1175 3870 ubi
1262 3827 1385 3874 nos
1472 3805 1792 3872 habemus
1862 3805 2388 3893 porphyrionem,
2465 3807 2664 3874 Deut.

550 3915 791 4000 quarto
833 3908 1105 3989 decimo,
1156 3908 1601 3996 Septuaginta
1640 3909 2034 3995 interpretes
2083 3907 2348 3989 habent,
2386 3909 2670 3997 pellica-

550 4033 745 4081 mm
836 4013 931 4078 Et
978 4010 1411 4100 proculdubio
1450 4009 1683 4098 glossae
1736 4009 2192 4077 interlineares
2240 4013 2668 4100 magistrales,

552 4117 669 4184 sed
710 4115 1037 4194 mendose,
1082 4115 1207 4181 hoc
1250 4115 1497 4180 dicunt.
1590 4111 1725 4180 Sed
1779 4113 1894 4198 qui
1939 4113 2062 4178 scit
2107 4113 2410 4180 Graecum
2453 4103 2672 4202 potest

552 4219 624 4283 in
672 4217 901 4286 Graeco
944 4216 1195 4282 ibidem
1262 4215 1511 4281 discere
1570 4215 1749 4300 quod
1793 4213 2188 4300 pellicanum
2255 4221 2324 4281 et
2383 4217 2672 4303 porphy-

552 4322 807 4388 rionem
865 4319 1065 4385 simul
1125 4317 1471 4406 conjungit
1536 4321 1808 4382 textus·
1791 4365 1809 4396 ,
1875 4321 1946 4381 et
2005 4315 2154 4382 ideo
2213 4339 2352 4383 non
2395 4323 2672 4404 possunt

554 4443 693 4489 esse
736 4421 931 4504 idem,
977 4422 1095 4488 sed
1139 4419 1455 4486 animalia
1499 4417 1778 4496 diversa,
1825 4417 1984 4503 quia
2025 4416 2204 4484 idem
2247 4419 2492 4484 animal
2533 4440 2672 4486 non

558 4527 947 4591 numeratur
989 4523 1113 4590 bis.
1192 4522 1607 4609 Quapropter
1633 4519 1995 4586 tenendum
2025 4523 2126 4585 est
2168 4521 2344 4607 quod
2385 4521 2674 4608 porphy-

554 4627 655 4692 rio
724 4629 795 4692 et
856 4626 1216 4715 pellicanus
1282 4629 1441 4692 sunt
1505 4622 1768 4688 diversa
1840 4621 2199 4703 animalia5
2265 4628 2336 4691 et
2400 4625 2674 4690 ulterius

560 4729 741 4816 quod
808 4730 1169 4817 pellicanus
1235 4731 1306 4798 et
1368 4725 1782 4796 onocrotalus
1841 4729 2000 4792 sunt
2043 4725 2234 4792 idem.
2335 4725 2404 4794 N
2405 4748 2512 4794 am
2557 4727 2677 4794 ubi
