3517 5750
517 896 703 985 v111.]
1187 910 1653 965 conrnunmu
1694 912 1952 963 sumn.
2491 900 2622 963 485

516 1110 683 1167 cum,
716 1092 958 1177 praeter
1005 1084 1214 1153 LXX.
1252 1086 1661 1173 interpretes,
1704 1088 1822 1174 qui
1864 1087 2115 1175 lepores
2156 1087 2516 1166 dixerunt3
2557 1092 2626 1153 et

514 1196 741 1257 tamen
802 1189 1083 1257 Latinus
1159 1190 1483 1277 interpres
1544 1190 1797 1277 primus
1865 1190 2057 1279 ponit
2123 1190 2488 1256 herinacios
2551 1190 2627 1256 in
2753 1198 2760 1205 '

520 1292 763 1359 Latino
806 1314 924 1380 per
968 1313 1271 1373 errorem,
1327 1292 1499 1357 sicut
1544 1292 1747 1358 LXX.
1817 1297 2202 1359 erraverunt
2259 1292 2330 1357 in
2390 1291 2626 1379 lepore.

522 1394 699 1461 Nam
775 1394 1225 1481 Hieronymus
1299 1393 1465 1460 dicit
1536 1394 1611 1459 in
1672 1394 1790 1460 illa
1863 1396 2260 1461 correctione
2323 1392 2630 1461 Psalterii

520 1495 699 1581 quod
766 1500 869 1562 est
933 1495 1181 1561 animal
1252 1496 1467 1563 simile
1530 1517 1684 1561 urso
1751 1500 1822 1563 et
1884 1498 2074 1579 muri,
2144 1496 2320 1583 quod
2379 1497 2455 1562 in
2522 1520 2630 1563 ca-

518 1598 737 1664 vernis
812 1603 1148 1686 petrarum
1215 1597 1494 1665 habitat.
1610 1598 1932 1665 Similiter
2005 1604 2076 1665 et
2149 1598 2486 1665 cuniculus
2556 1600 2629 1665 iu

516 1699 726 1767 foveis
788 1700 1051 1767 habitat
1116 1700 1409 1788 petrosis.
1498 1699 1591 1767 Et
1648 1700 1798 1767 ideo
1863 1700 2284 1789 chirogrillon
2349 1701 2423 1766 in
2465 1724 2626 1767 m.

522 1802 690 1888 [26]
786 1802 977 1868 Prov.
1054 1808 1157 1869 est
1245 1801 1603 1881 cuniculus,
1680 1802 1839 1869 licet
1911 1804 2188 1889 antiqua
2276 1803 2626 1870 translatio

520 1904 763 1970 Latina
836 1904 1129 1991 posuerit
1218 1904 1468 1992 lepores
1556 1926 1675 1992 per
1765 1926 2066 1983 errorem,
2143 1904 2320 1992 quod
2393 1906 2627 1971 beatus

520 2005 973 2092 Hieronymus
1014 2006 1267 2072 dimisit
1310 2012 1519 2086 εδει-θ,-
1548 2007 1719 2072 sicut
1763 2006 1838 2071 in
1867 2006 2145 2073 Psalmis
2164 2006 2183 2044 ¹
2232 2006 2512 2073 hericiis
2553 2008 2628 2074 in

516 2128 637 2173 sua
708 2109 1161 2189 translatione,
1237 2113 1307 2175 et
1364 2108 1633 2174 infinita
1703 2108 1854 2187 alia,
1915 2131 2000 2175 ne
2073 2109 2374 2175 turbaret
2432 2110 2630 2175 eccle-

516 2210 683 2275 siam
747 2211 957 2277 nimia
1012 2212 1334 2277 novitate.
1454 2209 1631 2291 Quia
1705 2210 1883 2276 enim
1957 2215 2228 2277 vocatus
2293 2210 2426 2277 fuit
2489 2234 2627 2279 cor-

517 2316 753 2400 ruptor
796 2312 1289 2402 Scripturarum
1348 2317 1617 2401 propter
1674 2332 1924 2379 errores
1984 2334 2148 2399 quos
2205 2313 2628 2401 reprehendit

516 2414 591 2478 in
638 2414 1074 2481 translatione
1118 2414 1436 2502 vulgata3
1494 2412 1661 2493 ideo,
1708 2418 1791 2480 ut
1841 2414 1982 2502 ipse
2031 2414 2208 2493 dicit,
2255 2414 2468 2479 multa
2527 2415 2628 2481 di-

517 2516 703 2582 misit
754 2522 933 2583 stare
994 2520 1075 2581 ut
1118 2515 1403 2595 fuerant,
1470 2537 1591 2581 nec
1657 2514 1878 2582 voluit
1937 2537 2208 2582 manum
2269 2516 2626 2584 extendere

516 2618 607 2683 ad
664 2616 929 2705 singula
992 2617 1419 2705 corrigenda3
1495 2616 1672 2702 quod
1739 2616 2264 2683 manifestissime
2322 2624 2510 2706 patet
2553 2620 2629 2683 in

516 2719 840 2787 Psalterio
883 2718 1002 2785 ubi
1066 2719 1141 2785 in
1200 2717 1601 2785 correctione
1663 2718 1872 2797 docet,
1923 2720 2102 2805 quod
2151 2718 2318 2786 illud
2381 2720 2628 2786 animal

514 2826 621 2889 est
706 2821 921 2888 simile
986 2842 1139 2888 urso
1202 2825 1271 2886 et
1344 2821 1535 2900 muri,
1620 2820 1780 2887 licet
1853 2820 1928 2886 in
2001 2842 2122 2887 sua
2195 2822 2629 2888 translatione

516 2925 811 3012 posuerit
875 2921 1159 2992 hericiis
1228 2944 1343 2989 seu
1417 2920 1818 3002 herimciis,
1886 2923 2058 2990 sicut
2119 2945 2280 2990 usus
2345 2925 2629 2992 ecclesiae

519 3026 755 3094 habuit
812 3048 899 3094 ex
955 3025 1159 3118 priori
1217 3024 1671 3092 translatione.
1795 3024 2148 3093 Possumus
2205 3049 2364 3093 vero
2437 3027 2632 3094 aliter

516 3129 729 3194 locum
756 3128 963 3194 istum
992 3127 1275 3216 glossare
1304 3127 1595 3194 docendo
1638 3128 1998 3194 secundum
2029 3128 2318 3194 Plinium
2335 3128 2364 3167 ⁹
2395 3135 2629 3197 octavo

516 3230 703 3310 libr0‚
751 3231 929 3316 quod
972 3229 1151 3317 apud
1194 3230 1507 3316 antiquos
1548 3250 1793 3296 nomen
1834 3231 2074 3318 leporis
2121 3235 2226 3296 est
2267 3253 2626 3311 commune,

518 3337 589 3398 et
632 3331 837 3398 habet
880 3331 1141 3396 diversa
1184 3352 1443 3418 genera,
1488 3351 1768 3416 quorum
1817 3331 2155 3396 cuniculus
2213 3353 2422 3397 unum
2479 3338 2582 3399 est
2611 3359 2629 3414 3

520 3435 679 3520 quia
721 3433 1083 3500 secundum
1135 3433 1484 3499 veritatem
1531 3433 1717 3520 lepus
1761 3433 2024 3520 proprie
2077 3433 2292 3499 dictus
2337 3439 2406 3500 et
2449 3435 2631 3500 cuni-

517 3537 718 3616 culus,
779 3539 937 3600 sunt
981 3535 1224 3601 similia
1284 3534 1600 3600 amimalia
1642 3532 1856 3612 valde,
1905 3538 1980 3599 et
2021 3533 2094 3600 in
2153 3532 2382 3615 colore,
2427 3539 2498 3602 et
2556 3537 2630 3602 in

520 3635 915 3724 quantitate,
961 3640 1033 3702 et
1074 3637 1307 3724 figura,
1354 3641 1425 3703 et
1468 3640 1731 3716 natura,
1796 3634 1954 3721 quia
1999 3635 2238 3700 timida
2280 3642 2438 3704 sunt
2483 3637 2628 3704 ani-

518 3739 735 3820 malia,
796 3742 869 3804 et
920 3738 1166 3803 multas
1227 3736 1717 3805 communicant
1782 3736 2215 3825 proprietates
2273 3739 2626 3822 naturales,

516 3847 589 3909 et
646 3841 797 3908 ideo
860 3839 987 3906 sub
1056 3860 1195 3906 uno
1254 3841 1525 3906 nomine
1584 3839 1875 3927 generali
1958 3840 2384 3906 continentur
2445 3842 2627 3930 apud

516 3941 843 4030 antiquos,
906 3941 1085 4029 quod
1142 3945 1244 4007 est
1300 3943 1502 4029 lepus.
1604 3941 1697 4007 Et
1753 3939 1904 4007 ideo
1962 3941 2290 4008 tricesimo
2350 3942 2626 4010 Prover-

519 4045 783 4111 biorum
823 4048 1043 4130 potest
1087 4043 1213 4110 sub
1254 4065 1388 4110 uno
1434 4045 1703 4110 nomine
1754 4042 1996 4131 leporis
2041 4044 2382 4110 cuniculus
2431 4045 2626 4112 intel-

516 4147 653 4235 ligi,
704 4169 856 4213 cum
904 4150 1131 4212 tamen
1179 4146 1427 4212 ibidem
1472 4146 1547 4211 in
1600 4146 1826 4213 Graeco
1878 4145 2340 4234 correspondet
2383 4169 2626 4215 nomen

514 4249 1027 4338 appropriatum,
1076 4247 1323 4314 scilicet
1362 4247 1800 4336 chirogrillon„

604 4349 739 4418 Sed
780 4350 909 4436 maj
918 4371 993 4416 or
1034 4349 1389 4416 difficultas
1432 4354 1536 4415 est
1586 4349 1669 4415 de
1710 4349 2135 4435 nycticorace.
2221 4350 2402 4417 Nam
2429 4349 2622 4418 Brito
2645 4365 2829 4433 Nycti-

513 4453 801 4520 mendax
840 4451 1189 4519 confimat
1238 4473 1427 4518 suam
1468 4451 1844 4539 opinionem
1887 4473 2004 4540 per
2048 4451 2401 4532 Isidorum,
2445 4454 2623 4539 quod
2645 4448 2815 4486 ⁰⁰⁸¹·

578 4781 595 4812 ¹
616 4778 858 4849 naz-s]
894 4780 1001 4832 effi.
1028 4785 1107 4834 ιε.
1466 4781 1481 4849 ι
1592 4781 1611 4812 2
1630 4778 1876 4846 mim]
1901 4779 1968 4832 N.
1991 4778 2060 4832 Η.
2084 4779 2194 4833 viii.
2211 4785 2292 4832 81.
