3517 5750
796 860 927 925 454
1554 878 1812 927 nouum
1859 876 2152 927 moerus
2729 862 2908 948 [car.

792 1052 1201 1137 expositione
1230 1076 1247 1133 ;
1310 1059 1382 1119 et
1443 1054 1631 1140 quasi
1692 1076 1890 1141 super
1931 1052 2240 1119 omnibus
2281 1051 2430 1119 istis
2473 1050 2663 1120 vitiis
2707 1054 2911 1120 simul

792 1153 1113 1221 laborant.

456 1270 519 1322 In
542 1270 711 1322 ortho-
882 1254 1159 1323 Ptisana
1230 1261 1332 1323 eet
1392 1278 1496 1323 ree
1556 1258 1922 1325 communis
1983 1256 2058 1323 iu
2127 1278 2254 1321 usu
2299 1256 2758 1335 infirmorum3
2835 1261 2908 1323 et

458 1338 671 1405 gnphy.
792 1364 895 1425 eet
938 1379 1165 1425 succus
1226 1359 1407 1425 ordei
1464 1360 1713 1425 decocti
1756 1360 1830 1427 in
1873 1380 2062 1444 aqua,
2107 1359 2248 1425 sive
2293 1358 2544 1437 melium,
2597 1380 2768 1443 aqua
2833 1360 2910 1425 in

794 1482 925 1547 qua
1004 1460 1393 1547 decoquitur
1464 1462 1755 1541 ordeum,
1842 1483 1992 1547 quae
2065 1460 2267 1527 datur
2355 1459 2904 1529 febricitantibus.

795 1564 887 1628 Et
960 1564 1269 1631 scribitur
1340 1585 1457 1649 per
1520 1585 1577 1649 p
1650 1563 1724 1629 in
1797 1563 2138 1649 principie,
2213 1568 2242 1631 t
2301 1561 2500 1627 litera
2573 1568 2904 1646 sequente,

796 1666 965 1731 sicut
1010 1665 1411 1733 Ptolomoeus
1454 1670 1524 1731 et
1565 1665 1778 1732 multa
1837 1665 2072 1731 Graeca
2114 1663 2436 1729 vocabula
2509 1664 2908 1731 scribuntur.

800 1766 993 1849 Quod
1057 1788 1215 1833 vero
1280 1768 1373 1833 sic
1446 1767 1777 1835 scribatur
1839 1770 2030 1853 patet
2093 1788 2208 1852 per
2249 1764 2456 1831 libros
2501 1764 2764 1831 Graecos
2833 1766 2908 1833 in

800 1870 1037 1956 quibus
1100 1870 1195 1935 sic
1260 1869 1585 1947 scribitur,
1652 1874 1723 1935 et
1785 1890 1904 1955 per
1968 1888 2196 1935 omnes
2262 1867 2574 1951 antiquas
2635 1866 2908 1946 Biblias,

795 1976 864 2035 et
930 1972 1093 2037 alios
1156 1971 1375 2037 libros,
1466 1970 1557 2037 Et
1628 1970 1836 2037 habet
1907 1970 2190 2035 mediam
2251 1974 2632 2055 correptam.
2723 1967 2907 2035 Nam

794 2069 1049 2139 Macer*
1100 2073 1261 2139 dicit
1304 2074 1377 2137 in
1420 2071 1588 2138 libro
1635 2072 2050 2138 Herbarum:

928 2276 967 2309 “
990 2270 1165 2337 Cum
1208 2271 1471 2361 ptisana
1514 2290 1778 2335 succum
1823 2268 2000 2357 porri
2046 2268 2307 2333 sorbere
2343 2265 2614 2353 juvabit
2635 2264 2692 2349 ;’'

794 2449 863 2512 et
906 2466 1025 2533 per
1067 2444 1441 2522 Horatium,
1490 2444 1609 2529 qui
1653 2442 1856 2509 dicit:

884 2638 923 2669 “
951 2632 1053 2698 Tu
1096 2654 1321 2714 cessae,
1366 2632 1665 2719 agedum,
1710 2652 1898 2696 eume
1949 2630 2073 2695 hoc
2115 2628 2552 2717 ptisanarium
2600 2630 2875 2717 oryzae.”

794 2810 927 2891 Qui
977 2829 1206 2873 versus
1258 2808 1457 2873 debet
1507 2808 1601 2872 sic
1652 2808 1892 2887 scandi,
1954 2810 2032 2871 ut
2091 2806 2332 2875 ultima
2391 2808 2646 2893 syllaba
2701 2808 2902 2893 hujus

791 2911 1099 2978 dictionis
1149 2909 1643 2996 ptisanam-ium
1700 2909 2037 2976 auferatur
2095 2912 2323 2989 solum,
2385 2932 2568 2975 more
2619 2911 2900 2996 poetico,

790 3019 871 3080 ut
952 3013 1047 3078 sic
1124 3011 1385 3076 dicatur
1434 3010 1806 3098 pti-sanari
1850 3033 2082 3098 oryzae.
2176 3011 2267 3076 Et
2325 3012 2420 3078 sic
2481 3017 2670 3098 patet
2721 3012 2900 3098 quod

790 3117 941 3182 duae
1020 3114 1251 3202 primae
1328 3113 1607 3198 syllabae
1680 3113 2093 3194 breviantur,
2147 3117 2220 3179 et
2285 3112 2426 3178 haec
2507 3113 2759 3198 syllaba
2818 3135 2900 3180 aa

786 3217 1134 3284 breviatur
1206 3216 1335 3297 hic,
1404 3219 1474 3281 et
1539 3237 1657 3302 per
1732 3235 2136 3302 consequens
2213 3215 2410 3281 debet
2481 3215 2767 3280 breviari
2827 3216 2899 3280 in

786 3320 909 3386 hoc
956 3320 1223 3385 nomine
1268 3317 1581 3406 ptieama.
1644 3317 1811 3410 ⁴Sed
1857 3317 2044 3382 Brito
2087 3320 2266 3381 errat
2313 3317 2386 3380 in
2431 3321 2710 3402 utroque
2753 3317 2900 3402 jam

790 3423 979 3488 dictn.
1072 3421 1250 3488 Nam
1319 3421 1485 3486 dicit
1534 3418 1711 3506 quod
1786 3420 1927 3484 haec
1987 3419 2190 3484 dictio
2257 3417 2493 3505 incipit
2551 3441 2668 3504 per
2725 3425 2766 3494 t,
2830 3425 2900 3485 et

788 3526 1087 3611 sequitur
1132 3522 1167 3591 ’ἰ
1218 3523 1430 3603 litera,
1499 3527 1568 3588 et
1619 3527 1848 3608 postea
1905 3542 1980 3606 p,
2025 3526 2108 3586 ut
2160 3519 2415 3586 dicatur
2478 3519 2780 3605 εἱρεαπα,
2828 3527 2898 3587 et

790 3649 875 3693 ex
926 3629 1143 3694 medio
1194 3625 1593 3714 producitur.
1686 3623 1820 3688 Sed
1869 3645 2006 3688 non
2065 3622 2306 3710 probat
2351 3621 2472 3686 hoc
2527 3623 2657 3688 nisi
2719 3624 2895 3708 quod

454 3735 753 3792 Alexander
790 3729 1048 3794 inducit
1122 3726 1579 3794 Alexandrum
1632 3723 1993 3810 Necquam,
2084 3745 2204 3810 pro
2277 3724 2674 3804 testimonie,
2736 3726 2894 3809 quia

452 3803 724 3860 Neocham.
790 3829 923 3894 fuit
968 3831 1202 3894 similis
1249 3829 1308 3892 ei
1356 3829 1430 3892 in
1479 3826 1898 3904 falsitatibus,
1948 3824 2064 3910 qui
2117 3825 2317 3890 dicit:

1076 4028 1111 4054 “
1159 4019 1417 4085 Cortice
1460 4019 1715 4085 nudato
1758 4017 2053 4104 tipsanas
2105 4017 2303 4082 ordea
2351 4017 2582 4083 dicas?

786 4207 898 4271 Ex
963 4225 1177 4270 errore
1235 4203 1604 4268 Alexandri
1664 4203 1806 4288 ipse
1865 4201 2076 4288 gratis
2129 4200 2272 4266 sine
2313 4202 2572 4268 ratione
2631 4209 2701 4266 et
2751 4201 2892 4266 sine

787 4307 1183 4374 auctoritate
1244 4309 1435 4372 errat.
1556 4304 1651 4370 Et
1712 4303 1949 4369 incidit
2024 4304 2356 4370 occasione
2429 4304 2504 4368 in
2577 4303 2890 4390 majorem

786 4432 1087 4493 errorem,
1134 4410 1354 4474 dicens
1416 4407 1593 4493 quod
1636 4427 1867 4472 versus
1929 4405 2200 4471 Horatii
2259 4405 2456 4471 debet
2501 4407 2728 4472 scandi
2771 4427 2891 4492 per

1444 4752 1458 4780 ¹
1486 4749 1691 4815 Macer]
1718 4749 1815 4800 See
1837 4750 2010 4810 above,
2031 4763 2079 4812 p.
2107 4753 2221 4800 237.
