3517 5750
564 854 669 943 11.]
1226 870 1691 921 courmmmn
1736 870 1992 922 swnn.
2535 858 2666 925 413

554 1050 767 1117 multa
810 1050 1081 1133 invidia,
1114 1050 1455 1129 etodium,
1505 1054 1575 1115 et
1618 1072 1867 1131 rancor,
1914 1054 1986 1117 et
2022 1050 2138 1132 ira,
2185 1054 2255 1118 et
2299 1054 2663 1117 nascuntur

555 1153 1038 1241 persecutiones
1110 1158 1381 1233 mutuae,
1460 1156 1531 1219 et
1615 1152 2090 1233 contentiones,
2169 1158 2238 1220 et
2327 1153 2516 1231 rixae,
2595 1158 2665 1220 et

554 1254 788 1342 litigia,
836 1260 906 1321 et
949 1253 1229 1334 fraudes,
1276 1261 1347 1320 et
1392 1253 1545 1321 doli.
1636 1254 1898 1321 Deinde
1943 1255 2294 1342 adquisitis
2373 1254 2438 1322 di
2446 1255 2664 1342 gnita·
2690 1268 2966 1323 Indolenoe

555 1358 737 1424 tibus
803 1364 873 1423 et
938 1357 1197 1425 divitiis
1258 1357 1471 1423 oritur
1532 1356 1858 1444 superbia,
1927 1362 1998 1423 et
2071 1380 2190 1444 per
2264 1379 2666 1444 consequens
2691 1336 2930 1455 ffhffffl

557 1462 848 1526 nascitur
890 1460 1132 1537 acedia,
1179 1482 1329 1546 quae
1398 1464 1503 1525 est
1568 1458 1846 1527 taedium
1891 1459 2050 1526 boni
2109 1459 2488 1548 spiritualis,
2536 1482 2668 1547 qua
2692 1470 2928 1535 acquires

476 1590 479 1595 ·
556 1562 906 1628 offendunt
950 1562 1171 1628 Deum
1214 1562 1677 1628 omissionibus
1731 1562 2028 1627 omnium
2075 1562 2414 1641 bonorum,
2462 1567 2532 1631 et
2575 1562 2668 1629 sic
2691 1535 2981 1670 {2222}ssss

560 1664 924 1752 praevalent
966 1669 1244 1751 peccata,
1293 1686 1445 1751 quae
1482 1664 1565 1730 de
1604 1665 1992 1731 necessitate
2037 1669 2370 1732 excaecant
2413 1665 2668 1731 animas
2692 1670 2778 1721 the
2798 1671 3006 1725 charch-

558 1775 629 1834 et
656 1768 1023 1855 depravant
1050 1768 1481 1845 voluntatem,
1516 1771 1597 1833 ut
1641 1767 1940 1855 negligat
1983 1773 2054 1835 et
2096 1771 2479 1835 contemnat
2519 1768 2668 1834 vias

560 1870 919 1957 sapientise,
967 1874 1037 1935 et
1078 1874 1159 1935 ut
1202 1871 1562 1937 secundum
1628 1870 1774 1957 ejus
1819 1869 2215 1958 dignitatem
2267 1892 2404 1936 non
2446 1870 2668 1937 valeat

560 1974 863 2061 potentia
904 1972 1253 2039 irascibilis
1296 1972 1571 2061 operari.
1667 1972 1809 2039 Nec
1852 1972 2054 2039 refert
2099 1973 2157 2039 si
2201 1973 2338 2039 sint
2383 1974 2668 2041 multum

552 2080 631 2141 et
660 2098 913 2163 semper
942 2077 1015 2141 in
1044 2076 1285 2157 studio,
1318 2080 1389 2141 et
1416 2075 1661 2163 legant,
1693 2079 1764 2141 et
1795 2074 2150 2163 disputent,
2185 2079 2256 2143 et
2286 2076 2666 2162 praedicent‚

563 2183 634 2244 et
677 2178 908 2245 famosi
959 2179 1162 2245 etiam
1221 2178 1397 2259 sint;
1460 2177 1774 2263 quoniam
1833 2178 1906 2243 hi
1949 2199 2067 2266 per
2107 2178 2382 2265 longum
2424 2180 2668 2245 exerci-

560 2280 735 2347 tium
779 2279 989 2347 studii
1018 2280 1233 2346 multa
1272 2279 1477 2345 verba
1520 2279 1770 2345 habent
1813 2280 1886 2345 in
1929 2282 2242 2347 memoria
2282 2284 2352 2347 et
2394 2286 2672 2369 possunt

562 2404 881 2461 revocare,
930 2404 1079 2449 cum
1124 2380 1377 2461 volunt,
1441 2382 1825 2448 memoriam
1887 2404 2004 2470 per
2077 2382 2546 2470 inspectionem
2589 2384 2668 2449 li-

562 2484 849 2551 brorum.
940 2484 1191 2549 Tamen
1256 2483 1633 2557 recitabunt
1696 2484 1902 2551 verba
1965 2485 2245 2551 aliorum
2307 2484 2449 2551 sine
2507 2506 2670 2551 vero

563 2587 923 2668 intellectu,
970 2586 1140 2651 sicut
1183 2586 1503 2674 psittacus
1564 2591 1635 2653 et
1698 2587 1860 2675 pica,
1927 2610 2074 2673 quae
2147 2586 2437 2654 formant
2479 2608 2672 2657 voces

562 2690 885 2755 humanas
945 2710 1109 2775 quas
1152 2711 1288 2755 non
1330 2689 1731 2776 intelligunt,
1777 2712 1898 2755 nec
1942 2690 2202 2756 animus
2263 2712 2488 2757 eorum
2549 2714 2673 2757 un-

564 2814 764 2880 quam
807 2792 1084 2878 quiescit
1126 2791 1199 2855 in
1242 2791 1491 2857 lumine
1529 2793 1848 2872 veritatis,
1941 2791 2147 2880 Cujus
2191 2792 2493 2881 probatio
2536 2816 2672 2861 non

566 2894 777 2960 solum
846 2901 947 2960 est
1008 2915 1126 2981 per
1186 2915 1427 2976 causaS,
1489 2895 1736 2961 scilicet
1801 2895 1958 2980 quia
2027 2901 2292 2983 peccata
2350 2903 2671 2964 evacuant

564 2997 975 3062 intellectum
1006 2997 1364 3084 sapientiae,
1406 3001 1487 3063 ut
1515 3001 1850 3064 ostensum
1897 3002 2015 3077 est,
2058 2999 2174 3064 sed
2201 3020 2318 3085 per
2345 2999 2668 3079 effectum,

568 3101 725 3186 quia
767 3102 888 3165 lux
938 3100 1298 3187 sapientiae,
1348 3102 1613 3188 cognita
1658 3101 1739 3167 de
1783 3101 2174 3167 necessitate
2226 3101 2544 3190 diligitur,
2593 3108 2672 3170 ut

566 3204 749 3291 prius
824 3203 1075 3268 dictum
1150 3208 1265 3268 est.
1356 3201 1491 3268 Sed
1564 3201 1835 3268 dilectio
1902 3203 2078 3290 parit
2143 3225 2306 3291 opus
2373 3203 2669 3270 debitum

566 3305 907 3393 sapientise
978 3311 1049 3370 ct
1106 3303 1323 3370 vitam
1382 3304 1443 3369 ei
1512 3305 2024 3371 convenientem.
2140 3305 2232 3370 Et
2297 3306 2448 3371 ideo
2522 3329 2670 3371 cum

568 3411 811 3474 vivunt
854 3413 1083 3473 contra
1128 3405 1305 3493 leges
1352 3407 1714 3493 sapientise,
1763 3407 2029 3493 impossi
2037 3406 2161 3472 bile
2212 3413 2314 3473 est
2353 3409 2530 3493 quod
2572 3411 2673 3474 in-

568 3511 876 3597 telligant
924 3531 1067 3576 eam
1114 3509 1271 3575 licet
1316 3509 1657 3574 ruminent
1713 3508 2154 3596 grandissima
2202 3510 2450 3592 verba3
2501 3511 2672 3576 sicut

569 3612 756 3701 pueri
808 3612 1172 3679 vociferant
1218 3611 1605 3699 psalterium
1652 3610 1832 3696 quod
1877 3611 2272 3688 didicerunt,
2328 3617 2398 3676 et
2457 3611 2672 3678 clerici

568 3721 639 3782 et
684 3714 1051 3781 sacerdotes
1094 3713 1347 3779 rurales
1392 3713 1677 3779 recitant
1720 3711 2006 3778 officium
2052 3712 2372 3795 divinum,
2420 3714 2502 3778 de
2543 3735 2673 3800 quo

569 3839 803 3904 parum
860 3820 982 3882 aut
1040 3815 1211 3880 nihil
1273 3814 1683 3902 intelligunt,
1744 3815 1916 3881 sicut
1966 3815 2181 3882 bruta.
2299 3816 2494 3882 Unde
2553 3838 2674 3906 pro

569 3923 747 3985 certo
776 3919 1199 4006 probavimus
1230 3919 1301 3984 in
1342 3919 1609 4000 talibus,
1642 3919 1816 4004 quod
1845 3918 2013 3984 nihil
2043 3919 2259 3984 sciunt
2287 3920 2674 3986 adinvenire

568 4021 791 4087 studio
848 4022 1207 4108 sapientiae,
1268 4043 1389 4087 nec
1448 4043 1833 4109 componere
1911 4022 2173 4108 scripta,
2255 4024 2370 4088 sed
2447 4023 2675 4089 alienis

569 4122 903 4190 laboribus
949 4122 1335 4188 abutuntur.
