3517 5750
494 1586 621 1639 And
641 1588 704 1639 of

498 1654 772 1721 Scriptum.

512 3147 743 3200 Groetete

510 3217 593 3266 the
617 3217 741 3282 only

508 3298 687 3348 person
712 3283 825 3335 who

512 3350 593 3400 for
604 3355 667 3402 70
680 3367 826 3418 years

511 3416 612 3468 had
634 3433 719 3467 en-

508 3484 681 3534 riehed
702 3486 787 3537 the

511 3550 701 3601 church
720 3555 792 3618 by

514 3619 724 3668 transla-

510 3683 657 3733 tione.

516 3977 537 4023 1
546 3971 633 4025 ath
642 3989 833 4028 reason.

824 866 961 941 474
1580 878 1841 930 nomm
1885 874 2180 929 mooms
2751 856 2950 945 [mr.

826 1060 913 1127 ad
958 1056 1209 1144 aliquid
1252 1055 1547 1143 dignum,
1612 1060 1685 1122 et
1744 1055 1898 1122 ideo
1939 1054 2214 1143 languet
2277 1056 2348 1119 et
2397 1052 2692 1118 asininat
2763 1051 2956 1117 eirea.

828 1163 999 1229 male
1048 1160 1385 1242 translata,
1440 1167 1511 1227 et
1566 1166 1834 1247 tempus
1883 1164 1952 1225 et
1999 1158 2294 1224 studium
2367 1156 2628 1221 amittit
2681 1156 2756 1219 in
2799 1174 2954 1219 om-

830 1266 1027 1331 nibus
1070 1270 1143 1331 et
1184 1285 1519 1351 expensas.
1629 1260 2044 1351 Apparentia
2085 1261 2352 1348 quidem
2395 1259 2536 1325 sola
2579 1262 2763 1325 tenet
2805 1278 2946 1337 eos,

830 1374 903 1435 et
960 1389 1097 1434 non
1170 1372 1409 1433 curant
1466 1366 1632 1453 quid
1698 1364 1929 1443 sciant,
1991 1364 2110 1430 sed
2153 1364 2316 1451 quid
2373 1362 2730 1429 videantur
2771 1360 2946 1426 scire

828 1492 1049 1539 coram
1094 1470 1525 1537 multitudine
1568 1470 1918 1535 insensata„
2229 1536 2238 1545 ,

923 1574 1177 1641 Eodem
1221 1575 1417 1640 modo
1462 1572 1544 1639 de
1588 1572 1920 1659 sapientia
1963 1571 2090 1637 Dei
2135 1572 2380 1638 desunt
2409 1566 2938 1637 innumerabilia.

832 1676 1011 1743 Nam
1086 1676 1283 1744 multi
1358 1676 1515 1743 libri
1588 1674 1772 1741 Sacri
1845 1674 2100 1740 Textus
2171 1696 2306 1741 non
2365 1679 2528 1739 sunt
2613 1672 2938 1749 translati,

830 1786 905 1848 et
942 1782 1075 1847 duo
1116 1779 1273 1845 libri
1340 1778 1860 1845 Maooabaeorum
1881 1846 1904 1863 .
1919 1798 2084 1864 quos
2143 1776 2278 1842 scio
2343 1798 2484 1842 esse
2551 1775 2624 1841 in
2689 1774 2944 1854 Graeco,

830 1889 903 1951 et
946 1882 1143 1950 multi
1186 1882 1303 1947 alii
1348 1881 1503 1947 libri
1554 1880 2028 1967 prophetarum
2101 1880 2480 1957 multorum,
2551 1879 2635 1945 de
2697 1878 2944 1965 quibus

834 1988 907 2053 in
968 1986 1137 2053 libro
1210 1986 1467 2073 Regum
1530 1990 1603 2049 et
1668 1982 2216 2069 Paralipomenon
2277 1984 2702 2048 auetofitates
2761 1986 2941 2046 sunt.

834 2090 884 2155 J
886 2090 1165 2177 osephus
1238 2088 1439 2155 etiam
1504 2086 1581 2151 in
1648 2086 2156 2171 Antiquitatum
2237 2086 2430 2150 libris
2491 2090 2674 2150 totus
2739 2083 2944 2148 falsus

836 2198 955 2273 est,
1002 2198 1325 2279 quantum
1388 2190 1477 2256 ad
1536 2210 1764 2255 cursus
1811 2189 2148 2277 temporie,
2195 2189 2337 2254 sine
2400 2208 2532 2275 quo
2575 2186 2744 2253 nihil
2789 2184 2944 2251 sciri

836 2302 1060 2384 potest
1102 2297 1187 2361 de
1228 2295 1511 2361 historia
1554 2292 1741 2359 Sacri
1788 2292 2062 2359 Textus.
2155 2292 2288 2372 Qui
2333 2291 2461 2357 nisi
2505 2311 2685 2357 nova
2725 2296 2944 2355 trans-

837 2400 1087 2465 latione
1150 2398 1543 2463 reformetur
1592 2396 1764 2461 nihil
1825 2396 2024 2473 valet,
2073 2399 2144 2461 et
2203 2393 2486 2461 historia
2525 2416 2712 2459 sacra
2753 2392 2945 2480 perit.
2999 2391 3020 2399 “

840 2500 1363 2568 Innumerabiles
1438 2499 1643 2565 etiam
1716 2497 1874 2564 libri
1963 2498 2414 2585 expositorum
2505 2497 2946 2563 Hebraeorum

838 2610 911 2671 et
984 2605 1361 2670 Graeoorum
1434 2603 1679 2668 desunt
1752 2600 2058 2680 Latinis;
2148 2606 2230 2666 ut
2305 2599 2628 2686 OrigeniS,
2699 2598 2948 2678 Basilii,

840 2706 1143 2796 Gregorii
1218 2706 1287 2770 N
1290 2704 1647 2785 azianzeni,
1734 2703 2147 2781 Damasceni,
2225 2701 2552 2789 Dionysii,
2631 2700 2948 2787 chrysos·

840 2810 1026 2890 tomi,
1104 2814 1175 2875 et
1247 2808 1529 2876 aliorum
1597 2806 1942 2873 doctorum
2003 2806 2582 2886 nobilissimorum,
2657 2810 2798 2869 tam
2870 2804 2948 2868 in

844 2911 1177 2977 Hebraico
1252 2933 1451 2998 qua-m
1536 2910 1611 2975 in
1686 2911 1938 2977 GraeoO.
2063 2909 2332 2976 Dormit
2403 2909 2613 2996 igitur
2685 2908 2952 2974 eeclesia

843 3035 992 3102 quae
1036 3013 1207 3078 nihil
1248 3013 1409 3079 facit
1450 3013 1525 3078 in
1562 3014 1688 3078 hac
1730 3019 1936 3106 parte,
1983 3035 2105 3079 neo
2147 3012 2401 3099 aliquid
2444 3034 2487 3077 a
2529 3013 2956 3100 septuaginta

844 3117 1039 3182 annis
1107 3115 1278 3194 fecit,
1352 3115 1485 3180 nisi
1552 3117 1733 3202 quod
1813 3115 2122 3182 dominus
2185 3115 2534 3196 RobertuS,
2611 3115 2956 3202 episeopus

850 3219 1324 3288 Linoolniensis
1368 3224 1612 3286 sanctae
1657 3219 2008 3300 memoriae,
2038 3219 2324 3285 tradidit
2368 3219 2627 3284 Latinis
2655 3219 2738 3284 de
2765 3217 2957 3283 libris

848 3323 1031 3390 beati
1098 3323 1427 3409 Dionysii,
1476 3328 1547 3388 et
1593 3321 2007 3400 Damasoeni,
2055 3327 2127 3387 et
2191 3320 2528 3406 aliquibus
2592 3321 2740 3386 aliis
2801 3320 2954 3387 doo-

848 3425 1107 3494 toribus
1136 3425 1537 3494 consecratis.
1632 3423 1881 3490 Mirum
1917 3429 2020 3490 est
2051 3423 2136 3489 de
2175 3423 2584 3511 negligentia
2627 3423 2912 3490 eoelesiae
2935 3446 2956 3503 ;

848 3531 1007 3616 quia
1056 3552 1099 3595 a
1162 3535 1457 3616 tempore
1519 3527 1794 3594 Damasi
1853 3547 2060 3614 papae,
2115 3549 2253 3592 non
2317 3526 2448 3592 fuit
2491 3527 2727 3612 aliquis
2779 3547 2955 3591 sum-

850 3655 999 3699 mus
1042 3631 1362 3720 pontife1‚
1432 3652 1554 3697 neo
1614 3630 1852 3717 aliquis
1897 3630 2068 3694 alius
2111 3629 2398 3708 inferior,
2457 3631 2573 3716 qui
2637 3629 2955 3696 sollicitus

850 3735 985 3800 fuit
1056 3735 1143 3802 de
1217 3735 1634 3824 promotione
1710 3733 1996 3799 eoelesioe
2069 3753 2191 3819 per
2269 3733 2750 3814 translationes,
2825 3732 2960 3798 nisi

854 3837 1159 3903 dominus
1204 3835 1519 3924 praefatus
1556 3837 1894 3924 episcopus
1936 3835 2270 3923 gloriosus.

943 3938 1170 4004 Tertia
1198 3939 1478 4028 „decima
1520 3961 1718 4004 eausa
1760 3959 1965 4025 quare
2007 3958 2266 4004 necesse
2309 3943 2413 4005 est
2453 3939 2768 4007 studiosis
2829 3941 2958 4007 La-

850 4039 1033 4120 tinis,
1080 4047 1163 4108 ut
1224 4042 1439 4108 sciant
1481 4041 1759 4129 linguas,
1827 4047 1930 4108 est
1973 4043 2320 4130 corrupti0‚
2369 4047 2522 4130 quae
2587 4044 2825 4110 aocidit
2885 4044 2960 4109 in

850 4143 1073 4212 studio
1116 4151 1389 4234 propter
1429 4145 1880 4233 ignorantiam
1909 4145 2286 4233 linguarum
2322 4147 2809 4235 sapientialium
2853 4148 2960 4213 his

849 4249 1275 4337 temporibus.
1368 4247 1535 4315 Haec
1580 4253 1683 4314 est
1726 4248 2124 4338 eompletiva
2167 4251 2404 4316 erroris
2449 4256 2519 4317 et
2561 4251 2958 4338 ignorantiae

852 4353 1258 4420 Latinorum.
1350 4351 1517 4433 Quae
1562 4351 1741 4419 enim
1784 4353 1954 4420 bene
1996 4354 2322 4420 translata
2363 4355 2649 4434 fuerunt,
2697 4360 2767 4420 et
2809 4377 2959 4442 quae

848 4457 1178 4525 veraciter
1242 4456 1515 4522 fuerunt
1562 4455 1864 4544 exposita
1927 4455 2000 4522 in
2068 4457 2392 4544 sapientia
2453 4457 2684 4523 divina
2729 4461 2801 4524 et
2843 4458 2968 4523 hu-

853 4583 1068 4643 mana,
1102 4561 1249 4648 jam
1316 4558 1585 4626 omnino
1647 4559 1894 4625 vitiata
1961 4565 2121 4625 sunt
2183 4583 2299 4648 per
2347 4561 2488 4641 hoc,
2537 4561 2716 4647 quod
2783 4561 2962 4648 apud

854 4663 1131 4730 Latinos
1160 4685 1296 4730 non
1340 4667 1444 4730 est
1485 4683 1643 4730 usus
1670 4661 2053 4750 linguarum
2083 4661 2573 4750 sapientialium
2615 4663 2962 4750 praedicta-

851 4783 1016 4832 rum.
1108 4765 1219 4835 Sic
1260 4766 1469 4855 igitur
1510 4769 1735 4855 potest
1779 4764 1945 4834 satis
1971 4765 2172 4834 modo
2221 4765 2700 4836 introductorio
2729 4771 2800 4834 et
2837 4765 2962 4834 sub
