3517 5750
1384 870 1558 919 orus
1601 870 1838 919 mnus,
2533 858 2661 921 343

550 1044 752 1109 tionis
811 1044 1239 1109 historiarum
1300 1050 1368 1111 et
1428 1044 1910 1110 sententiarum
1970 1048 2290 1111 notentur
2365 1050 2661 1113 auctores
2687 1051 2902 1131 Vari-oua

549 1151 621 1211 et
671 1152 973 1233 tempora
1011 1167 1251 1212 eorum.
1346 1146 1438 1211 Et
1485 1148 1579 1212 sic
1626 1147 1709 1213 de
1757 1147 1986 1213 multis
2031 1170 2180 1235 quae
2225 1170 2360 1213 non
2413 1148 2662 1215 habent
2685 1124 2991 1255 {fffflffissf

549 1250 1101 1335 comparationem
1178 1250 1266 1313 ad
1358 1247 1487 1314 Dei
1578 1255 1858 1315 textum.
1982 1249 2398 1337 Quapropter
2467 1252 2663 1339 longe
2683 1260 2837 1304 tures.

548 1353 760 1439 magis
804 1352 1082 1418 sciretur
1138 1352 1421 1437 quandO,
1482 1355 1553 1416 et
1612 1374 1653 1416 a
1713 1374 1862 1439 quc,
1913 1356 1982 1418 et
2027 1355 2212 1441 cujus
2266 1356 2661 1421 auctoritate

547 1454 688 1521 haec
732 1454 1109 1541 compilatio
1171 1454 1357 1519 Sacri
1416 1454 1667 1519 Textus
1736 1454 1914 1519 facta
1973 1456 2074 1521 sit.
2184 1456 2276 1521 Et
2334 1458 2660 1544 praecipue

546 1578 697 1622 cum
775 1558 866 1622 sit
939 1557 1270 1622 modicum
1330 1560 1593 1643 tempus
1666 1562 2018 1643 postquam
2092 1558 2266 1623 facta
2342 1564 2456 1625 est.
2568 1560 2659 1626 Et

546 1664 708 1726 sunt
757 1660 1015 1725 circiter
1067 1658 1247 1725 mille
1302 1659 1651 1746 quingenti
1696 1659 1858 1723 anni
1911 1659 2090 1745 quod
2119 1660 2416 1747 Vulgata
2455 1663 2660 1729 editio

546 1763 907 1849 composita
988 1760 1095 1839 sit,
1172 1767 1241 1826 et
1316 1760 1575 1827 circiter
1649 1760 1832 1826 mille
1909 1762 2084 1846 quod
2151 1762 2468 1848 quaelibet
2541 1765 2660 1829 ali-

545 1884 747 1929 arum.
842 1863 936 1929 Et
991 1868 1261 1950 propter
1318 1862 1482 1928 facti
1540 1862 2068 1949 magnitudinem
2127 1887 2332 1951 usque
2407 1867 2661 1933 hodier-

547 1988 707 2032 num
770 1967 947 2033 diem
1003 1971 1166 2032 nota
1224 1970 1383 2032 sunt
1440 1965 1634 2030 nobis
1692 1970 2008 2052 tempora,
2081 1973 2149 2033 et
2201 1989 2404 2055 prope
2453 1970 2660 2035 nomi-

545 2074 793 2135 nantur
867 2069 1129 2155 quando
1205 2072 1275 2134 et
1348 2090 1391 2133 a
1464 2068 1705 2154 quibus
1780 2074 1940 2135 sunt
2013 2068 2206 2136 factae
2279 2070 2658 2156 hujusmodi

546 2171 1031 2253 translationes,
1082 2171 1254 2237 sicut
1303 2170 1595 2235 historiae
1649 2170 1970 2236 solemnes
2041 2176 2112 2237 et
2157 2174 2369 2237 sancti
2419 2174 2657 2239 docent

494 2262 519 2275 ’
546 2273 1021 2360 multipliciter.
1113 2272 1205 2338 Et
1256 2272 1343 2337 ad
1390 2272 1513 2337 hoc
1562 2273 1741 2358 quod
1792 2274 2149 2359 composita
2198 2274 2348 2360 plus
2407 2275 2658 2341 habent

546 2376 629 2442 de
689 2398 827 2443 esse
902 2381 971 2441 et
1040 2375 1411 2440 bonitatem
1490 2396 1686 2459 quam
1738 2396 1858 2440 sua
1909 2374 2246 2461 simplicia,
2359 2377 2450 2443 Et
2506 2378 2655 2443 ideo

540 2480 599 2543 si
674 2501 761 2544 ex
834 2477 1237 2565 simplicibus
1308 2476 1856 2543 translationibus
1928 2499 2064 2543 non
2135 2477 2454 2545 veraciter
2527 2480 2658 2546 fuit

543 2578 958 2662 translatum,
1036 2584 1207 2647 esset
1280 2602 1417 2645 una
1507 2579 1710 2646 editio
1803 2581 2160 2667 composita
2248 2581 2654 2648 falsitatibus

540 2684 888 2769 utriusque
983 2682 1293 2770 simplicis
1386 2680 1854 2762 translationis,
1950 2704 2244 2749 resecans
2317 2684 2654 2751 celebriori

544 2786 858 2853 memoria
930 2786 1053 2851 hoc
1126 2784 1593 2871 compositione
1672 2786 1874 2871 digna
1949 2789 2118 2851 esset
2178 2788 2355 2873 quod
2433 2788 2654 2876 aliqua

544 2891 937 2978 simplicium
1010 2889 1359 2954 translatio
1437 2893 1509 2954 et
1589 2890 1802 2976 magis
1877 2888 2153 2954 sciretur
2223 2892 2441 2976 quoa-d
2515 2891 2653 2976 ejus

540 2999 801 3079 tempus
867 2995 937 3057 et
996 2997 1304 3056 auctores.
1396 2989 1814 3078 Quapropter
1873 2991 1984 3057 ille
2055 2991 2170 3078 qui
2245 3013 2389 3058 eam
2455 2995 2654 3080 fingit

540 3097 711 3182 petit
768 3083 1180 3182 principium,
1252 3098 1322 3159 et
1378 3093 1693 3180 supponit
1760 3093 1942 3180 quod
2015 3095 2289 3182 probare
2367 3097 2649 3163 deberet.

542 3199 633 3264 Et
691 3199 841 3264 ideo
900 3218 1037 3264 non
1104 3199 1206 3262 est
1264 3193 1640 3281 hujusmodi
1702 3198 2033 3263 sententia
2095 3198 2483 3284 recipienda,
2537 3201 2651 3267 sed

540 3319 691 3368 cum
734 3301 825 3367 sit
867 3300 1009 3366 sine
1052 3299 1448 3365 auctoritate
1494 3303 1563 3364 et
1604 3299 1863 3364 ratione
1907 3301 2318 3386 reprobanda
2363 3307 2477 3366 est.

631 3403 763 3470 Sed
805 3402 1009 3468 tertio
1053 3401 1481 3489 probabiliter
1527 3405 1747 3489 potest
1791 3401 1965 3488 eligi,
2015 3403 2084 3466 et
2131 3402 2459 3469 solutione
2505 3403 2647 3490 dig-

540 3529 719 3584 num,
772 3505 952 3594 quod
1008 3505 1243 3570 beatus
1303 3503 1753 3590 Hieronymus
1821 3504 1896 3567 in
1965 3491 2400 3591 originalibus
2451 3527 2648 3592 super

538 3613 804 3675 textum
877 3607 1069 3694 ponit
1122 3607 1324 3672 aliam
1390 3607 1673 3686 literam,
1740 3627 1942 3692 quam
2008 3626 2130 3671 nos
2193 3605 2510 3672 habemus
2572 3609 2644 3672 in

538 3711 777 3778 Bibliis
822 3711 1117 3796 antiquis
1161 3715 1231 3774 et
1273 3709 1482 3774 novis.
1576 3709 1669 3773 Et
1711 3707 1860 3774 ideo
1905 3709 2103 3774 aliam
2148 3709 2644 3776 translationem

538 3815 841 3881 edisserit
872 3818 938 3878 et
985 3811 1263 3899 exponit
1298 3813 1504 3899 juxta
1550 3810 1952 3876 Hebraicam
1995 3811 2369 3890 veritatem,
2400 3818 2644 3899 praeter

538 3917 669 3983 hoo
706 3917 885 4004 quod
927 3916 1125 3980 simul
1169 3920 1377 4001 ponat
1420 3913 1921 3980 translationem
1982 3911 2438 4003 Septuaginta,
2485 3939 2642 4002 qua-

535 4025 729 4086 tenus
790 4017 1099 4084 videatur
1166 4018 1451 4102 qualiter
1524 4015 1731 4082 editio
1809 4017 2252 4104 Septuaginta
2317 4019 2642 4086 discordet

536 4123 622 4188 ab
683 4122 1011 4187 Hebraica
1077 4119 1379 4198 veritate,
1451 4119 1816 4206 adjungens
1884 4124 2110 4185 autem
2170 4122 2640 4190 translationes

534 4225 829 4304 aliorum,
867 4228 946 4289 ut
990 4223 1201 4310 magis
1244 4223 1565 4288 elucescat
1608 4221 1858 4287 veritas
1906 4221 2238 4290 Hebraica
2281 4246 2480 4311 quam
2525 4249 2639 4291 ex-

535 4327 741 4415 ponit.
832 4327 943 4392 Ex
1009 4347 1141 4413 quo
1185 4325 1453 4391 videtur
1506 4323 1682 4410 quod
1743 4345 1894 4389 cum
1941 4325 2392 4412 Hieronymus
2451 4350 2656 4395 suam,

534 4430 631 4496 ibi
706 4433 997 4516 exponat
1071 4428 1591 4505 translationem,
1671 4449 1820 4512 quae
1881 4447 2020 4492 non
2081 4433 2182 4493 est
2248 4429 2365 4494 illa
2438 4450 2636 4516 quam

532 4538 833 4598 tenemus
876 4532 951 4596 in
998 4531 1251 4612 Bibliis,
1297 4530 1369 4595 id
1416 4535 1517 4596 est
1562 4528 1737 4616 quod
1781 4529 1900 4594 illa
1945 4529 2151 4595 editio
2211 4552 2342 4616 qua
2384 4533 2640 4598 utimur

533 4655 671 4700 non
716 4638 817 4700 est
863 4634 1261 4722 Hieronymi
1290 4657 1308 4714 3
1366 4633 1482 4698 sed
1536 4637 1615 4698 ut
1657 4631 1980 4697 habeatur
2023 4631 2133 4698 vel
2175 4633 2400 4720 aliqua
2465 4658 2637 4702 com-

532 4735 785 4824 pilati0,
854 4737 966 4804 vel
1027 4737 1163 4805 alia
1228 4733 1595 4820 translatiO,
1662 4755 2068 4822 quaecunque
2129 4734 2221 4802 sit
2283 4737 2412 4806 illa.
2525 4739 2638 4806 Ad
