3517 5750
832 824 959 887 124
1584 835 1842 885 nomm
1887 835 2180 885 mooms
2753 823 2934 911 [mr.

822 1005 1107 1095 petitum
1190 1004 1501 1071 materiae.
1624 1004 1804 1091 Ergo
1885 1026 2022 1069 non
2093 1008 2200 1068 est
2273 1002 2392 1067 ina
2475 1004 2766 1071 materia
2863 1006 2936 1071 in

822 1107 1125 1195 potentia
1180 1106 1691 1173 adulteriorem
1750 1106 2937 1191 sommapmoedfinietur

822 1210 967 1296 ejus
1014 1209 1355 1297 appetitus
1388 1208 1465 1273 in
1514 1230 1617 1275 ea.
1726 1208 1910 1295 Ergo
1955 1206 2242 1273 eemabit
2293 1209 2644 1293 generatio
2691 1231 2934 1290 rerum,

822 1316 897 1377 et
954 1310 1123 1377 nihil
1196 1310 1319 1377 fiet
1368 1316 1519 1397 post
1578 1332 1719 1375 rem
1779 1309 2046 1397 generis
2101 1308 2588 1395 generalissimi
2647 1312 2722 1377 in
2779 1312 2932 1378 istis

820 1414 1019 1481 rebus
1074 1413 1515 1479 inferioribus.

476 1514 575 1565 ¹¹⁵⁸
602 1530 801 1569 *ΜΨ
910 1516 1046 1583 Sed
1118 1514 1279 1603 quia
1350 1514 1599 1581 habent
1672 1512 1994 1601 quasdam
2073 1514 2416 1581 evasiones
2487 1514 2706 1593 falsas,
2783 1516 2932 1582 ideo

472 1581 797 1701 5332*
818 1616 1061 1705 aliquae
1132 1616 1625 1684 considerandae
1696 1622 1876 1682 sunt.
1969 1616 2225 1682 Dicunt
2291 1618 2472 1681 enim
2537 1618 2720 1703 quod
2791 1640 2930 1683 ma-

472 1714 543 1765 2¹¹
558 1724 741 1767 *Μ
754 1716 799 1769 ¹¹
820 1720 1007 1801 teria,
1068 1720 1127 1785 si
1199 1720 1649 1786 consideretur
1720 1717 2082 1784 secundm
2155 1720 2530 1799 essentiam,
2589 1724 2754 1784 tune
2827 1725 2932 1787 est

470 1782 757 1909 ω’
820 1844 959 1889 una
1000 1822 1073 1889 ln
1114 1822 1467 1903 omnibus3
1506 1822 1563 1887 si
1612 1820 1970 1888 secundum
2013 1842 2172 1901 esse,
2223 1826 2388 1887 tunc
2427 1820 2928 1889 diversificatur.

470 1913 785 2049 mgis·
822 1924 958 1991 Sed
1006 1924 1193 1991 istud
1236 1924 1477 1991 falsum
1528 1928 1631 1989 est
1680 1944 1802 2011 per
1849 1921 2146 1989 rationes
2191 1922 2422 2002 dietas,
2465 1946 2616 2009 quae
2665 1924 2926 1989 conclu-

466 2064 585 2100 me.
820 2028 993 2093 dunt
1042 2026 1499 2093 diversitatem
1550 2026 1625 2091 in
1672 2024 1976 2105 essentia,
2027 2030 2099 2091 et
2145 2046 2346 2111 penes
2389 2024 2636 2112 gradus
2681 2032 2754 2091 et
2799 2025 2928 2090 dif-

818 2128 1147 2197 ferentias.
1238 2130 1571 2197 Praeterea
1632 2126 2026 2215 reprobatur
2081 2128 2318 2193 aliter:
2397 2150 2554 2193 nam
2611 2148 2751 2193 esse
2825 2134 2930 2194 est

818 2232 1032 2319 prima
1096 2232 1311 2320 passio
1360 2232 1459 2297 rei
1510 2230 1709 2317 (sicut
1728 2228 1747 2266 ¹
1823 2230 1990 2296 dieit
2033 2230 2382 2295 Avieenna
2445 2230 2520 2295 in
2573 2229 2923 2317 Metaphy·

818 2334 999 2421 sies),
1060 2339 1133 2401 et
1190 2334 1309 2415 ini,
1354 2334 1469 2420 qui
1528 2334 1798 2421 fingunt
1845 2331 2022 2397 hune
2089 2353 2394 2411 errorem,
2463 2333 2700 2398 dieunt
2749 2334 2928 2419 quod

818 2458 959 2503 esse
1026 2441 1130 2503 est
1202 2436 1414 2523 magis
1486 2434 1834 2501 essentiale
1891 2434 1989 2499 rei
2061 2455 2263 2520 quam
2337 2434 2606 2521 propria
2663 2436 2926 2521 paffli03

817 2536 995 2623 quod
1044 2558 1170 2625 ego
1216 2536 1369 2604 volo
1416 2536 1525 2603 hie
1572 2536 1820 2616 audire,
1871 2534 1990 2601 sed
2047 2555 2180 2601 non
2231 2535 2418 2616 alibi,
2467 2536 2629 2621 quia
2685 2536 2926 2603 falsum

818 2643 933 2707 est.
1026 2638 1161 2705 Sed
1206 2638 1265 2704 si
1324 2640 1415 2705 sit
1468 2638 1733 2725 propria
1779 2639 2015 2725 passi0,
2063 2642 2228 2703 tune
2271 2642 2662 2703 numeratur
2711 2640 2924 2705 solum

818 2738 1179 2807 seeundum
1248 2740 1774 2807 numerationem
1847 2739 1953 2805 sui
2023 2739 2320 2825 subjecti,
2381 2744 2458 2805 ut
2521 2739 2746 2805 risible
2802 2763 2926 2807 nu-

820 2849 1115 2910 meratur
1162 2842 1522 2910 secundm
1580 2842 2106 2910 numerationem
2165 2840 2468 2925 hominis,
2519 2843 2594 2908 in
2655 2842 2924 2910 Socrate

820 2950 891 3012 et
936 2943 1227 3012 Platone.
1322 2945 1500 3032 Ergo
1550 2945 1912 3012 secundum
1962 2945 2490 3012 numerationem
2535 2967 2674 3011 esse
2719 2945 2926 3033 ipsius

818 3049 1113 3116 materiae
1166 3047 1624 3114 numerabitur
1667 3047 1953 3114 essentia
2009 3047 2367 3128 materiae)
2417 3069 2569 3133 quae
2617 3053 2724 3114 est
2771 3049 2926 3114 sub-

808 3150 1064 3236 jectum
1122 3149 1301 3216 illius
1360 3169 1512 3216 esse.
1604 3149 1681 3216 Si
1739 3171 1898 3216 vero
1959 3154 2061 3216 est
2134 3149 2346 3236 magis
2418 3150 2783 3231 essentiale,
2845 3157 2927 3215 ut

820 3250 949 3340 ipsi
1018 3251 1267 3334 dieunt,
1328 3256 1491 3320 tune
1550 3251 1745 3339 longe
1818 3251 2056 3317 fortius
2129 3255 2442 3336 sequetur
2499 3251 2676 3338 quod
2735 3253 2921 3333 illud,

818 3354 927 3422 oui
985 3359 1089 3422 est
1148 3353 1511 3434 essentiale,
1570 3353 2047 3434 numerabitur,
2107 3357 2176 3418 et
2235 3352 2383 3418 ideo
2441 3353 2724 3419 essentia
2780 3353 2924 3420 haee

820 3457 1277 3526 numerabitur
1322 3458 1404 3524 de
1448 3457 1852 3523 necessitate.

474 3561 571 3614 ΗΞ·
600 3577 793 3616 ωηατ
914 3560 1169 3627 Iterum
1218 3558 1451 3626 dieunt
1498 3557 1674 3646 quod
1721 3557 2018 3638 materia,
2065 3554 2158 3622 si³
2201 3577 2337 3621 non
2389 3559 2559 3622 esset
2610 3578 2744 3622 una
2797 3579 2918 3624 nu-

470 3631 617 3750 {1⁰03
610 3629 717 3748 ,ἕξ
828 3683 1025 3742 mero,
1098 3667 1261 3728 tune
1340 3666 1513 3728 esset
1581 3681 1790 3747 genus
1859 3658 1969 3725 vel
2045 3658 2304 3746 speciest,
2368 3658 2476 3724 vel
2549 3659 2920 3726 universale

472 3763 612 3844 ¹·in
633 3763 765 3816 from
828 3762 937 3828 vel
982 3761 1412 3849 praedicabile.
1504 3761 1637 3828 Sed
1686 3759 1858 3828 haee⁴
1891 3761 2288 3841 abhorrent3
2341 3760 2500 3846 quia
2527 3760 2920 3828 Aristoteles

465 3831 775 3948 ffiffossh‘
824 3863 989 3931 dicit
1041 3864 1324 3953 septimo
1372 3863 1862 3950 Metaphysieae,
1876 3861 1904 3900 ⁶
1947 3861 2122 3948 quod
2173 3862 2456 3928 materia
2501 3865 2606 3928 est
2658 3863 2790 3927 alia
2833 3865 2920 3930 ab

470 3963 727 4018 AMO-
817 3967 1101 4034 essentia
1171 3965 1523 4052 cujuslibet
1596 3965 2051 4052 praedieabilis.
2160 3963 2294 4029 Sed
2349 3969 2536 4051 patet
2595 3985 2682 4030 ex
2755 3966 2920 4032 serie

814 4075 1040 4137 textus
1114 4069 1289 4155 quod
1363 4067 1780 4156 praedicabile
1852 4067 1948 4134 ibi
2023 4061 2350 4132 sumitur⁶
2419 4087 2538 4153 pro
2611 4066 2920 4153 praediea-

814 4171 1135 4253 mentali3
1214 4170 1393 4237 unde
1460 4169 1651 4236 docet
1718 4169 1814 4237 ibi
1877 4168 2056 4256 quod
2115 4166 2394 4233 materia
2453 4171 2555 4233 est
2613 4167 2746 4234 alia
2805 4190 2924 4255 per

875 4434 890 4467 ¹
915 4431 1069 4498 sicut]
1108 4437 1180 4490 ut,
1214 4428 1279 4479 Τ.
1851 4427 1860 4500 l
1903 4423 2094 4472 πάντων
2114 4421 2146 4480 ἦ
2173 4421 2312 4470 οὐσία
2347 4421 2534 4484 *psum-ov
2553 4421 2632 4468 καὶ
2665 4419 2812 4482 λόγῳ,
2837 4420 2915 4470 καὶ

874 4515 895 4546 ³
916 4511 1155 4578 moerioe]
1192 4509 1349 4575 ipsius
1368 4505 1608 4568 materioe,
1633 4505 1695 4556 T.
1904 4500 2093 4562 γνόσει,
2139 4497 2217 4550 καὶ
2260 4499 2434 4564 χρόνῳ,
2467 4495 2546 4548 καὶ
2599 4495 2755 4560 φύσει·
2821 4501 2919 4548 τᾶν

874 4595 895 4624 ⁸
915 4591 989 4658 εἰ]
1027 4589 1071 4641 si
1086 4589 1295 4640 mata-is
1327 4601 1447 4650 non,
1484 4585 1545 4637 Τ.
1903 4577 1991 4640 μὲν
2032 4576 2127 4642 γὰρ
2157 4575 2320 4628 ἄλλων
2351 4573 2753 4640 κατηγορημάτων
2784 4576 2919 4625 οὐδὲν

874 4673 892 4703 ⁴
914 4669 1043 4736 Ιιωσ]
1079 4668 1191 4730 boc,
1222 4667 1283 4718 L.
1306 4665 1369 4718 T.
1905 4655 2144 4722 χωριστὸν
2164 4656 2285 4714 αὕτη
2307 4654 2360 4705 δὲ
2375 4655 2510 4716 μόνη.

873 4751 894 4780 ⁸
914 4743 1295 4814 Mewpkysicae]
1336 4743 1424 4798 vii.
1454 4749 1497 4796 1.
1562 4741 1725 4804 ‘opus
1764 4739 1815 4790 δὲ
1975 4737 1996 4766 ⁰
2015 4735 2085 4787 ibn·
2105 4733 2336 4802 mitur]
2374 4741 2601 4787 sumatur
2621 4730 2706 4794 ibi,
2743 4731 2804 4785 T.
