3517 5750
586 862 819 951 mum]
1385 882 1559 930 opus
1602 882 1921 933 mmmm.
2547 868 2679 941 257

577 1052 651 1119 Si
695 1056 870 1121 enim
914 1056 1083 1121 alius
1113 1055 1360 1123 diceret
1405 1057 1500 1123 ibi
1535 1058 1802 1144 primis
1830 1059 1902 1123 in
1934 1058 2179 1137 dativ0,
2212 1062 2678 1145 grammaticus

574 1156 786 1222 solum
832 1158 1079 1225 diceret
1123 1160 1299 1245 quod
1343 1160 1483 1246 ipse
1526 1166 1757 1225 contra
1801 1166 2098 1226 auctores
2141 1161 2365 1247 posuit
2407 1162 2675 1251 longam

575 1279 693 1345 pro
766 1259 970 1326 brevi.
1092 1260 1225 1327 Sed
1300 1260 1585 1327 musicus
1662 1262 1824 1327 dicit
1897 1263 2072 1348 quod
2144 1266 2405 1349 tempus
2482 1265 2680 1350 hujus

573 1360 848 1445 syllabae
915 1362 1130 1451 longae
1192 1364 1538 1451 superfluit
1599 1364 1673 1428 in
1732 1364 2088 1430 medietate
2151 1386 2286 1445 sua,
2335 1367 2492 1451 quia
2551 1366 2682 1433 duo

574 1466 873 1549 tempora
916 1465 1121 1532 habet
1162 1466 1361 1553 longa
1404 1465 1678 1551 syllaba,
1725 1465 1947 1532 brevis
1989 1467 2192 1532 habet
2235 1490 2464 1533 unum.

664 1564 799 1632 Sed
839 1573 1144 1648 metrum,
1178 1568 1355 1654 quod
1382 1569 1491 1634 hic
1535 1569 1764 1649 oritur,
1809 1592 1944 1635 non
1972 1569 2252 1655 requirit
2295 1570 2429 1635 nisi
2466 1592 2679 1635 unum

571 1672 833 1755 tempus
928 1671 1287 1736 secundum
1362 1670 1655 1735 debitam
1728 1672 2218 1757 proportionem
2290 1673 2530 1755 metri;
2613 1680 2682 1739 et

570 1768 719 1836 ideo
765 1775 1025 1858 oportet
1069 1772 1245 1858 quod
1297 1772 1555 1857 syllaba
1615 1771 1713 1837 ibi
1776 1778 2064 1859 ponatur
2123 1773 2363 1854 breviS,
2417 1779 2487 1840 et
2543 1796 2680 1839 non

566 1871 777 1959 longa.
870 1874 1039 1941 Cum
1084 1876 1291 1961 igitur
1334 1896 1529 1962 prosa
1571 1876 1848 1961 requirit
1893 1881 1970 1942 ut
2014 1875 2249 1942 breves
2295 1876 2568 1962 syllabae
2608 1883 2678 1943 et

565 1974 781 2061 longae
832 1982 1177 2043 serventur
1221 1978 1447 2044 debito
1494 1976 1688 2063 modo
1735 1978 1808 2041 in
1854 1977 2128 2063 syllabis
2201 1978 2497 2044 omnium
2557 1979 2676 2044 tri-

564 2077 1031 2161 syllabicarum
1076 2078 1474 2145 dictionum¹
1524 2084 1594 2144 et
1637 2080 1926 2166 plurium
1974 2080 2397 2165 syllabarum,
2459 2102 2678 2147 neces-

568 2181 739 2245 saria
782 2192 937 2247 sunt
999 2181 1087 2248 ad
1148 2182 1590 2271 prolationem
1636 2181 1998 2270 Scripturas
2061 2182 2333 2263 musica,
2401 2184 2676 2248 metrica

565 2288 635 2348 et
676 2284 1069 2370 rhythmica,
1117 2306 1266 2371 quae
1309 2283 1690 2371 hujusmodi
1731 2284 2184 2369 longitudines
2215 2288 2283 2349 et
2313 2284 2674 2350 brevitates

564 2386 993 2453 considerant.
1084 2386 1261 2452 Nam
1306 2387 1494 2453 docet
1538 2386 1958 2473 Augustinus
2021 2386 2198 2471 quod
2259 2407 2395 2450 non
2461 2386 2672 2452 solum

564 2492 792 2569 metra,
839 2490 955 2554 sed
999 2488 1305 2575 rhythmi
1349 2493 1837 2576 componuntur
1888 2508 1974 2553 ex
2021 2486 2301 2573 pedibus
2345 2493 2417 2553 et
2461 2488 2672 2574 longis

562 2593 632 2653 et
688 2589 1017 2656 brevibus.
1110 2590 1281 2657 Cum
1344 2612 1500 2656 vero
1566 2590 1812 2676 regulae
1856 2588 2026 2653 circa
2085 2589 2228 2654 haec
2285 2589 2422 2653 sint
2481 2590 2668 2675 quasi

558 2690 839 2757 infinitis
885 2692 1097 2757 modis
1141 2692 1431 2769 variatae,
1478 2712 1852 2777 percurram
1928 2690 2000 2754 in
2067 2711 2325 2755 summa
2391 2690 2474 2756 de
2541 2691 2661 2773 his,

558 2814 805 2880 ponens
849 2794 1150 2881 exempla
1192 2794 1403 2882 magis
1444 2794 1721 2881 vulgata
1749 2792 1824 2857 in
1871 2791 2109 2876 Biblia,
2154 2792 2229 2856 in
2273 2791 2515 2878 quibus
2559 2799 2662 2859 est

557 2897 769 2983 major
812 2895 1188 2962 obscuritas.

646 2996 907 3064 Vocalis
970 3005 1127 3064 ante
1192 2998 1484 3064 vocalem
1543 2998 1617 3062 in
1677 2995 1934 3063 Latinis
1995 2995 2396 3063 dictionibus
2461 2999 2658 3063 corri-
2685 2999 2838 3052 Rulea
2857 3002 2938 3053 sor

2682 3068 2953 3119 determin-

555 3099 752 3186 pitur,
816 3105 898 3166 ut
971 3121 1216 3187 caprea,
1263 3099 1554 3186 praemia,
1603 3099 1853 3178 trabea,
1919 3097 2332 3178 contumelia,
2401 3105 2656 3166 contro-
2682 3135 2772 3200 ing
2792 3136 2874 3184 lon
2843 3150 2913 3199 1¹8

553 3201 810 3284 versia;
853 3201 1009 3268 licet
1038 3202 1339 3288 quaedam
1370 3200 1803 3287 excipiantur,
1836 3202 1918 3266 de
1949 3201 2190 3316 quibus
2234 3221 2370 3265 non
2400 3207 2502 3267 est
2535 3203 2654 3268 vie.
2681 3206 2781 3252 and
2802 3201 2943 3252 ⁸h0rt

554 3301 658 3368 De
688 3303 935 3370 Graecis
966 3309 1037 3369 et
1058 3302 1381 3382 Hebraeis,
1412 3303 1683 3368 nomina
1727 3303 2096 3368 desinentia
2131 3302 2205 3366 in
2235 3324 2329 3381 ea,
2361 3303 2734 3384 solebantin

2681 3268 2916 3334 syllables

550 3405 837 3491 produci,
883 3411 964 3471 ut
1008 3405 1263 3484 Medea,
1310 3405 1558 3484 Platea,
1595 3403 1843 3484 Oorea3
1911 3409 1982 3469 et
2024 3403 2288 3490 propria
2330 3404 2405 3467 in
2447 3402 2544 3484 ia,
2577 3412 2656 3471 ut
2680 3401 2920 3469 vulgate

550 3507 783 3588 Maria,
854 3507 1107 3586 Samia,
1170 3506 1413 3572 Lucia:
1529 3510 1755 3571 tamen
1817 3504 2309 3589 tetrasyllabica
2392 3504 2652 3572 breviat

548 3632 706 3676 usus
750 3614 989 3692 noster,
1038 3614 1119 3675 ut
1162 3608 1452 3688 Athalia,
1502 3608 1878 3687 Anastasia,
1919 3605 2222 3685 Caecilia;
2267 3611 2336 3671 et
2377 3608 2650 3672 nomina

546 3713 906 3799 regionum,
951 3717 1033 3777 ut
1078 3710 1319 3792 Media,
1353 3711 1569 3797 Syria,
1618 3709 1936 3787 Samaria,
1984 3709 2154 3774 sicut
2201 3709 2360 3774 dicit
2406 3709 2645 3776 Prisci-

543 3837 709 3880 anus
783 3815 859 3880 in
931 3814 1103 3879 libro
1177 3813 1755 3901 Appellativorum
1846 3815 2081 3897 quarto
2163 3808 2394 3898 [c.1.];
2481 3832 2640 3877 vero

542 3918 844 4003 quaedam
911 3916 1286 4004 longantur,
1354 3919 1434 3980 ut
1500 3914 1753 4002 agonia,
1823 3911 2191 4000 epiphania,
2259 3911 2640 3993 hierarchia,

540 4019 919 4106 psalmodia,
988 4018 1289 4098 melodia,
1336 4014 1729 4102 symphonia
1771 4013 1848 4079 in
1915 4015 2098 4079 Luca
2140 4034 2260 4100 pro
2305 4021 2641 4098 concentu,

539 4121 655 4186 sed
719 4141 839 4207 pro
884 4141 1129 4207 organo
1190 4119 1264 4182 in
1332 4117 1607 4183 Daniele
1652 4117 2038 4205 corripitur:
2071 4116 2248 4182 unde
2299 4115 2639 4198 Horatius,

542 4222 1017 4308 “symphonia
1091 4221 1348 4286 discors
1351 4218 1389 4245 '’
1480 4219 1613 4285 Sed
1684 4218 2130 4305 corripiuntur
2199 4219 2516 4304 quaedam,
2562 4225 2642 4285 ut

536 4323 1012 4411 gastrimargia,
1060 4322 1475 4409 synonymia,
1521 4320 1735 4402 latria,
1781 4319 2227 4407 scenophagia.

628 4427 889 4493 Nomen
954 4427 1029 4492 in
1096 4448 1209 4493 eas
1280 4431 1349 4493 et
1421 4425 1497 4490 in
1570 4424 1685 4492 ias
1734 4425 2136 4512 producitur,
2183 4429 2264 4489 ut
2318 4424 2637 4506 Andreas,

534 4529 795 4607 AEneas,
844 4528 1049 4609 Elias,
1100 4528 1378 4616 Lysias;
1424 4527 1754 4614 excipitur
1799 4525 2140 4592 Herodias.

1308 4875 1321 4906 ¹
1346 4871 1628 4938 dictionum]
1656 4887 1754 4925 om.
1788 4872 1850 4924 Τ.

704 4969 855 5020 VOL.
892 4971 934 5020 1.
2348 4967 2397 5018 R
