3517 5750
552 2136 751 2201 Papias.

548 2949 659 2999 The
680 2949 802 3002 mis-

546 3017 689 3066 takee
711 3017 773 3068 of

546 3083 705 3134 Brito.

890 906 1025 973 448
1632 920 1894 971 noenu
1939 916 2236 971 memus
2803 904 2994 995 [cn--

882 1098 997 1163 ned
1058 1097 1303 1165 dicitur
1366 1118 1409 1161 a
1474 1100 1641 1185 potu
1696 1096 1872 1177 lenu,
1939 1096 2012 1161 id
2073 1102 2176 1163 eet
2241 1120 2284 1164 a
2345 1096 2509 1165 lacu.
2605 1098 2740 1179 Qui
2785 1100 3006 1187 igitur

880 1200 1122 1287 dogma.
1182 1198 1345 1265 dicit
1412 1198 1697 1265 derivari
1765 1222 1810 1265 a
1879 1198 2096 1277 doceo,
2157 1200 2448 1266 aestimat
2519 1200 2700 1286 quod
2759 1202 3004 1288 dogma

880 1303 971 1367 eit
1032 1300 1393 1381 Latinum3
1452 1304 1523 1367 et
1582 1302 1729 1367 ideo
1799 1306 1976 1367 errat
2017 1302 2092 1367 in
2135 1301 2258 1367 hac
2315 1302 2768 1380 aestimatione,
2825 1304 3002 1369 sicut

880 1404 955 1468 in
999 1404 1409 1469 derivatione
1468 1402 1753 1469 nominis
1798 1402 2150 1469 oberravit.
2245 1404 2572 1471 Similiter
2613 1404 2778 1470 dicit
2819 1408 3002 1491 quod

880 1506 1099 1571 Amen
1188 1505 1431 1571 dicitur
1486 1504 1573 1572 ab
1636 1528 1703 1585 a,
1781 1506 1957 1592 quod
2015 1511 2120 1571 eet
2175 1506 2334 1585 sine,
2393 1511 2466 1573 et
2537 1528 2748 1587 mene,
2815 1510 2998 1593 quod

879 1616 981 1673 ωδ
1038 1607 1345 1675 defectus,
1440 1606 1573 1675 Sed
1630 1608 1851 1675 Amen
1897 1606 2258 1675 Hebraeum
2319 1616 2464 1689 est3
2537 1610 2698 1695 quia
2755 1610 2998 1696 reperi-

878 1714 993 1777 tur
1050 1710 1125 1775 in
1182 1708 1411 1776 Veteri
1469 1710 1890 1777 Testamento
1949 1716 2020 1777 et
2080 1708 2406 1779 Hebraico
2465 1712 2786 1797 scriptum
2845 1718 2994 1793 est3

878 1818 949 1879 et
1006 1834 1069 1892 a,
1116 1812 1295 1899 quod
1348 1818 1450 1879 eet
1508 1810 1677 1892 eim,
1750 1818 1852 1879 ωδ
1921 1812 2242 1893 Graemm,
2313 1820 2384 1879 et
2447 1812 2752 1879 similiter
2801 1834 2998 1883 meno

881 1914 1187 1981 Graecum
1244 1920 1361 1981 eet.
1449 1912 1866 2002 Quapropter
1921 1914 2088 1981 falsa
2137 1921 2240 1983 eet
2297 1914 2772 2003 interpretatiO,
2835 1916 2998 2003 quia

882 2018 1243 2083 Hebraeum
1286 2038 1422 2083 non
1464 2022 1685 2105 potest
1728 2016 2116 2085 descendere
2159 2041 2202 2084 a
2247 2016 2494 2085 Graeoo.

973 2120 1282 2208 Hugutio
1326 2140 1485 2185 vero
1530 2124 1600 2185 et
1652 2118 1891 2207 Papiae
1935 2120 2165 2186 dicunt
2209 2120 2386 2206 quod
2430 2118 2786 2189 Parasoeue
2829 2119 2996 2186 dici-

880 2228 995 2289 tur
1037 2222 1430 2311 praeparatio
1472 2242 1695 2300 coenae,
1760 2228 1832 2288 et
1897 2222 2313 2309 componitur
2355 2244 2398 2287 a
2431 2243 2612 2308 paro
2657 2230 2728 2290 et
2785 2244 2993 2290 coemz.

880 2324 1014 2393 Sed
1060 2324 1361 2392 Graecum
1406 2346 1647 2391 nomen
1714 2330 1833 2407 eet,
1901 2330 1972 2391 et
2031 2325 2179 2391 ideo
2225 2324 2531 2391 Latinam
2593 2348 2728 2391 non
2789 2326 2996 2391 habet

880 2428 1369 2506 derivationem,
1430 2428 1788 2494 secundum
1849 2424 2336 2514 Hieronymum
2394 2434 2464 2493 et
2523 2426 2852 2505 Servium,
2913 2435 2994 2494 ut

880 2530 1177 2619 praedixi.
1266 2530 1377 2595 Sic
1434 2530 1644 2617 igitur
1694 2535 1920 2595 errant
1961 2530 2139 2617 apud
2203 2528 2476 2597 Latinos
2537 2531 2610 2595 in
2651 2530 2992 2597 vocabulis

878 2632 1483 2699 innumerabilibus,
1604 2630 1697 2697 Et
1755 2630 2004 2719 duplex
2047 2638 2150 2699 est
2193 2652 2418 2713 error;
2491 2634 2804 2719 quoniam
2847 2640 2994 2719 ety-

880 2736 1280 2822 mologizant
1330 2735 1513 2823 prius
1570 2757 1688 2823 per
1744 2734 2088 2821 posterius,
2149 2738 2220 2801 et
2277 2735 2616 2802 aestimant
2669 2735 2992 2801 vocabula

882 2837 1075 2904 unius
1118 2836 1365 2926 linguae
1426 2860 1563 2906 esse
1652 2836 1940 2916 alteriue,
2003 2836 2182 2924 quod
2241 2844 2343 2904 est
2429 2836 2662 2904 falsum
2723 2837 2990 2926 penitus

882 2946 953 3006 et
980 2941 1353 3007 absurdum.
1446 2941 1637 3007 Brito
1673 2961 1831 3007 vero
1860 2945 2232 3006 murmurat
2261 2945 2492 3007 contra
2523 2940 2984 3029 Hugutionem

881 3049 950 3110 et
1027 3043 1300 3130 Papiam
1390 3043 1463 3108 in
1536 3043 1822 3125 talibus3
1897 3043 2010 3110 sed
2099 3049 2326 3110 tamen
2397 3045 2470 3108 in
2547 3043 2724 3110 idem
2813 3044 2989 3110 redit

880 3146 1173 3213 nesciens
1214 3145 1375 3234 quid
1430 3145 1621 3212 dicat.
1718 3145 1970 3212 Aeserit
2013 3146 2226 3234 igitur
2269 3146 2446 3232 quod
2489 3145 2671 3212 Deus
2733 3152 2986 3232 etymo-

874 3248 1201 3336 logizatur
1274 3248 1463 3336 quasi
1526 3248 1689 3313 dans
1763 3253 2079 3314 aeternam
2152 3247 2362 3314 vitam
2437 3248 2588 3328 soie,
2651 3253 2722 3314 et
2793 3247 2987 3314 eolus,

874 3351 1055 3419 Deus
1130 3351 1305 3420 enim
1374 3350 1692 3418 Graecum.
1807 3349 1986 3416 Nam
2059 3353 2348 3416 testante
2411 3349 2742 3416 Prisciano
2763 3349 2782 3386 ¹
2847 3372 2986 3416 una

874 3460 1060 3522 muta
1102 3459 1381 3544 cognata
1424 3453 1691 3542 ponitur
1732 3451 1842 3518 hic
1901 3474 2020 3540 pro
2079 3453 2320 3533 altera3
2366 3454 2522 3540 quia
2571 3459 2600 3520 t
2643 3457 2712 3518 et
2771 3453 2838 3534 d,
2903 3459 2982 3518 ut

871 3558 971 3626 ait
1038 3557 1423 3636 PriscianuS,
1486 3562 1647 3623 sunt
1720 3561 2032 3643 cognatae,
2104 3561 2174 3622 et
2239 3577 2376 3621 una
2437 3577 2609 3644 saepe
2669 3577 2788 3644 pro
2851 3557 2982 3621 alia

870 3661 1183 3748 ponitur3
1259 3661 1415 3746 quia
1458 3659 1727 3724 Graecus
1793 3657 1956 3724 dicit
2021 3657 2249 3738 Theca
2299 3665 2367 3724 et
2427 3658 2500 3725 th
2561 3665 2862 3723 mutatur
2911 3659 2984 3723 in

872 3761 923 3828 d
990 3763 1175 3848 quasi
1242 3761 1413 3828 deos.
1506 3760 1639 3828 Sed
1703 3758 1936 3826 Graeca
1995 3759 2316 3826 vocabula
2383 3761 2740 3826 terminata
2783 3761 2860 3825 in
2911 3781 2984 3826 οε

872 3869 1219 3929 mutantur
1284 3863 1356 3927 in
1416 3883 1505 3927 ue
1562 3883 1711 3928 cum
1776 3861 2022 3928 cadunt
2089 3863 2160 3926 in
2219 3884 2348 3927 usu
2421 3861 2828 3942 Latinorum,
2905 3867 2986 3928 ut

874 3963 1185 4041 Christos,
1236 3963 1580 4046 Christum
1654 3969 1776 4029 aut
1833 3964 1907 4029 in
1967 3986 2054 4044 er,
2118 3969 2198 4029 ut
2259 3985 2468 4051 agree,
2537 3985 2738 4050 ager3
2811 3963 2984 4029 sieut

872 4065 1035 4131 dicit
1096 4065 1481 4132 Priscianus,
1572 4065 1744 4132 Cum
1809 4064 2019 4153 igitur
2087 4067 2268 4131 Deus
2333 4066 2423 4132 sit
2483 4065 2786 4132 Graecum
2843 4087 2980 4131 non

870 4173 1088 4256 potest
1160 4167 1402 4234 habere
1469 4166 1780 4234 Latinam
1855 4167 2339 4254 etymologiam,
2417 4173 2498 4234 ut
2555 4169 2678 4234 fiat
2743 4167 2848 4233 vie
2905 4167 2984 4232 in

870 4271 992 4337 hoc
1034 4270 1297 4336 nomine
1328 4269 1743 4357 etymologia.
1809 4269 1975 4336 Dico
2006 4270 2182 4357 quod
2215 4269 2667 4357 Hieronymus
2711 4272 2782 4335 in
2811 4269 2984 4336 libro

868 4379 1231 4440 memorato
1288 4395 1485 4460 super
1529 4371 1842 4439 Genesim
1887 4372 2166 4460 septimo
2217 4369 2363 4459 [3.],
2409 4373 2574 4438 dicit
2616 4372 2802 4440 Sara
2843 4394 2982 4438 non

873 4475 1171 4543 Graecam
1232 4475 1349 4542 sed
1403 4473 1759 4542 Hebraeam
1805 4474 2001 4540 debet
2045 4475 2284 4541 habere
2329 4475 2672 4541 rationem.
2763 4473 2982 4540 Nemo

892 4689 951 4697 -—

1309 4815 1325 4849 ²
1348 4813 1635 4882 fremiano]
1661 4813 1743 4865 De
1775 4813 2034 4876 Partibus,
2055 4811 2090 4864 i.
2112 4829 2160 4878 p.
2183 4817 2268 4878 28,
2289 4813 2366 4866 ed.
2395 4817 2538 4866 15⁴⁵.
