3517 5750
508 2072 581 2127 Of
604 2084 790 2130 accent.

848 860 980 925 234
1559 874 1818 927 nocam
1863 872 2155 925 BAcoms
2775 860 2954 946 [cap.

846 1046 1091 1112 Elizaeo
1182 1048 1517 1134 propheta,
1608 1055 1688 1115 ut
1779 1049 2040 1113 divinas
2129 1048 2560 1113 revelationes
2647 1046 2950 1112 devotius

844 1150 1171 1236 suscipiat,
1218 1153 1289 1215 et
1332 1156 1514 1217 totus
1574 1153 1645 1215 in
1690 1150 1946 1219 Deum¹
1997 1152 2324 1217 efferatur.
2415 1150 2506 1215 Et
2549 1151 2606 1215 si
2651 1150 2948 1215 melicam

844 1253 1323 1319 consideremus
1403 1255 1736 1335 musicam,
1813 1248 2226 1321 inveniemus
2307 1276 2452 1319 eam
2527 1276 2644 1341 per
2718 1275 2949 1339 corpus

844 1354 1200 1443 Scripturae
1248 1357 1572 1439 diffusam,
1634 1358 1707 1425 in
1754 1357 2007 1445 jubilis,
2070 1364 2140 1425 et
2197 1358 2483 1445 psahnis,
2529 1362 2601 1423 et
2660 1357 2945 1436 canticis

842 1462 913 1525 et
983 1458 1268 1545 hymnis,
1328 1483 1465 1527 non
1520 1460 1751 1533 ‚solum
1817 1460 2237 1527 sensibilibus
2299 1460 2414 1527 sed
2473 1458 2948 1547 spiritualibus,

840 1568 921 1627 ut
983 1561 1172 1630 docet
1234 1563 1615 1653 apostolus3
1676 1585 1958 1651 quorum
2021 1563 2316 1631 omnium
2381 1562 2674 1651 cognitio
2733 1562 2950 1651 Scrip-

840 1671 1011 1733 turae
1078 1666 1513 1757 proprietates
1587 1674 1659 1735 et
1722 1666 2126 1735 differentias
2197 1666 2492 1753 requirit,
2569 1668 2650 1733 ut
2721 1686 2950 1731 sensus

840 1768 1214 1857 spirituales
1286 1771 1545 1859 plenius
1619 1770 2003 1837 habeantur.
2129 1769 2266 1837 Sed
2338 1770 2628 1839 maxime
2702 1768 2950 1835 musica

841 1882 1133 1960 prosaica
1192 1874 1265 1939 in
1315 1896 1441 1941 usu
1498 1874 1856 1963 Scripturae
1915 1874 2292 1960 requiritur,
2351 1879 2431 1942 ut
2489 1873 2616 1941 rite
2663 1870 2948 1961 profera-

841 1979 955 2041 tur
998 1980 1067 2045 et
1110 1976 1539 2067 intelligatur.

928 2080 1039 2147 Ad
1083 2102 1343 2167 prosam
1386 2102 1544 2147 vero
1588 2081 1880 2169 pertinet
1925 2080 2189 2147 debitus
2233 2080 2466 2147 modus
2515 2077 2948 2147 accentuandi

839 2187 907 2249 et
968 2184 1301 2272 aspirandi
1362 2184 1664 2273 syllabas,
1724 2190 1796 2251 et
1846 2183 2240 2251 conveniens
2305 2182 2643 2249 distinctio
2703 2180 2944 2247 oratio-

836 2308 999 2353 num
1044 2310 1163 2375 per
1206 2288 1361 2369 cola,
1394 2292 1736 2365 commata,
1771 2292 1840 2353 et
1883 2286 2196 2373 periodos
2293 2286 2386 2353 Et
2413 2286 2535 2351 hoc
2569 2306 2706 2351 non
2733 2283 2946 2351 solum

834 2395 1104 2477 propter
1131 2391 1431 2458 debitum
1472 2389 2050 2479 pronuntiationis,
2083 2389 2198 2455 sed
2226 2392 2492 2477 propter
2520 2386 2944 2455 intellectum.

836 2492 1013 2559 Nam
1042 2495 1129 2561 ad
1168 2494 1403 2561 horum
1448 2494 1979 2581 impropietatem
2023 2498 2094 2559 et
2137 2491 2586 2559 confusionem
2629 2492 2801 2579 perit
2845 2491 2946 2555 in·-

834 2597 1203 2685 telligentia
1242 2597 1531 2678 literalis,
1564 2600 1635 2663 et
1664 2618 1782 2685 per
1819 2616 2222 2683 consequens
2259 2594 2636 2683 spiritualis.
2727 2593 2946 2681 Tetigi

834 2704 1059 2765 autem
1122 2700 1341 2787 aliqua
1404 2700 1488 2767 de
1554 2699 1657 2766 his
1718 2701 1792 2767 in
1851 2703 2038 2787 parte
2091 2698 2293 2765 tertia
2345 2697 2618 2785 Majoris
2666 2693 2944 2785 Operis,2

834 2808 1104 2892 propter
1162 2803 1501 2869 scientiam
1561 2804 1956 2892 linguarum,
2005 2802 2162 2890 quia
2203 2800 2638 2890 grammatica.
2679 2803 2943 2881 tractat,

834 2905 989 2972 licet
1032 2905 1418 2988 mechanice,
1466 2911 1545 2972 ut
1604 2905 1788 2988 dixi3
1878 2910 1948 2973 et
2012 2907 2086 2972 in
2129 2909 2315 2994 parte
2362 2909 2599 2992 quarta
2641 2903 2714 2970 in
2733 2900 2762 2938 ³
2822 2903 2948 2970 hoc

834 3008 975 3076 loco
1034 3010 1118 3078 de
1176 3009 1425 3076 musica
1486 3009 1739 3094 aliquid
1754 3007 1782 3045 ⁴
1855 3009 1940 3074 de
2003 3009 2104 3074 his
2171 3008 2543 3074 innuebam.
2641 3005 2710 3072 N
2713 3027 2785 3072 ec
2845 3011 2946 3071 est

832 3133 1075 3200 magna
1146 3113 1498 3180 necessitas
1570 3111 1978 3200 proponendi
2037 3111 2355 3198 exempla,
2431 3111 2590 3198 quia
2661 3108 2946 3174 infinitae

834 3221 992 3282 sunt
1034 3215 1383 3284 abusiones
1426 3215 1550 3298 hie,
1582 3237 1702 3282 nec
1744 3213 1991 3280 alicubi
2035 3215 2108 3278 in
2152 3218 2430 3280 tantum
2449 3218 2722 3280 erratur.
2815 3211 2944 3278 Re-

832 3319 1051 3386 media
1093 3320 1303 3408 igitur
1345 3319 1557 3408 magis
1617 3323 1778 3384 sunt
1821 3317 2200 3396 necessaria,
2247 3338 2398 3402 quae
2441 3321 2670 3384 tamen
2715 3313 2944 3382 diffici-

832 3421 997 3490 liora
1068 3428 1244 3506 sunt,
1320 3427 1594 3512 propter
1666 3425 2048 3488 consuetam
2123 3424 2197 3486 et
2260 3419 2608 3506 vulgatam
2679 3439 2946 3506 comp-

831 3525 1097 3612 tionem,
1144 3549 1343 3614 quam
1406 3525 1564 3592 dare
1639 3527 1885 3590 certam
1948 3523 2390 3610 cognitionem
2449 3523 2645 3588 unius
2703 3521 2944 3588 nobilis

831 3633 902 3694 et
965 3651 1224 3718 magnae
1240 3627 1268 3668 ⁵
1330 3629 1635 3696 scientiae.
1726 3625 1906 3692 Nam
1974 3646 2114 3691 non·
2174 3623 2410 3692 dubito
2463 3624 2628 3710 quin
2687 3623 2944 3690 facilius

831 3737 1001 3798 esset
1067 3732 1224 3798 dare
1302 3731 1644 3798 scientiam
1728 3727 2157 3816 perspectivas
2225 3727 2799 3808 certitudinaliter,
2873 3729 2944 3792 et

829 3833 1153 3900 instruere
1213 3831 1713 3898 multitudinem
1775 3832 1848 3896 in
1907 3851 1988 3898 ea
2049 3829 2457 3910 sufficienter,
2507 3851 2654 3916 quae
2715 3833 2944 3895 tamen

830 3939 932 4001 est
996 3955 1133 4002 una
1197 3936 1281 4002 de
1343 3933 1701 4020 majoribus
1765 3933 2072 4015 scientiis,
2139 3938 2211 4002 et
2273 3939 2422 4002 tota
2435 3929 2463 3970 ⁶
2526 3932 2946 4000 multitudini

830 4037 1185 4124 incognita,
1260 4059 1461 4124 quam
1532 4037 1761 4104 docere
1835 4059 1931 4114 ea,
2003 4057 2152 4124 quae
2227 4037 2506 4123 requirit
2578 4036 2720 4106 haec
2791 4057 2944 4126 pars

829 4140 1109 4223 musiae,
1152 4141 1309 4206 licet
1349 4139 1934 4228 grammaticaliter
1977 4140 2180 4208 simus
2225 4160 2452 4206 omnes
2511 4161 2554 4206 a
2586 4140 2946 4228 juventute

829 4243 1137 4311 instructi
1181 4243 1255 4308 in
1298 4242 1419 4310 his.
1562 4243 1693 4310 Sed
1740 4243 1923 4331 pejor
1965 4247 2067 4309 est
2112 4242 2492 4329 ignorantia
2539 4242 2727 4308 malae
2743 4241 2768 4280 ⁷
2813 4242 2944 4308 dis-

894 4556 909 4586 ¹
934 4553 1125 4622 Deum]
1162 4552 1457 4618 Dominum,
1478 4548 1542 4604 B.
1998 4549 2016 4582 ⁸
2037 4547 2264 4616 aliquid]
2289 4548 2474 4616 aliqua,
2497 4547 2560 4602 Τ.

892 4636 913 4665 ²
933 4633 1153 4702 Major-io
1196 4633 1403 4702 operis]
1454 4631 1597 4700 Opus
1641 4628 1826 4696 Maium,-
1998 4631 2017 4658 ⁵
2038 4636 2086 4682 et
2105 4629 2317 4697 maqnoe]
2356 4645 2455 4681 om.
2479 4627 2542 4681 Τ.

824 4731 873 4781 p.
900 4719 979 4765 53.
1496 4759 1499 4764 .
1997 4710 2017 4738 ⁶
2041 4709 2170 4776 tota]
2205 4709 2315 4772 toti,
2337 4709 2400 4764 Τ.

890 4794 1014 4860 ⁸122]
1052 4794 1193 4856 etin,
1217 4793 1315 4844 Τ.-
1999 4785 2203 4855 mata]
2241 4789 2306 4842 B.
