3517 5750
602 851 819 937 mvi]
1392 842 1932 937 οΡυε-ΣΤΕΒᾞΠΜ.
2573 842 2703 914 271

602 1040 977 1127 reipublieae
1045 1037 1360 1117 fidelium,
1409 1044 1478 1103 et
1537 1036 1982 1103 conversionis
2046 1034 2434 1115 infidelium,
2481 1038 2552 1098 et
2610 1054 2708 1099 re-

600 1144 950 1232 pressionis
1027 1163 1253 1207 eorum
1322 1141 1437 1227 qui
1500 1162 1636 1205 non
1695 1144 1970 1225 possunt
2046 1136 2358 1203 converti.
2453 1134 2545 1201 Et
2603 1136 2712 1200 hic

600 1248 795 1333 longe
836 1244 1089 1331 majora
1139 1248 1298 1309 sunt
1358 1264 1558 1329 quam
1622 1241 1697 1305 in
1765 1242 2070 1307 omnibus
2137 1239 2708 1327 praecedentibus3

602 1354 673 1414 et
736 1370 855 1434 per
915 1347 1055 1413 haec
1122 1344 1593 1412 certificabitur
1640 1344 1818 1430 quod
1877 1342 2347 1409 mathematica
2411 1364 2548 1407 non
2609 1346 2710 1407 est

600 1451 674 1515 in
732 1450 955 1535 aliquo
1014 1449 1277 1528 vitiosa,
1339 1448 1455 1513 sed
1528 1469 1874 1534 praegnans
1937 1450 2006 1511 et
2067 1446 2449 1533 plenissima
2523 1444 2704 1509 omni

602 1552 896 1618 utilitate
941 1558 1009 1617 et
1054 1551 1281 1616 decore
1326 1550 1669 1635 sapientise
1714 1549 2055 1614 ineffabili.
2150 1548 2243 1612 Et
2285 1548 2374 1613 ad
2425 1566 2712 1634 praesens

604 1659 1019 1741 comparatur
1092 1655 1179 1719 ad
1252 1654 1589 1718 ecclesiam
1664 1654 1737 1717 in
1803 1656 2057 1739 septem
2118 1649 2316 1715 rebus
2382 1650 2710 1731 maximis,

605 1757 907 1843 quamvis
966 1756 1039 1821 in
1096 1755 1327 1821 multis
1387 1756 1595 1842 possit
1662 1754 2038 1841 comparari.
2131 1752 2262 1818 Sed
2329 1752 2462 1817 tria
2535 1772 2714 1817 nunc

606 1857 942 1923 sufficiunt
984 1862 1253 1944 propter
1294 1858 1587 1943 ipsorum
1632 1856 2159 1943 magnitudinem
2205 1860 2275 1921 et
2319 1875 2641 1921 arcanum.

697 1960 995 2026 Primum
1041 1966 1143 2025 est
1187 1960 1269 2025 de
1314 1961 1804 2046 comparatione
1848 1958 2333 2025 mathematicae
2378 1958 2466 2023 ad
2512 1956 2712 2023 fidem

608 2082 806 2149 quam
849 2067 1036 2128 tenet
1080 2062 1365 2143 ecclesia,
1413 2068 1492 2128 ut
1534 2084 1655 2127 nos
1698 2062 1918 2149 parati
1963 2062 2168 2127 simus
2213 2066 2282 2127 et
2327 2060 2712 2125 confirmare

606 2164 1041 2251 nosmetipsos
1099 2166 1174 2231 in
1232 2166 1363 2230 fide
1408 2170 1651 2245 nostra,
1700 2171 1770 2230 et
1812 2165 2083 2230 reddere
2144 2164 2471 2229 rationem
2531 2160 2712 2228 omni

606 2268 873 2354 petenti.
970 2267 1061 2333 Et
1105 2270 1229 2333 hoc
1274 2274 1375 2333 est
1420 2288 1625 2333 unum
1671 2266 1753 2333 de
1798 2266 2158 2353 maioribus
2211 2266 2449 2346 rebus;
2510 2268 2580 2330 et
2639 2266 2714 2329 in

607 2370 729 2435 hoc
772 2370 1240 2435 mathematica
1284 2370 1577 2435 deservit
1627 2375 1882 2455 quartae
1941 2370 2116 2455 parti
2177 2368 2442 2433 moralis
2501 2367 2711 2453 philo-

608 2472 873 2558 sophiae,
922 2472 1105 2557 cujus
1166 2478 1269 2537 est
1325 2472 1665 2558 proprium
1727 2470 2164 2539 determinare
2227 2471 2308 2536 de
2371 2469 2581 2547 sectis,
2645 2474 2714 2535 et

609 2574 845 2660 eligere
889 2574 1072 2639 illam
1119 2595 1268 2659 quae
1313 2579 1417 2639 est
1458 2574 1531 2639 in
1578 2574 1710 2639 fine
1755 2574 2077 2651 veritatis,
2125 2580 2194 2639 et
2238 2574 2378 2639 haec
2423 2577 2526 2637 est
2552 2572 2714 2639 fides

613 2674 1029 2755 Christiana;
1074 2676 1245 2741 sicut
1289 2676 1819 2742 manifestissime
1863 2680 2082 2762 potest
2124 2676 2386 2762 probari
2422 2696 2539 2761 per
2568 2674 2712 2739 vias

609 2777 1044 2857 astronomiae,
1093 2783 1163 2842 et
1221 2799 1340 2863 per
1390 2800 1469 2842 ea
1513 2799 1661 2862 quae
1722 2778 1840 2842 illa
1897 2800 2045 2864 pars
2106 2778 2370 2842 moralis
2431 2776 2712 2863 philoso-

610 2881 786 2967 phiae
833 2882 1024 2946 docet
1066 2880 1424 2966 magnifice.
1519 2880 1715 2946 Unus
1767 2881 1974 2966 igitur
2040 2881 2274 2946 modus
2333 2881 2714 2967 negotiandi

610 2984 781 3048 circa
854 2989 1177 3048 sectarum
1252 2983 1635 3048 electionem
1710 2988 1812 3049 est
1883 3006 2000 3070 per
2074 2984 2557 3064 astronomiam,
2635 2990 2715 3049 ut

610 3086 879 3172 pulchre
926 3085 1345 3150 confirmetur
1388 3086 1567 3166 fides,
1618 3107 1815 3170 quam
1861 3108 2044 3150 sacra
2087 3091 2273 3151 tenet
2325 3085 2605 3166 ecclesia,
2649 3092 2719 3151 et

612 3187 900 3275 gaudeat
986 3186 1269 3272 quilibet
1334 3187 1751 3254 Christianus
1818 3189 1995 3273 quod
2067 3181 2520 3254 testimonium
2581 3211 2717 3256 suae

612 3289 767 3354 fidei
812 3287 1059 3374 poterit
1104 3309 1221 3373 per
1264 3290 1628 3354 sententias
1681 3289 2212 3377 philosophorum
2272 3291 2529 3372 habere,
2575 3291 2718 3378 ipsa

610 3393 898 3456 veritate
944 3396 1331 3456 coactorum.

702 3493 847 3558 Nec
892 3496 994 3558 est
1037 3491 1412 3558 mirandum
1465 3494 1546 3559 de
1592 3495 1727 3572 hoc,
1779 3497 1936 3581 quia
1993 3495 2362 3582 philosophi
2418 3495 2718 3563 infideles

618 3594 998 3660 habuerunt
1039 3599 1253 3660 totam
1298 3617 1483 3660 suam
1530 3597 1920 3682 sapientiam
1954 3619 1994 3661 a
2046 3598 2286 3662 sanctis
2331 3597 2719 3685 patriarchis

615 3703 685 3762 et
758 3696 1118 3784 prophetis,
1190 3699 1361 3763 sicut
1418 3699 1491 3762 in
1550 3699 1836 3764 secunda
1897 3705 2086 3786 parte
2151 3699 2382 3786 Operis
2449 3699 2720 3788 Majoris

616 3799 864 3878 edocui,
920 3803 989 3864 et
1031 3799 1232 3886 tetigi
1277 3801 1439 3866 satis
1483 3801 1557 3865 in
1602 3803 2016 3889 expositione
2083 3801 2260 3867 illius
2319 3803 2529 3889 partis
2565 3829 2580 3884 3
2655 3809 2724 3870 et

619 3903 841 3982 etiam,
891 3903 1247 3968 secundum
1292 3901 1469 3987 quod
1515 3903 1678 3969 dicit
1722 3905 2072 3991 apostolus,
2117 3911 2154 3941 “
2177 3905 2356 3971 Deus
2385 3905 2518 3972 illis
2545 3927 2726 3973 reve-

618 4007 656 4040 “
700 4003 925 4069 lavit.’'
1016 4000 1109 4070 Et
1137 4003 1555 4090 Augustinus
1585 4012 1653 4071 et
1684 4007 1896 4073 sancti
1926 4009 2048 4073 hoc
2076 4009 2237 4074 satis
2268 4009 2523 4090 docent,
2555 4010 2726 4076 sicut

618 4107 693 4171 in
736 4107 854 4170 illa
896 4111 1085 4192 parte
1134 4106 1365 4192 Operis
1413 4107 1681 4193 Majoris
1728 4111 2014 4196 exposui.
2107 4109 2200 4176 Et
2243 4111 2392 4177 ideo
2447 4111 2723 4179 ostendo

620 4209 949 4294 quomodo
1022 4209 1381 4274 astronomi
1440 4210 1795 4276 revolvunt
1854 4217 2062 4279 sectas
2137 4213 2524 4300 principales
2583 4237 2717 4296 sex,

622 4311 872 4376 scilicet
949 4317 1191 4377 sectam
1260 4311 1534 4377 Saturni
1594 4335 1741 4398 quse
1821 4320 1922 4379 est
1980 4315 2027 4380 J
2028 4317 2388 4397 udaeorum,
2475 4323 2719 4381 sectam

625 4412 867 4476 Martis
914 4433 1061 4497 quae
1106 4419 1207 4478 est
1252 4412 1732 4492 Chaldaeorum,
1781 4423 2022 4481 sectam
2068 4416 2362 4482 Solarem
2413 4439 2561 4502 quae
2619 4422 2720 4483 est

623 4513 1109 4601 AEgyptiorum,
1182 4520 1426 4581 sectam
1502 4517 1778 4582 Veneris
1853 4540 2001 4604 quae
2075 4523 2176 4584 est
2229 4519 2715 4599 Saracenorum,

622 4621 691 4682 et
730 4621 976 4682 sectam
1014 4617 1485 4700 Mercurialem,
1518 4641 1667 4704 quae
1698 4623 1799 4684 est
1827 4619 2021 4708 plena
2066 4620 2403 4706 sapientia,
2453 4625 2524 4688 et
2569 4621 2722 4702 docf
