3517 5750
619 848 830 944 m]
1411 862 1586 918 orus
1622 863 1949 918 ’111-11111111.
2633 839 2735 932 71,

615 1048 788 1112 turae
847 1041 1022 1112 sm
1086 1040 1376 1122 canonis,
1449 1045 1829 1110 sanctorum
1889 1050 1963 1112 et
2031 1039 2589 1130 philosophorum,
2650 1047 2723 1110 et

609 1167 730 1235 per
787 1145 1080 1214 rationes
1136 1150 1206 1214 et
1263 1143 1580 1232 exempla.
1700 1144 1795 1212 Et
1866 1149 1971 1212 881
2041 1143 2152 1212 hic
2223 1144 2577 1214 utilissima
2649 1151 2723 1212 et

613 1247 1054 1337 pulcherrima
1140 1247 1486 1336 sapientia,
1558 1249 1632 1316 et
1707 1245 1921 1314 facilis
1994 1269 2073 1316 ac
2132 1247 2445 1335 jucunda.
2586 1246 2721 1316 Sed

614 1357 842 1420 tamen
891 1373 1150 1440 semper
1217 1349 1472 1422 utimur
1515 1349 1732 1416 tribus
1792 1351 2205 1440 argumentis
2250 1351 2547 1440 pemmis
2597 1375 2721 1442 pro

617 1454 926 1522 omnibus
974 1475 1124 1542 quae
1181 1451 1458 1522 facimus
1517 1457 1590 1519 et
1646 1451 1967 1520 dicimusz
2030 1452 2279 1522 scilicet
2322 1454 2449 1522 hoc
2498 1476 2719 1523 exem·

612 1557 980 1646 plificatum
1039 1561 1162 1639 est,
1213 1545 1346 1622 'hoc
1387 1559 1775 1626 consuetum
1841 1560 1961 1638 est,
2006 1555 2131 1624 hoc
2186 1555 2537 1645 vulgatum
2594 1563 2715 1640 est,

613 1681 770 1748 ergo
811 1660 1188 1728 faciendum
1231 1663 1350 1726 est.

701 1761 840 1832 Sed
865 1762 1238 1851 oppositum
1275 1759 1734 1828 conclusionis¹
1766 1760 2065 1848 sequitur
2106 1783 2193 1830 ex
2234 1764 2603 1851 praemissis,
2634 1771 2717 1834 ut
2734 1769 2962 1827 Defensa
2994 1775 3055 1828 of

613 1865 686 1931 in
728 1863 1046 1955 pluribus,
1076 1869 1148 1932 et
1193 1863 1444 1953 optime
1469 1867 1612 1931 stat
1653 1885 1804 1932 cum
1832 1865 1945 1934 eis.
2036 1865 2485 1936 Excludamus
2510 1869 2717 1957 1811111·
2737 1838 3027 1976 hnmoe

613 1969 734 2036 has
781 1973 920 2038 tres
945 1973 1178 2057 pestes,
1210 1989 1362 2056 quae
1389 1987 1652 2036 omnem
1694 1966 2030 2036 hominem
2077 1969 2151 2036 in
2194 1991 2481 2040 errorem
2522 1972 2714 2039 indu·
2738 1973 2825 2024 the
2845 1986 3001 2032 vor-t

612 2075 790 2154 cunt,
847 2077 922 2140 et
962 2076 1290 2160 quartam,
1339 2069 1586 2138 8111111181
1656 2069 2101 2138 defensionem
2172 2073 2457 2160 propriae
2526 2075 2713 2162 igno-
2736 2042 2970 2160 32⁰3&

609 2174 848 2242 rantiae
891 2196 1012 2263 per
1057 2171 1584 2264 reprobationem
1636 2193 1865 2240 eorum
1910 2195 2063 2260 quae
2112 2172 2507 2261 ignoramus,
2560 2199 2713 2244 cum
2735 2187 2889 2228 erm.

611 2275 1088 2345 ostentatione⁸
1139 2297 1368 2344 eorum
1411 2297 1562 2363 quse
1601 2274 1867 2342 scimus.
1958 2275 2137 2342 Nam
2182 2275 2325 2344 haec
2374 2283 2477 2346 est
2526 2279 2713 2366 pejor
2764 2267 2773 2274 ⁵

610 2379 762 2446 aliis
818 2379 1056 2459 tribus,
1123 2378 1442 2468 quoniam
1499 2382 1604 2446 est
1660 2399 1861 2446 causa
1916 2398 2161 2444 earum.
2270 2377 2447 2460 Quia
2510 2380 2711 2450 homo

607 2481 966 2550 defendens
1013 2503 1206 2548 suam
1251 2480 1714 2570 ignorantiam,
1741 2484 1815 2548 et
1863 2483 2203 2546 ostentans
2246 2501 2328 2548 ea
2369 2503 2520 2569 quae
2564 2484 2709 2567 scit,

607 2591 682 2655 et
720 2585 1114 2674 reprobans³
1141 2584 1378 2664 aliena,
1405 2584 1548 2672 ipse
1577 2581 1722 2670 jam
1764 2582 1925 2652 facit
1952 2605 2023 2650 88
2048 2589 2403 2668 auctorem,
2432 2587 2549 2654 sed
2576 2587 2705 2654 fra-

607 2690 852 2778 gilem3
909 2694 982 2756 et
1035 2693 1200 2756 tunc
1256 2709 1410 2756 cum
1449 2707 1648 2754 nemo
1703 2686 1835 2754 sibi
1893 2693 2083 2767 erret,
2130 2689 2249 2756 sed
2306 2689 2707 2758 dementiam

607 2813 796 2860 suam
863 2791 1116 2881 spargit
1177 2791 1256 2857 in
1320 2789 1678 2879 proximos,
1726 2793 1807 2856 ut
1864 2787 1967 2858 ait
2016 2789 2265 2860 Seneca
2320 2791 2493 2860 libro
2550 2793 2711 2883 Epi-

608 2896 928 2963 stularum
993 2893 1460 2973 Secunda-um,
1477 2891 1506 2931 ⁴
1581 2892 1736 2961 ideo
1790 2893 1919 2961 iste
1975 2898 2205 2962 auctor
2253 2894 2399 2983 jam
2478 2898 2711 3016 vulgat

607 2998 1006 3067 sententiam
1077 3018 1284 3076 suam,
1344 3000 1420 3064 et
1483 2994 1699 3065 inficit
1766 2996 1985 3083 ipsum
2026 2998 2281 3086 vulgus.
2391 2998 2485 3067 Et
2551 3000 2711 3087 quia

609 3102 822 3169 omnis
849 3100 1050 3169 homo
1093 3098 1316 3187 diligit
1342 3118 1542 3187 opera
1584 3120 1722 3177 sua,
1750 3103 1835 3165 nt
1860 3099 2251 3168 Aristoteles
2279 3100 2445 3169 dicit
2471 3108 2709 3189 quarto

606 3199 1044 3284 Ethicorum,⁶
1093 3208 1164 3271 et
1211 3202 1486 3289 planum
1531 3205 1652 3282 est,
1711 3222 1791 3269 ac
1856 3202 2033 3289 quod
2098 3202 2437 3291 diligimus
2502 3206 2707 3272 trahi-

605 3329 754 3375 mus
785 3305 1118 3375 libenter
1095 3326 1172 3373 18
1198 3304 1758 3385 consuetudinem,
1784 3304 1937 3371 ideo
1963 3307 2323 3373 consuescit
2350 3306 2457 3372 hic
2485 3314 2711 3375 auctor

603 3432 868 3478 sensum
914 3430 1112 3477 8111118
1161 3412 1236 3474 81
1275 3406 1496 3474 nutrit
1539 3406 1831 3493 vulgus
1808 3428 1885 3472 m
1926 3406 2177 3473 eodem.
2266 3407 2363 3473 Et
2389 3408 2536 3475 ideo
2566 3408 2711 3476 hic⁶

605 3512 916 3581 accidunt
957 3510 1102 3578 haec
1149 3509 1286 3578 tria
1333 3509 1554 3577 mala:
1599 3508 1867 3589 scilicet,
1911 3508 2275 3577 auctoritas
2321 3509 2591 3599 fragilis,
2637 3515 2709 3579 et

605 3636 836 3683 88118118
901 3612 1106 3701 vulgi,
1175 3616 1246 3681 81
1321 3611 1746 3693 consuetudo,
1834 3632 1921 3678 ex
1984 3609 2358 3679 defensione
2426 3613 2707 3701 propriae

602 3716 1014 3806 ignorantias,
1089 3736 1238 3783 cum
1309 3711 1758 3781 ostentatione
1852 3711 1995 3800 ejus
2088 3714 2265 3800 quod
2339 3714 2563 3799 scitur,
2636 3724 2709 3785 et

601 3817 1062 3907 reprobatione
1103 3838 1330 3885 eorum
1378 3836 1534 3903 quse
1568 3814 1967 3884 noeeiuntur.
2056 3816 2447 3905 Aperiamus
2496 3819 2707 3908 igitur

601 3920 1048 4012 ignorantiam
1083 3924 1402 4001 nostram,
1429 3924 1514 3987 ut
1552 3917 1919 3986 remedium
1946 3939 2316 4006 quaeramus
2343 3921 2703 4009 sapientise,

601 4031 678 4093 et
737 4022 916 4091 nihil
957 4026 1382 4104 ostentemus,
1429 4021 1548 4089 sed
1596 4020 1939 4088 humiliter
1988 4021 2155 4089 alios
2212 4024 2571 4106 doceamus,
2634 4030 2705 4092 et

601 4150 740 4195 non
795 4124 1220 4213 reprobemus
1275 4144 1428 4211 quse
1483 4124 1881 4211 ignoramus,
1940 4128 2011 4191 et
2069 4146 2219 4211 quse
2267 4127 2505 4194 scimus
2564 4150 2703 4195 esse

605 4230 774 4298 falsa
827 4228 1250 4317 reprobemus
1305 4226 1450 4293 sine
1511 4226 1951 4309 contentione,
2014 4230 2087 4295 et
2140 4227 2283 4296 sine
2324 4228 2703 4297 confusione

670 4534 686 4565 ¹
710 4530 1052 4599 ωποὶυἰωιίε]
1086 4531 1186 4597 his,
1220 4530 1282 4583 Τ.
1775 4537 1795 4565 ⁴
1820 4534 2181 4602 Secundus-non]
2218 4536 2313 4601 Ep.
2347 4536 2482 4589 xciV.
2510 4552 2561 4602 p.
2585 4542 2700 4587 450.

665 4690 1044 4763 ’an-nm]
1076 4690 1374 4755 mone,
1405 4691 1466 4745 Τ.
1705 4614 2129 4761 Θᾱὶῗιώωΐζί]
2163 4694 2331 4751 mio.
2368 4694 2701 4753 nmini.

1704 4772 1835 4839 520.
1902 4770 1983 4822 cf.
2004 4771 2075 4823 ix.
2102 4776 2147 4825 7.
2171 4774 2268 4840 §3-

668 4855 688 4885 ⁸
705 4852 992 4921 reprobam]
1024 4853 1274 4921 reprobet,
1303 4852 1366 4904 Τ.
1771 4853 1793 4881 ·
1811 4848 1919 4917 hic]
1956 4866 2057 4903 0111.
2090 4852 2151 4905 Τ.
