3517 5750
469 871 625 957 v11.]
1120 889 1585 939 cournizmtm
1630 888 1892 939 srumx.
2443 872 2568 936 461

470 1062 844 1128 derivatum
906 1063 993 1146 eb
1052 1062 1297 1130 idiotes
1354 1064 1581 1130 Graeoo
1633 1062 1968 1139 vocabule,
2015 1064 2084 1127 et
2143 1081 2278 1127 non
2339 1064 2442 1125 est
2485 1060 2578 1127 sic

470 1164 680 1229 modis
723 1165 903 1230 falsis
948 1165 1397 1251 compositum,
1440 1170 1518 1230 ut
1563 1163 1912 1251 prophetia
1955 1167 2022 1228 et
2067 1162 2457 1249 prophetes3
2510 1166 2580 1226 et

470 1263 562 1331 sic
620 1265 703 1331 de
762 1266 1005 1331 multis.
1098 1266 1191 1331 Et
1240 1288 1375 1331 non
1429 1265 1641 1331 solum
1690 1264 1857 1330 falsa
1905 1268 2064 1329 sunt
2115 1261 2231 1328 sed
2275 1262 2576 1342 absurda,

470 1370 539 1431 et
582 1367 867 1433 maxime
927 1366 1131 1433 tertia
1190 1366 1589 1454 compositio,
1636 1388 1771 1451 qua
1821 1364 2048 1431 idiota
2107 1364 2351 1431 dicitur
2392 1364 2578 1451 igno-
2649 1352 2660 1361 ⁶

470 1488 615 1533 rare
688 1490 933 1534 morem
979 1470 1257 1556 propriae
1315 1469 1549 1556 gentis,
1613 1489 1761 1534 cum
1807 1466 1958 1533 ideo
2008 1466 2266 1532 dicatur
2323 1466 2434 1545 sic,
2480 1486 2578 1530 se-

472 1569 761 1635 cundum
820 1568 1077 1635 Bedam
1132 1576 1203 1636 et
1256 1570 1615 1635 secundum
1673 1569 1952 1647 GraecoS,
1998 1567 2158 1653 quia
2198 1568 2407 1633 nescit
2449 1565 2580 1631 nisi

472 1654 770 1758 lingudx'n
828 1677 898 1739 et
958 1693 1173 1738 mores
1230 1671 1512 1759 propriae
1574 1670 1807 1759 gentis.
1899 1669 1991 1735 Et
2035 1674 2354 1756 praeterea
2395 1668 2582 1735 idios

473 1793 611 1838 non
682 1777 784 1839 est
856 1774 1212 1861 proprium,
1259 1772 1375 1839 sed
1418 1770 1638 1839 ‘belim
1731 1773 1824 1838 Et
1883 1770 2100 1837 minus
2144 1770 2426 1837 absurde
2469 1770 2580 1835 de-

476 1878 653 1939 ceret
706 1874 834 1939 sibi
879 1875 1057 1961 quod
1118 1872 1288 1941 ‘idus
1349 1878 1419 1940 et
1462 1872 1632 1940 ethis
1694 1879 2204 1960 componeretur,
2253 1892 2452 1959 quam
2495 1870 2582 1936 ab

476 1972 705 2055 idion,
763 1976 1074 2062 quoniam
1116 1982 1280 2042 tunc
1337 1981 1603 2042 sonaret
1662 1974 1886 2061 aliquo
1945 1976 2140 2043 modo
2189 1975 2582 2041 divisionem

477 2098 520 2141 a
565 2098 745 2143 more
788 2078 1007 2164 gentis
1053 2078 1161 2145 vel
1205 2077 1672 2166 ignorantium.

566 2178 727 2245 Non
770 2185 870 2245 est
912 2179 1067 2245 finis
1120 2180 1203 2246 de
1248 2178 1575 2247 erroribus
1615 2178 1733 2265 qui
1779 2178 2092 2245 dicuntur
2135 2179 2222 2245 ab
2265 2178 2430 2258 istis,
2463 2200 2583 2244 nec

478 2301 741 2366 possum
786 2280 1048 2367 singula
1091 2286 1380 2368 tangere.
1473 2279 1708 2347 Unum
1769 2285 1994 2347 tamen
2059 2280 2273 2347 adhuc
2311 2284 2582 2367 tangam

476 2388 745 2470 propter
810 2383 1289 2469 disputationes
1344 2381 1760 2469 Hugutionis
1811 2386 1881 2447 et
1925 2382 2238 2460 Britonis,
2303 2382 2419 2467 qui
2485 2383 2586 2445 in-

477 2484 751 2549 saniunt
793 2488 1021 2549 contra
1059 2484 1429 2567 veritatem,
1476 2489 1546 2549 et
1597 2484 1922 2572 praecipue
1968 2484 2176 2563 Brito,
2237 2484 2352 2569 qui
2401 2483 2586 2550 vide-

478 2591 594 2651 tur
635 2585 849 2651 furere
908 2585 981 2651 in
1032 2585 1157 2652 hac
1213 2592 1419 2673 parte.
1512 2586 1636 2651 Est
1686 2586 1896 2673 igitur
1962 2607 2187 2652 eorum
2249 2585 2585 2652 contentio

476 2685 551 2750 in
612 2686 947 2753 vocabulis
989 2688 1307 2754 derivatis
1350 2710 1393 2753 a
1420 2687 1751 2773 lapidibus
1797 2692 1866 2753 et
1914 2687 2048 2769 filo,
2094 2693 2174 2753 ut
2217 2687 2585 2753 adamanti-

478 2808 621 2867 nus,
653 2788 1158 2876 amethystinus‚
1190 2789 1627 2876 crystallinus,
1675 2788 2167 2877 hyacinthinus,
2199 2789 2582 2876 onychium,

481 2891 948 2978 smaragdinae,
996 2891 1447 2978 bombycinus,
1495 2891 1820 2978 byssinae,
1891 2898 1961 2958 et
2004 2891 2390 2977 hujusmodi,
2439 2913 2586 2977 quae

483 2993 705 3058 omnia
749 2992 1137 3059 breviantur
1189 2994 1262 3059 in
1306 2993 1673 3080 penultima
1734 2993 2008 3079 syllaba.
2119 2993 2188 3058 N
2189 3015 2300 3058 am
2362 3015 2588 3059 omnes

480 3100 775 3160 auctores
802 3093 1111 3160 breviant
1154 3095 1295 3161 haec
1338 3101 1407 3161 et
1440 3116 1780 3182 nunquam
1823 3096 2110 3182 longant.
2204 3095 2426 3183 Igitur
2453 3117 2583 3160 non

481 3200 582 3260 est
624 3196 881 3282 poetica
922 3195 1189 3262 licentia
1250 3197 1427 3281 quod
1471 3196 1721 3284 longat.
1845 3197 2022 3262 Nam
2077 3203 2238 3263 tunc
2281 3203 2382 3263 est
2435 3201 2586 3284 poe‘-

480 3296 617 3362 tica
689 3297 955 3362 licentia
1027 3319 1235 3383 quum
1310 3297 1383 3362 in
1456 3309 1611 3363 casu
1682 3319 1880 3364 musa,
1953 3299 2150 3364 metri
2214 3298 2297 3363 fit
2368 3299 2588 3384 aliqua

481 3397 739 3483 syllaba
781 3397 1022 3479 breviS,
1056 3398 1166 3464 vel
1211 3398 1427 3486 longa,
1460 3421 1610 3464 cum
1654 3401 1820 3465 alias
1865 3421 2003 3464 non
2047 3399 2428 3466 inveniatur
2471 3401 2586 3478 ita,

482 3498 659 3584 apud
689 3498 969 3565 eundem
1015 3505 1350 3566 auctorem
1396 3505 1465 3566 et
1508 3501 1686 3566 alios.
1781 3501 1982 3568 Unde
2010 3499 2364 3568 Juvenalis
2377 3499 2396 3537 ¹
2445 3502 2582 3566 ait:

620 3648 658 3676 “
682 3639 1014 3708 Causidici
1060 3643 1371 3710 vendunt
1415 3643 1875 3732 amethystina
1921 3642 2242 3710 convenit
2286 3643 2481 3710 illisss’

486 3780 575 3848 Et
620 3781 826 3849 idem:

621 3927 659 3958 “
682 3922 977 3990 Grandia.
1018 3923 1351 3992 tolluntur
1396 3927 1778 4014 crystallina
1821 3926 2114 3994 maxima
2154 3947 2392 3995 rursus.
2400 3925 2436 3954 ’³

484 4055 575 4124 Et
616 4056 825 4123 idem:

434 4298 441 4308 ι
664 4213 705 4245 “
737 4208 1035 4291 Quarum
1082 4212 1347 4280 delicia-s
1393 4235 1653 4301 pannus
1694 4215 2130 4304 bombycinus
2171 4217 2366 4285 urit.''

487 4343 579 4413 Et
623 4346 886 4415 Persius
913 4373 930 4414 :
962 4348 989 4388 ²

489 4521 528 4550 “
546 4513 681 4581 Hic
723 4514 965 4602 aliquis
1009 4516 1114 4584 cui
1159 4517 1403 4585 circum
1446 4519 1751 4588 humeros
1779 4519 2210 4607 hyacinthina
2236 4521 2408 4589 laena
2434 4523 2591 4590 est.”

552 4751 567 4784 ¹
592 4751 883 4820 Juvenum]
908 4752 996 4806 vii.
1024 4759 1149 4818 1363
1170 4754 1239 4810 vi.
1268 4761 1379 4820 15⁵,
1396 4763 1510 4812 260.
1572 4755 1585 4826 Ι
1677 4759 1699 4791 ¹
1718 4757 1950 4826 Penius]
1985 4759 2022 4812 i.
2044 4765 2125 4814 32.
