3517 5750
672 873 824 963 xv.]
1441 887 1617 940 oros
1659 889 1980 940 mmm.
2676 883 2759 944 55

662 1065 1102 1148 instruuntur,
1171 1065 1289 1132 sed
1353 1062 1429 1130 in
1488 1063 1729 1131 fabulis
1790 1069 1861 1131 et
1933 1063 2208 1131 insaniis
2284 1061 2635 1134 ovidianis
2694 1071 2765 1135 et

659 1175 1046 1237 coeterorum
1089 1172 1454 1257 poetarum,
1500 1167 1618 1233 ubi
1663 1189 1887 1234 omnes
1932 1189 2179 1234 errores
2222 1169 2295 1234 in
2336 1170 2469 1235 fide
2515 1176 2584 1235 et
2627 1192 2764 1236 mo-

657 1273 843 1338 ribus
917 1275 1387 1360 proponuntur.
1509 1270 1686 1335 Nam
1760 1269 2259 1337 multitudinem
2333 1272 2605 1338 deorum
2664 1272 2761 1339 ibi

645 1375 957 1457 audiunt,
1003 1381 1074 1442 et
1117 1373 1294 1463 quod
1335 1373 1632 1439 homines
1691 1377 1760 1440 et
1818 1371 2029 1439 stellae
2072 1377 2231 1439 sunt
2290 1373 2406 1454 dii,
2478 1379 2549 1440 et
2608 1375 2757 1442 aliae

657 1482 989 1559 creaturae,
1036 1483 1106 1544 et
1147 1478 1231 1543 de
1275 1476 1422 1543 vita
1485 1473 1710 1542 futura
1758 1495 2009 1542 errores
2067 1475 2319 1542 infiniti
2376 1477 2755 1564 vulgantur,

653 1585 796 1646 tam
837 1579 924 1645 de
949 1581 1096 1646 vita
1136 1579 1459 1646 bonorum
1503 1599 1703 1665 quam
1731 1577 2067 1644 malorum.
2161 1579 2253 1645 Et
2284 1599 2507 1646 omnes
2535 1602 2759 1668 super·
2832 1605 2837 1610 ·

653 1679 986 1747 stitiones¹
1049 1700 1168 1769 pro
1211 1681 1528 1769 religione
1571 1680 1645 1745 in
1689 1678 1785 1746 eis
1842 1680 2288 1760 inveniuntur,
2305 1681 2335 1720 ¹
2404 1686 2473 1748 et
2532 1705 2757 1750 omnes

653 1803 908 1850 morum
953 1779 1444 1871 corruptiones.⁸
1510 1783 1603 1849 Et
1628 1783 1777 1849 ideo
1812 1783 2094 1870 juvenes
2138 1784 2515 1872 concipiunt
2545 1787 2753 1852 malos

653 1903 863 1952 mores
921 1908 964 1951 a
1026 1886 1400 1974 juventute,
1453 1889 1526 1952 et
1585 1882 1849 1972 quando
1921 1890 2419 1973 temptaverunt
2498 1909 2754 1975 semper

649 1991 944 2054 crescunt
985 1987 1060 2053 in
1103 1987 1212 2054 eis.

738 2089 830 2154 Et
871 2087 1025 2156 inde
1069 2089 1307 2156 accidit
1366 2093 1604 2174 quarta
1659 2089 1831 2154 ratio
1890 2087 1977 2154 ad
2034 2089 2457 2176 propositum.
2572 2089 2641 2155 N
2642 2113 2751 2156 am
2776 2105 2941 2157 Their

648 2189 742 2258 sic
785 2191 960 2258 fiunt
1000 2189 1327 2257 inhabiles
1372 2192 1459 2256 ad
1501 2191 1855 2257 veritatem
1923 2192 2267 2278 sapientiae
2312 2191 2748 2280 magnificam,
2774 2175 3041 2292 ffi‘l’ldggon

649 2293 807 2380 quia
851 2293 1176 2382 scriptura
1219 2293 1380 2360 dicit
1425 2293 1602 2379 quod
1661 2293 1734 2358 in
1802 2293 2196 2359 malevolam
2259 2296 2551 2360 animam
2612 2318 2751 2362 non
2772 2308 2977 2358 rendere

645 2395 956 2462 introibit
1017 2396 1360 2483 sapientia,
1433 2415 1554 2462 neo
1632 2395 1971 2462 habitabis
2030 2395 2104 2460 in
2162 2417 2427 2485 corpore
2487 2399 2749 2465 subdit—,0
2773 2371 3087 2490 ἕζξῇἓψ

645 2500 941 2586 peccatis.
1095 2497 1188 2564 Et
1277 2499 1502 2564 anima
1591 2497 1945 2584 deturpata
2034 2499 2317 2586 peccatis
2392 2505 2492 2566 est
2581 2501 2751 2567 sicut
2774 2507 2943 2556 truths
2965 2509 3067 2558 and

645 2601 976 2686 speculum
1025 2601 1484 2688 rubiginosum
1543 2606 1614 2665 et
1682 2606 1891 2677 vetus,
1954 2600 2028 2664 in
2088 2623 2217 2688 quo
2280 2623 2416 2667 non
2476 2608 2750 2689 possunt
2774 2574 3065 2692 ffissfissss·

645 2703 890 2790 species
958 2725 1178 2768 rerum
1237 2724 1568 2789 apparere,
1647 2708 1726 2767 ut
1788 2703 2054 2789 pulchre
2116 2703 2278 2770 dicit
2339 2705 2613 2793 Algazel
2673 2707 2746 2772 in

645 2803 884 2892 Logica
910 2803 963 2887 3⁴
1021 2809 1090 2871 et
1141 2803 1363 2870 anima
1416 2809 1648 2870 ornata
1697 2805 1953 2870 virtute
2016 2810 2117 2871 est
2183 2803 2354 2873 sicut
2408 2809 2743 2896 speculum

643 2929 892 2973 novum
965 2913 1035 2973 et
1115 2908 1396 2994 politum
1477 2908 1551 2971 in
1627 2928 1758 2993 quo
1856 2910 2177 2997 apparent
2260 2910 2429 2977 clare
2521 2934 2743 2979 rerum

642 3010 978 3098 imagines·
1072 3009 1220 3076 Hoc
1271 3010 1431 3075 satis
1479 3009 1752 3076 ostendo
1816 3012 1889 3075 in
1960 3010 2343 3079 Moralibus.
2438 3012 2531 3079 Et
2593 3014 2743 3080 ideo

643 3111 798 3198 quia
835 3112 1078 3200 vulgus
1117 3111 1328 3178 nescit
1360 3110 1530 3177 hanc
1573 3110 1913 3177 scientiam
1955 3136 1997 3177 a
2038 3113 2410 3200 juventute,
2444 3115 2741 3189 homines

595 3211 604 3219 '
641 3212 888 3280 habent
950 3213 1204 3279 animas
1263 3214 1570 3281 obscuras
1629 3219 1700 3279 et
1758 3220 2113 3281 excaecatas
2178 3238 2327 3302 quae
2402 3238 2740 3305 nunquam

641 3320 912 3403 possunt
991 3316 1303 3403 proficere
1385 3314 1516 3381 nisi
1609 3316 1682 3381 in
1773 3317 1981 3395 vanis,
2065 3322 2135 3381 et
2228 3317 2426 3395 falsis,
2510 3324 2581 3383 et
2666 3320 2741 3383 in

639 3418 842 3497 malis,
917 3418 1446 3485 cavillationibus
1521 3421 1590 3483 et
1661 3417 1736 3482 in
1810 3418 2069 3505 magnis
2140 3418 2741 3505 imperfectionibus

639 3521 993 3608 sapientise.
1130 3520 1222 3586 Et
1294 3520 1444 3585 ideo
1520 3519 1882 3586 multitudo
1973 3520 2382 3585 studentium
2460 3521 2741 3608 negligit

641 3644 832 3687 omne
877 3622 1052 3708 quod
1095 3620 1442 3709 pulchrum
1495 3626 1597 3687 est
1642 3626 1713 3688 et
1759 3622 1923 3688 utile
1968 3622 2043 3687 in
2094 3622 2419 3710 sapientia
2458 3622 2739 3710 philoso-

640 3722 834 3810 phice,
885 3728 953 3789 et
1012 3724 1184 3811 perit
1255 3722 1684 3812 philosophia.
1778 3723 1913 3789 Sed
1977 3724 2135 3790 libri
2190 3724 2385 3790 istius
2444 3726 2739 3793 scientiae
2764 3743 3029 3812 Difficulty

641 3824 1020 3891 Aristotelis
1061 3828 1130 3892 et
1169 3825 1553 3907 Aviocnnae,
1601 3824 1870 3893 Senecae
1929 3829 1999 3892 et
2043 3826 2261 3908 Tullii,
2319 3831 2389 3893 et
2440 3828 2737 3909 aliorum,
2764 3812 2826 3891 9²⁹
2839 3813 3035 3863 obtain-

637 3948 774 3993 non
832 3931 1104 4015 possunt
1159 3926 1392 3995 haberi
1461 3928 1593 3994 nisi
1663 3950 1815 3994 cum
1874 3928 2131 4016 magnis
2180 3928 2526 4017 expensis3
2587 3937 2735 3997 tum
2763 3880 3074 4024 ἔιῗιῗζιῖἶέᾱεε-

639 4030 796 4115 quia
843 4029 1236 4117 principales
1281 4028 1440 4096 libri
1491 4050 1630 4096 non
1688 4034 1845 4097 sunt
1902 4032 2215 4098 maluti
2266 4033 2341 4097 in
2400 4032 2731 4113 Latinum,
2760 4012 2979 4130 &⁸1¹3ss
2989 4012 3075 4063 ¹¹¹0

635 4137 780 4198 tum
850 4132 1011 4219 quia
1077 4132 1360 4197 aliorum
1415 4153 1550 4197 non
1607 4132 1933 4219 reperitur
1978 4134 2310 4221 exemplar
2366 4134 2440 4200 in
2498 4136 2733 4203 studiis

635 4233 1049 4313 solemnibus,
1131 4253 1250 4301 nee
1329 4233 1542 4315 alibi3
1619 4235 1779 4320 quia
1835 4234 1991 4301 libri
2070 4235 2277 4303 Marci
2352 4236 2557 4303 Tullii
2622 4238 2733 4305 ‘De

702 4617 717 4648 ¹
744 4634 900 4669 omnes
930 4618 1318 4686 superaddam]
1356 4617 1519 4670 omnis
1551 4634 1633 4669 su·
1804 4620 1824 4649 ⁸
1844 4634 2001 4669 ornnes
2102 4634 2281 4669 moram
2382 4619 2729 4687 corruptiones]

636 4696 880 4762 pontific,
902 4696 966 4749 Τ.
1740 4698 1907 4749 omnis
1936 4710 2133 4748 morum
2170 4694 2439 4762 corruptio,
2471 4696 2533 4748 Τ.

699 4776 721 4807 ²
743 4776 1074 4845 invenimur]
1112 4776 1378 4839 invenitur,
1399 4774 1463 4829 Τ.
1717 4802 1724 4811 ·
1808 4776 1828 4807 ⁴
1850 4776 1903 4825 in
1926 4774 2139 4841 Loqica]
2176 4790 2283 4840 cap.
2303 4774 2355 4827 ii.
