3517 5750
862 899 995 963 484
1606 912 1864 963 nocam
1910 908 2206 961 mcoms
2798 894 2990 980 [car.

860 1092 931 1151 et
974 1084 1417 1171 chirogrillum
1447 1106 1464 1163 3
1507 1089 1577 1150 et
1619 1084 1694 1149 in
1738 1084 2022 1173 epistola
2079 1085 2164 1151 de
2223 1084 2622 1150 correctione
2679 1082 2998 1149 Psalterii

862 1187 1027 1253 dicit
1086 1186 1265 1273 quod
1322 1186 1491 1253 illud
1552 1187 1948 1253 vocabulum
2015 1186 2292 1273 saphan
2349 1186 2680 1272 significat
2737 1186 2992 1251 animal

864 1290 1197 1377 quoddam
1240 1289 1452 1355 simile
1495 1310 1647 1355 urso
1692 1294 1764 1355 et
1813 1290 2006 1369 muri,
2054 1289 2232 1375 quod
2291 1288 2590 1355 abundat
2647 1289 2720 1353 in
2765 1288 2992 1355 Pales·

866 1394 1023 1469 tine,
1072 1397 1141 1458 et
1184 1398 1457 1457 vocatur
1499 1398 1818 1479 artomya
1883 1389 1969 1457 ab
2013 1396 2217 1472 artos,
2263 1390 2440 1478 quod
2505 1396 2608 1456 est
2667 1412 2874 1471 muz,
2921 1394 2997 1454 et

869 1516 1039 1581 mys,
1087 1493 1262 1580 quod
1310 1500 1411 1559 est
1454 1516 1619 1561 mus.
1710 1494 1882 1561 Cum
1943 1494 2154 1582 igitur
2195 1492 2612 1579 chirogrillus
2662 1493 3000 1559 dividitur

872 1602 1103 1662 contra
1191 1596 1325 1661 tria
1414 1595 1591 1661 dicta
1676 1618 1814 1663 non
1903 1603 2006 1662 est
2093 1596 2296 1683 lepus,
2389 1616 2510 1661 nec
2601 1594 2991 1674 herinaciuS,

874 1720 997 1765 nec
1038 1698 1339 1779 hericius,
1394 1719 1516 1764 nec
1539 1750 1547 1757 .
1567 1703 1881 1785 artomys.
1975 1698 2068 1763 Et
2109 1720 2262 1763 cum
2315 1697 2456 1763 haec
2508 1698 2611 1763 ita
2653 1698 2808 1775 sint,
2853 1718 2992 1761 non

878 1808 981 1868 ost
1014 1800 1383 1867 herinacius
1426 1821 1547 1865 nec
1588 1800 1889 1882 hericius,
1927 1800 2101 1866 sicut
2143 1798 2602 1865 interlineares
2645 1804 2718 1865 et
2757 1800 2994 1886 glom

881 1902 1295 1990 magistrales
1355 1902 1626 1983 dicunt3
1686 1907 1758 1969 et
1811 1904 1983 1969 sicut
2043 1905 2123 1967 ut
2169 1900 2358 1968 Brito
2419 1902 2722 1967 somniat
2817 1902 2997 1967 Item

882 2027 1033 2071 cum
1068 2005 1403 2071 cuniculus
1448 2026 1583 2069 non
1630 2004 1721 2070 sit
1765 2004 2018 2069 animal
2060 2026 2270 2092 rapax
2313 2008 2384 2070 et
2413 2003 2840 2081 mortiferum,
2873 2024 3002 2068 nec

886 2108 1297 2195 chirogrillus
1340 2112 1459 2189 est,
1506 2106 1663 2173 licet
1704 2108 1940 2194 glossae
1983 2106 2316 2195 praedictae
2361 2111 2432 2172 et
2478 2104 2666 2171 Brito
2711 2106 3007 2171 credant.

888 2210 1065 2277 Item
1108 2232 1231 2275 nec
1274 2211 1403 2275 erit
1454 2209 1703 2275 animal
1765 2210 2105 2297 spinosum
2163 2209 2378 2294 majus
2439 2209 2786 2286 herinaciO,
2849 2208 3008 2275 licet

888 2312 1331 2379 interlinearis
1394 2311 1677 2378 Levitici
1750 2312 1876 2377 hoc
1943 2312 2136 2377 dicat
2227 2311 2614 2397 cujusmodi
2687 2331 2846 2376 vero
2921 2310 3014 2377 sit

890 2415 1013 2481 hoc
1056 2414 1305 2481 animal
1350 2414 1689 2502 spinosum
1752 2414 1968 2500 majus
2031 2412 2385 2494 herinaci0‚
2438 2414 2776 2479 sciendum
2831 2412 3010 2499 quod

894 2523 996 2585 est
1040 2518 1225 2596 striX,
1272 2518 1450 2603 quod
1494 2522 1775 2583 vocatur
1817 2516 2187 2603 vulgariter
2241 2536 2476 2604 porcus
2519 2516 2834 2605 spinosus
2919 2514 3013 2579 Et
3125 2506 3134 2513 ’

896 2627 998 2687 est
1058 2620 1303 2686 animal
1361 2620 1706 2685 mediocris
1750 2619 2166 2705 quantitatiS,
2213 2618 2462 2685 habens
2520 2618 2743 2707 spinas
2783 2617 3013 2704 longas

898 2722 1399 2807 aliquantulum,
1461 2726 1531 2788 et
1592 2743 1742 2789 cum
1805 2721 2112 2787 irascitur
2155 2722 2408 2786 emittit
2449 2742 2560 2786 eas
2603 2726 2674 2787 et
2738 2721 3016 2807 sagittat

898 2824 1235 2890 hominem
1278 2823 1721 2890 infestantem.
1829 2822 1965 2890 Sed
2007 2845 2158 2889 cum
2201 2822 2538 2889 cuniculus
2581 2844 2717 2888 non
2759 2824 2850 2888 sit
2891 2822 3018 2888 hoc

903 2925 1153 2990 animal
1194 2947 1315 2991 nec
1360 2925 1770 3013 chirogrillus
1815 2927 1944 2992 erit
1985 2925 2167 2991 illud.
2261 2925 2436 2992 Sunt
2480 2925 2681 2992 etiam
2731 2925 3018 3012 postillac

904 3027 1331 3112 magistraleS,
1382 3047 1531 3112 quae
1592 3028 1829 3094 dicunt
1880 3027 2058 3113 quod
2119 3033 2222 3093 est
2285 3027 2534 3092 animal
2593 3027 2808 3092 simile
2865 3049 3018 3092 urso

904 3135 977 3194 et
1022 3129 1213 3194 muri.
1306 3129 1441 3195 Sed
1484 3128 1653 3194 illud
1700 3135 2092 3196 evacuatum
2131 3135 2234 3194 est
2279 3151 2398 3216 per
2433 3130 3018 3216 aequivocationem

908 3229 1101 3316 hujus
1142 3230 1431 3296 nominis
1466 3229 1751 3317 saphan.
1843 3230 1976 3296 Sed
2009 3236 2240 3296 contra
2280 3231 2402 3297 hoc
2429 3232 2608 3318 quod
2637 3255 2796 3296 xxx.
2848 3232 3014 3318 [26]

908 3333 1099 3400 Prov.
1134 3334 1395 3414 dicitur,
1448 3333 1879 3421 “lepusculus
1923 3333 2110 3420 plebs
2137 3333 2434 3398 invalida
2451 3333 2513 3412 ;”
2557 3334 2654 3399 ibi
2687 3335 2762 3398 in
2793 3331 3020 3399 Graeco

910 3435 1403 3522 chiroyrillum.
1533 3437 1663 3502 Sed
1734 3435 1985 3500 animal
2043 3457 2182 3501 esse
2246 3436 2672 3501 manifestum
2731 3441 2831 3501 est
2903 3459 3023 3523 per

910 3539 1496 3624 aequivocationem
1554 3537 1857 3615 nominis,
1920 3543 1990 3602 et
2047 3537 2466 3625 chirogrillon
2515 3543 3024 3604 connumeratur

911 3663 1029 3728 per
1074 3641 1518 3708 Proverbium.
1630 3639 1806 3705 Item
1867 3639 2149 3704 LeVitici
2201 3644 2272 3705 et
2317 3639 2780 3706 Deuteronom.
2847 3640 3022 3726 capi-

910 3743 1071 3808 tulis
1114 3743 1445 3830 praedictis
1502 3747 2012 3807 connumeratur
2063 3741 2474 3827 chirogrillus
2527 3748 2596 3808 et
2654 3743 2855 3829 lepus,
2903 3763 3024 3830 pro

913 3845 1171 3908 duobus
1214 3843 1611 3908 animalibus
1668 3843 1962 3908 diversis,
2053 3843 2228 3910 Item
2288 3843 2471 3930 lepus
2529 3864 2665 3909 non
2711 3845 2902 3931 ponit
2951 3845 3026 3908 in

911 3950 1099 4030 petra
1146 3945 1359 4010 cubile
1418 3966 1627 4026 suum,
1681 3945 1798 4010 sed
1857 3945 1929 4009 in
1974 3945 2280 4012 mollibus
2321 3945 2498 4025 lociS‚
2549 3951 2630 4012 ut
2677 3945 2750 4010 in
2797 3967 3026 4032 campo

914 4051 985 4110 et
1040 4045 1228 4110 silvis
1294 4048 1472 4112 inter
1541 4047 1779 4112 herbas
1825 4053 1896 4112 et
1963 4047 2278 4135 gramina.
2371 4045 2652 4134 Propter
2695 4048 2876 4133 quod
2919 4049 3026 4112 in-

913 4147 1347 4234 telligendum
1424 4154 1526 4214 est
1600 4149 1778 4235 quod
1853 4148 2096 4215 Latina
2175 4149 2524 4214 translatio
2599 4149 2879 4235 antiqua
2950 4150 3026 4214 in

916 4250 1291 4317 Proverbiis
1357 4249 1487 4316 fuit
1530 4256 1840 4338 corrupta
1899 4251 1972 4315 in
2015 4251 2245 4316 multis
2289 4250 2467 4332 lociS,
2514 4251 2686 4316 sicut
2751 4251 2826 4316 in
2878 4255 3030 4317 tota

919 4353 1157 4434 Biblia,
1209 4359 1279 4418 et
1322 4353 1470 4418 ideo
1518 4353 1627 4418 hic
1670 4352 2228 4439 corrumpebatur,
2285 4353 2442 4438 quia
2491 4351 2764 4442 saphoen
2825 4352 3030 4440 signi-

918 4455 1075 4522 ficat
1155 4456 1461 4543 leporem,
1540 4461 1610 4520 et
1701 4475 1836 4520 non
1925 4455 2505 4520 consideraverunt
2594 4455 2772 4542 quod
2845 4455 3031 4520 aliud

919 4559 1329 4646 significaret.
1445 4557 1623 4623 Nam
1716 4557 2166 4643 Hieronymus
2243 4556 2408 4622 dicit
2487 4557 2560 4622 iu
2635 4558 3031 4624 correctione

922 4661 1228 4727 Psalterii
1272 4660 1449 4747 quod
1492 4681 1717 4725 omnes
1769 4659 2195 4726 translatores
2241 4659 2444 4725 simili
2487 4681 2649 4726 voce
2693 4659 2914 4746 ipsum
2959 4659 3034 4724 in

920 4763 1257 4851 proprium
1335 4762 1699 4828 Hebraeum
1758 4759 2138 4848 eaphanim
2196 4763 2680 4828 transtulerunt
2723 4763 2797 4828 in
2847 4760 3029 4828 Grae-
