3517 5750
578 846 867 932 xxx111.]
1340 863 1515 914 orus
1558 864 1885 915 murum.
2249 914 2254 919 ,
2545 852 2622 913 11
2635 852 2676 915 3

574 1038 685 1115 rei,
747 1036 905 1122 quia
962 1036 1077 1101 ubi
1134 1035 1328 1122 pauci
1388 1037 1557 1103 radii
1602 1059 1718 1124 per
1760 1038 2165 1115 fractionem,
2212 1038 2321 1103 vel
2367 1058 2484 1124 per
2528 1060 2672 1126 spe-

568 1138 788 1205 culum
831 1138 1221 1225 sphaericum
1265 1144 1765 1225 congregantur,
1813 1140 2054 1205 accidit
2117 1139 2488 1206 combustio
2534 1162 2676 1206 sen-

568 1240 794 1318 sibilis,
829 1245 907 1306 ut
948 1239 1265 1307 videmus.
1360 1240 1537 1327 Ergo
1580 1241 1697 1306 ubi
1740 1242 2060 1307 infinities
2102 1242 2350 1307 infiniti
2395 1249 2672 1329 possunt

568 1340 966 1429 congregari,
1034 1342 1151 1407 fiet
1212 1342 1574 1408 combustio
1638 1344 1972 1430 completa.
2111 1344 2204 1409 Et
2266 1345 2388 1410 hoc
2434 1345 2672 1409 docent

570 1448 866 1509 auctores
926 1444 1105 1521 certi,
1167 1449 1237 1509 et
1310 1448 1646 1510 testantur
1711 1445 2216 1531 possibilitatem
2293 1446 2492 1531 hujus
2559 1448 2672 1512 rei.

570 1544 665 1610 Et
712 1547 853 1631 jam
898 1567 1017 1631 per
1060 1546 1187 1613 Dei
1232 1547 1521 1633 gratiam
1569 1546 1816 1613 factum
1861 1538 1964 1613 est
2007 1546 2129 1613 hoc
2172 1547 2510 1634 speculum
2555 1570 2673 1635 per

574 1647 1129 1734 sapientissimum
1176 1647 1582 1715 Latinorum.

1361 2086 1519 2155 cu».
1568 2054 1896 2154 xxxIv.

666 2296 957 2378 QUARTA
999 2298 1196 2365 radix
1239 2304 1339 2366 est
1384 2298 1597 2388 magis
1639 2300 1829 2365 utilis
1872 2298 2137 2376 mund0,
2171 2320 2246 2365 ac
2289 2298 2670 2377 mirabilior,
2700 2306 3008 2374 Musstipliea·

577 2406 897 2486 quantum
941 2402 1027 2467 ad
1072 2402 1403 2469 utilitates
1446 2402 1757 2489 publicae,
1806 2402 1945 2467 sine
1991 2402 2230 2487 quibus
2274 2403 2572 2468 homines
2602 2424 2638 2467 e

2640 2406 2673 2467 b
2699 2376 2808 2427 tion
2829 2376 2890 2425 of

2697 2444 2882 2507 specim
2902 2442 2974 2507 by

572 2503 861 2568 mundus
922 2503 1158 2569 durare
1220 2525 1354 2569 non
1420 2509 1713 2591 possunt,
1758 2526 1879 2571 nec
1945 2506 2110 2571 sciri.
2225 2504 2316 2569 Et
2380 2508 2483 2569 est
2545 2506 2675 2570 ista
2699 2508 2976 2560 aceidental

577 2603 1041 2690 multiplicatio
1102 2628 1298 2693 super
1360 2606 1569 2673 lineas
1631 2606 2087 2687 accidentale8‚
2154 2628 2304 2692 quae
2371 2628 2505 2671 non
2561 2628 2672 2672 ve—

578 2706 779 2771 niunt
838 2708 922 2772 ab
971 2709 1339 2795 agentibus,
1388 2709 1503 2774 sed
1556 2730 1598 2773 a
1656 2707 1860 2773 radiis
1921 2708 2412 2797 principalibus,
2460 2708 2673 2787 recti8‚

576 2808 816 2890 fractiS,
864 2813 934 2876 et
995 2810 1271 2877 reflexis.
1364 2810 1433 2876 N
1435 2832 1522 2876 on
1584 2810 1764 2876 enim
1831 2832 2178 2898 possumus
2239 2833 2497 2899 semper
2560 2834 2672 2879 ex-

576 2911 730 2996 poni
757 2913 961 2977 radiis
1006 2913 1481 3000 principalibus
1526 2912 1888 2993 stellarum,
1919 2935 2040 2980 nec
2084 2899 2305 2980 rerum
2351 2915 2676 2995 aliarum3

578 3033 787 3099 neque
830 3015 1037 3080 etiam
1081 3015 1396 3081 animalia
1440 3019 1510 3080 et
1553 3014 1860 3102 planetae,
1906 3016 2064 3102 quia
2108 3018 2201 3083 sic
2246 3017 2470 3083 omnia
2519 3018 2678 3084 viva

580 3120 1001 3183 morerentur.
1125 3116 1218 3182 Et
1262 3117 1409 3184 ideo
1454 3121 1697 3182 natura
1748 3118 2150 3204 temperavit
2193 3119 2481 3186 actiones
2526 3140 2678 3184 suas

442 3257 455 3270 ·
580 3239 695 3304 per
753 3217 1133 3304 hujusmodi
1194 3219 1776 3305 multiplicationes
1838 3218 2284 3300 accidentales,
2350 3221 2520 3286 sicut
2577 3223 2678 3284 est

581 3319 1046 3406 multiplicatio
1106 3319 1271 3386 lucis
1333 3341 1449 3407 per
1513 3326 1729 3386 totam
1797 3321 2066 3386 domum
2133 3343 2175 3385 a
2241 3321 2427 3386 radio
2501 3321 2680 3406 prin-

581 3421 793 3508 cipali,
841 3423 958 3509 qui
1022 3423 1207 3488 cadit
1259 3443 1376 3509 per
1437 3423 1809 3504 fenestram,
1855 3422 1967 3487 vel
2013 3423 2130 3508 qui
2192 3427 2386 3487 extra
2447 3425 2548 3485 est
2611 3422 2682 3484 in

582 3529 745 3588 ae're.
865 3523 959 3589 Et
1003 3523 1145 3591 haec
1188 3523 1653 3612 multiplicatio
1712 3523 1876 3589 facit
1937 3523 2112 3608 quod
2157 3521 2350 3587 homo
2394 3521 2682 3588 existens

581 3625 655 3689 in
718 3625 1041 3712 profundo
1102 3626 1262 3707 loce,
1310 3631 1391 3692 ut
1452 3626 1525 3690 in
1587 3625 1916 3713 profundo
1983 3625 2188 3712 putei,
2251 3623 2362 3689 vel
2404 3623 2682 3709 alicujus

580 3725 793 3794 foveae
820 3728 1186 3815 profundae,
1233 3728 1492 3794 videret
1536 3728 1764 3794 stellas
1808 3728 1894 3794 de
1935 3727 2042 3793 die
2085 3726 2457 3808 clarissima,
2505 3727 2682 3813 quod

580 3849 720 3893 non
780 3829 1019 3896 faceret
1078 3832 1151 3896 in
1212 3830 1551 3917 superficie
1601 3831 1802 3917 putei,
1849 3830 2008 3916 quia
2051 3829 2348 3916 superius
2391 3829 2682 3895 existens

582 3931 807 3998 lumen
850 3933 1005 3998 solis
1047 3931 1410 4020 principale
1470 3931 1756 3998 occultat
1819 3931 2043 3997 lumen
2105 3931 2459 3999 stellarum.
2551 3931 2684 3998 Sed

580 4033 655 4097 in
694 4031 901 4100 fundo
962 4035 1151 4121 putei
1196 4034 1387 4100 venit
1454 4034 1681 4099 lumen
1725 4032 1881 4099 solis
1945 4033 2360 4113 accidentale,
2418 4038 2487 4100 et
2547 4054 2683 4099 non

582 4135 958 4222 principale.
1050 4136 1183 4203 Sed
1244 4135 1469 4202 lumen
1530 4135 1874 4201 stellarum
1933 4136 2289 4224 principale
2352 4135 2687 4202 descendit

582 4235 655 4300 in
698 4243 995 4323 puteum,
1042 4244 1113 4304 et
1155 4260 1293 4304 non
1338 4241 1557 4324 potest
1602 4237 1916 4304 occultari
1959 4259 2076 4324 per
2126 4238 2351 4304 lumen
2395 4239 2688 4304 acciden-

581 4338 719 4403 tale
764 4340 965 4422 solis3
1008 4339 1247 4406 fortius
1292 4339 1469 4406 enim
1516 4343 1618 4404 est
1660 4339 1889 4405 lumen
1919 4338 2056 4405 tale
2100 4339 2441 4404 stellarum
2485 4361 2686 4424 quam

582 4438 702 4506 lux
732 4430 1157 4508 accidentalis
1187 4440 1381 4521 solis;
1427 4442 1542 4507 sed
1572 4441 1810 4507 fortius
1838 4441 2064 4508 lumen
2103 4439 2392 4505 occultat
2435 4460 2687 4525 semper

584 4563 626 4606 a
670 4541 821 4608 visu
872 4541 1169 4610 debilius.

672 4643 765 4709 Et
810 4646 1049 4731 quinto
1112 4646 1309 4716 modo
1367 4667 1562 4734 super
1620 4645 1866 4712 lineam
1923 4643 2288 4709 flexuosam
2331 4641 2412 4707 fit
2457 4639 2684 4708 multi-

598 4744 865 4833 plicatio
930 4748 1003 4814 in
1062 4749 1285 4817 nervis
1350 4769 1677 4827 sensuum,
1744 4767 1944 4833 supra
1999 4745 2174 4832 leges
2246 4749 2520 4825 naturae,
2589 4765 2685 4814 se·

758 4865 909 4918 voL.
954 4866 998 4916 1.
2365 4863 2424 4915 Η

2699 2591 2832 2643 mys·

2714 4633 2914 4702 Species
2927 4649 2988 4688 or

2709 4701 2918 4782 impres-

2713 4783 2848 4822 sionn
2869 4785 2938 4822 cn
