3517 5750
555 868 630 956 1.]
1384 880 1744 932 Arrnnmx
1792 881 1836 932 1.
2532 865 2657 929 525

549 1075 756 1144 genus
813 1053 986 1142 regit
1045 1059 1114 1120 et
1191 1053 1529 1142 gubernat.
1668 1053 1760 1118 Et
1835 1051 1986 1117 ideo
2058 1051 2205 1117 istae
2282 1049 2413 1116 vise
2503 1053 2662 1116 sunt

547 1162 788 1244 praeter
829 1157 1172 1243 sapientiae
1230 1153 1637 1232 documenta,
1686 1156 1889 1220 immo
1934 1152 2158 1240 potius
2180 1151 2199 1189 ¹
2264 1151 2337 1217 in
2398 1158 2657 1218 contra-

546 1260 722 1325 rium
796 1264 1167 1346 operantur,
1229 1279 1349 1323 nec
1409 1279 1702 1344 unquam
1764 1278 1919 1324 vere
1978 1254 2513 1344 philosophantes
2574 1254 2655 1320 de

549 1361 653 1430 his
710 1383 829 1429 sex
889 1361 1101 1428 modis
1161 1367 1579 1429 curaverunt.

1463 1647 1619 1715 Car.
1671 1648 1765 1715 II.

687 1807 788 1874 Dc
865 1806 1378 1887 characteribus,
1435 1805 1887 1889 carminibus,
1950 1813 2011 1873 et
2070 1829 2309 1875 corum
2370 1829 2527 1874 usu.

643 1963 834 2046 QUID
922 1987 1076 2031 vero
1169 1964 1252 2031 de
1341 1965 1759 2046 carminibuS,
1840 1969 1910 2031 et
1999 1965 2508 2046 characteribuS,
2588 1969 2657 2032 et
2692 1983 2905 2034 chau-mn

551 2065 932 2152 hujusmodi
991 2069 1136 2134 aliis
1155 2067 1181 2104 ⁹·
1243 2067 1334 2133 eit
1407 2067 1781 2144 tenendum,
1860 2068 2196 2134 considero
2286 2089 2404 2156 per
2484 2069 2661 2134 huno

2689 2051 2791 2101 and
2812 2065 2901 2101 en-

2689 2117 3006 2168 chantmentn

549 2169 838 2236 modum.
962 2169 1140 2235 Nam
1221 2169 1654 2257 proculdubio
1715 2171 1939 2236 omnia
2020 2170 2402 2256 hujusmodi
2483 2193 2657 2238 nunc
2688 2182 2957 2248 unworthy

553 2271 870 2358 temporis
917 2277 1076 2338 sunt
1127 2271 1308 2350 falsa,
1341 2277 1411 2338 et
1465 2271 1706 2338 dubia:
1764 2293 1921 2337 nam
1966 2273 2265 2360 quaedam
2314 2279 2473 2339 sunt
2528 2295 2664 2339 oui-

549 2374 709 2440 nino
787 2373 1271 2440 irrationabilia.
1347 2396 1492 2461 quae
1577 2375 1952 2462 philosophi
2022 2375 2509 2443 adinvenerunt
2592 2379 2665 2442 in

556 2475 864 2563 operibus
922 2482 1181 2542 naturae
1243 2481 1312 2541 et
1387 2477 1567 2554 artiS,
1647 2482 1727 2543 ut
1801 2483 2051 2543 secreta
2112 2478 2519 2545 occultarent
2578 2480 2664 2545 ab

551 2577 858 2665 indignis
959 2578 1148 2645 Sicut
1193 2578 1250 2642 si
1299 2579 1569 2645 omnino
1615 2584 1786 2645 esset
1831 2581 2135 2668 ignotum
2166 2581 2344 2668 quod.
2397 2603 2663 2669 magnes

549 2679 846 2746 traheret
904 2679 1171 2761 ferrum,
1233 2687 1302 2745 et
1361 2680 1602 2766 aliquis
1662 2680 1894 2746 volens
1952 2681 2074 2749 hoc
2134 2705 2299 2770 opus
2358 2684 2665 2772 perficere

552 2803 770 2848 coram
829 2782 1088 2870 popu10‚
1171 2781 1416 2848 faceret
1477 2783 1885 2850 characteres
1944 2791 2013 2850 et
2074 2786 2369 2851 carmina
2421 2785 2667 2872 profer-

554 2890 674 2965 ret,
723 2906 807 2951 ne
855 2886 1296 2972 perciperetur
1340 2885 1517 2971 quod
1567 2890 1788 2953 totum
1838 2908 2001 2974 opus
2046 2890 2465 2957 attractionis
2499 2897 2669 2957 esset

555 2986 902 3053 naturale.³
1012 2987 1161 3053 Hoc
1221 2992 1442 3053 totum
1503 3010 1665 3075 opus
1725 2995 1896 3055 esset
1956 3012 2149 3056 error.
2174 2990 2199 3029 ⁴
2292 2992 2401 3060 Sic
2462 2994 2671 3081 igitur

558 3111 756 3177 quam
831 3089 1116 3177 plurima
1211 3090 1282 3155 in
1343 3089 1563 3156 verbis
1637 3090 2171 3179 philosophorum
2257 3096 2669 3163 occultantur

557 3191 786 3257 multis
867 3191 1097 3271 modis,
1156 3192 1229 3257 in
1291 3192 1531 3277 quibus
1593 3194 1855 3280 sapiens
1918 3194 2117 3263 debet
2169 3196 2337 3262 hanc
2432 3198 2671 3265 habere

554 3294 992 3382 prudentiam,
1079 3300 1156 3360 ut
1225 3294 1516 3359 carmina
1590 3300 1660 3359 et
1721 3294 2129 3362 characteres
2210 3299 2525 3386 negligat,
2602 3308 2671 3367 et

556 3417 718 3482 opus
764 3402 1024 3462 naturae
1087 3401 1156 3461 et
1240 3396 1404 3461 artis
1465 3395 1739 3481 probet3
1806 3402 1876 3463 et
1921 3398 2014 3463 sic
2060 3408 2196 3464 tam
2257 3421 2360 3467 res
2419 3403 2669 3467 anima-

554 3505 660 3565 tas
720 3520 918 3585 quam
989 3498 1388 3563 inanimatas
1467 3497 1737 3563 videbet
1807 3498 2181 3565 adinvicem
2265 3524 2663 3583 concurrere,

555 3606 824 3688 propter
913 3606 1171 3666 naturae
1256 3598 1805 3682 conformitatem,
1902 3622 2039 3666 non
2113 3609 2381 3691 propter
2457 3606 2671 3674 virtu-

557 3707 696 3769 tem
759 3702 1206 3769 characterum
1255 3702 1361 3766 vel
1423 3702 1750 3771 carminis,
1845 3702 1937 3768 Et
1994 3704 2087 3770 sic
2150 3706 2364 3772 multa
2423 3714 2672 3775 secreta

563 3811 822 3870 naturoe
903 3810 972 3869 et
1055 3804 1218 3869 artis
1295 3803 1713 3869 aestimantur
1796 3803 1879 3869 ab
1970 3804 2253 3874 indoctis
2360 3812 2669 3898 magica3

555 3910 625 3972 et
677 3905 916 3992 magici
959 3905 1302 3972 confidunt
1353 3904 1556 3971 stulte
1603 3905 2085 3975 characteribus
2138 3915 2207 3977 et
2252 3914 2667 3993 carminibus,

559 4008 736 4096 quod
760 4006 786 4045 ⁵
865 4008 957 4073 eis
1033 4008 1374 4095 praebeant
1451 4008 1821 4091 virtutem;
1911 4017 1981 4076 et
2052 4034 2168 4099 per
2256 4016 2623 4083 secutiones
2642 4016 2670 4055 ⁶

558 4132 785 4177 eorum
869 4110 1255 4197 relinquunt
1365 4131 1528 4197 opus
1618 4118 1875 4178 naturae
1966 4113 2075 4179 vel
2150 4118 2314 4183 artis
2396 4125 2668 4206 propter

559 4234 843 4281 errorem
905 4212 1272 4279 carminum
1343 4218 1412 4279 et
1464 4212 1929 4281 characterum.
2025 4216 2115 4283 Et
2162 4218 2256 4285 sic
2313 4226 2668 4309 utrumque

629 4514 642 4545 ¹
669 4514 803 4564 immo
833 4512 1025 4579 potius]
1060 4512 1173 4564 ideo
1219 4512 1414 4575 melius,
1454 4512 1567 4564 MS.
1742 4514 1761 4545 ¹
1789 4513 1896 4565 Hoc
1930 4551 1943 4566 .
1980 4553 1993 4566 .
2029 4554 2042 4565 .
2079 4518 2239 4584 error]
2276 4533 2375 4569 om.
2412 4516 2478 4569 1-1.

626 4594 646 4623 ²
675 4591 817 4660 aliis]
855 4608 952 4644 om.
989 4592 1046 4645 C.
1738 4594 1758 4623 ⁸
1780 4594 1933 4661 quod]
1970 4610 2103 4657 cum,
2124 4596 2236 4648 MS.

627 4672 647 4701 ⁸
663 4688 722 4722 ne
735 4673 1069 4738 perciperetur
1109 4690 1338 4723 .....
1339 4670 1554 4738 atur-ale]
1743 4674 1766 4705 ⁸
1782 4690 1875 4739 per
1916 4675 2205 4745 mactiones]
2253 4692 2344 4743 pro
2388 4680 2683 4733 assecurati—

557 4758 618 4807 ut
652 4750 974 4823 perficeretur
1005 4751 1320 4805 attractionis
1361 4750 1458 4815 vin,
1491 4751 1551 4806 C.
1677 4768 1791 4815 one,
1814 4752 1873 4805 C.
1892 4752 1961 4805 Η.

2688 2251 2750 2304 of
2765 2252 2851 2302 the
2867 2252 3004 2304 vise.
