3517 5750
582 918 711 1005 η]
1254 926 1720 979 commum
1764 926 2018 977 sumn.
2561 917 2691 981 435

578 1128 658 1175 ea
732 1126 881 1194 quse
954 1107 1041 1173 de
1114 1102 1325 1175 eatisis
1392 1102 1878 1171 universalibus
1945 1100 2340 1172 inferuntur.
2465 1104 2691 1173 Prima

580 1210 789 1297 igitur
830 1210 1003 1277 ratio
1048 1209 1282 1277 horum
1327 1211 1429 1275 est
1473 1204 1651 1292 quod
1712 1226 1940 1271 omnes
1983 1207 2212 1287 saneti,
2259 1211 2330 1273 et
2373 1207 2688 1287 doctores,

582 1317 653 1381 et
718 1310 1107 1399 philosophi,
1178 1314 1248 1377 et
1312 1312 1543 1395 poetae,
1620 1312 1692 1377 et
1748 1312 2050 1375 auctores
2111 1311 2574 1397 grammaticae,
2621 1318 2693 1379 et

583 1436 809 1483 omnes
879 1414 1210 1501 sapientes
1286 1410 1513 1479 Latini
1584 1410 2060 1478 laboraverunt
2121 1412 2195 1481 in
2259 1413 2362 1479 his
2426 1415 2688 1502 linguis,

582 1522 851 1606 propter
936 1516 1393 1583 necessitatem
1482 1513 1828 1601 sapientise
1895 1514 2142 1583 divinae
2219 1520 2290 1581 et
2362 1514 2687 1587 humanae.

582 1618 719 1691 Sed
762 1640 883 1687 nos
925 1640 1153 1687 sumus
1214 1616 1339 1685 fflii
1396 1620 1466 1683 et
1511 1636 1909 1683 successores
1963 1616 2465 1703 praedictorum3
2528 1643 2688 1706 qua-

582 1726 853 1810 propter
896 1720 1216 1789 debemus
1282 1740 1392 1787 eos
1458 1718 1727 1798 imitari,
1777 1722 1897 1787 aut
1940 1720 2176 1787 merito
2219 1721 2690 1809 redarguemur

582 1826 667 1893 de
710 1824 976 1893 infinita
1012 1823 1325 1904 stultitia,
1358 1842 1509 1889 eum
1555 1821 1858 1909 praedicti
1901 1821 2155 1891 fuerint
2198 1825 2686 1911 sapientissimi,

580 1932 652 1995 et
695 1926 782 1995 ob
826 1948 1115 1995 amorem
1160 1925 1500 2012 sapientiae
1534 1923 1794 1989 -talibus
1837 1944 1909 1989 se
1953 1924 2294 1995 dederunt.
2385 1926 2690 1995 Secunda

582 2031 755 2097 ratio
816 2034 919 2095 est
980 2028 1159 2116 quod
1220 2028 1505 2094 velimus
1566 2026 1871 2107 nolimus,
1929 2033 2192 2113 oportet
2253 2050 2374 2096 nos
2441 2030 2688 2117 linguis

582 2132 885 2199 insistere
943 2133 1003 2197 si
1058 2129 1365 2197 volumus
1420 2128 1818 2215 sapientiam
1891 2129 2238 2197 doctorum
2327 2132 2685 2199 hominum.

584 2234 913 2315 Quoniam
942 2254 1165 2301 omnes
1194 2232 1349 2299 libri
1378 2253 1607 2297 eorum
1651 2234 1811 2299 sunt
1853 2230 2036 2318 pleni
2081 2233 2182 2299 his
2225 2234 2488 2322 linguis,
2517 2237 2689 2304 sicut

583 2337 1007 2405 manifestum
1052 2340 1155 2403 est
1196 2334 1470 2403 cuilibet
1513 2333 1629 2420 qui
1674 2334 2020 2421 sapientise
2064 2342 2275 2405 vacat.
2369 2337 2502 2405 Sed
2541 2340 2688 2407 sine

580 2440 1105 2527 expositionibus
1147 2460 1373 2505 eorum
1416 2458 1551 2503 non
1594 2458 1938 2523 possumus
1981 2439 2313 2525 proficere.
2403 2440 2497 2507 Et
2538 2442 2688 2509 ideo

582 2546 881 2633 cogimur
949 2546 1311 2613 necessario
1384 2544 1469 2609 ad
1546 2542 1842 2611 debitam
1915 2546 2226 2611 notitiam
2289 2546 2688 2635 linguarum,

580 2652 701 2717 aut
744 2650 988 2714 erimus
1031 2647 1203 2715 asini
1248 2650 1319 2713 et
1370 2646 1565 2713 vacui
1610 2646 1794 2713 omni
1835 2647 2161 2733 sapientia
2205 2654 2275 2716 et
2319 2650 2632 2719 doctrina.

672 2750 857 2817 Pono
902 2752 1035 2817 duo
1078 2750 1381 2836 exempla
1419 2771 1539 2835 pro
1584 2748 2082 2817 millemillibus.
2155 2751 2402 2819 Beatus
2448 2752 2684 2822 Hiero·
2711 2778 2976 2831 Instances

582 2877 825 2942 nymus
916 2854 991 2920 in
1088 2851 1565 2940 quaestionibus
1655 2850 2020 2931 HebraioiS,
2111 2854 2308 2942 hujus
2396 2858 2684 2926 nominis
2708 2846 2984 2979 ἓέζῗθὸ·

584 2963 623 2996 “
640 2955 923 3035 Israel,”
977 2957 1153 3044 quod
1196 2955 1327 3022 fuit
1370 2976 1611 3022 nomen
1654 2954 1866 3022 Jacob
1911 2958 2318 3042 patriarchae,
2358 2960 2685 3050 interpre-
2709 2981 2950 3046 studying

580 3060 921 3135 tationem,
955 3080 1087 3146 qua
1134 3058 1395 3136 dicitur,
1442 3056 1576 3124 Vir
1602 3055 1850 3124 videm
1879 3058 2123 3140 Dewm,
2163 3064 2492 3149 reprobat,
2517 3087 2686 3132 asse-
2709 3047 2944 3100 Heln-ev.

582 3184 733 3228 rens
777 3163 954 3250 quod
998 3161 1139 3247 ejus
1184 3165 1285 3228 est
1328 3161 1788 3247 interpretatio
1834 3163 2112 3249 proprie,
2145 3163 2482 3252 Princeps
2528 3189 2688 3234 owm

582 3265 734 3332 Deo.
832 3266 1033 3332 Multi
1078 3263 1253 3330 enim
1300 3269 1458 3330 ante
1520 3263 1739 3349 ipsum
1786 3285 1922 3328 non
1965 3263 2366 3332 sufficienter
2427 3273 2687 3356 experti

587 3367 949 3435 Hebraeum
994 3367 1091 3433 sie
1148 3365 1572 3454 interpretati
1620 3371 1822 3444 sunt3
1885 3365 2042 3451 quia
2109 3369 2465 3436 seeundum
2510 3373 2688 3457 quod

579 3471 653 3536 in
714 3471 851 3536 tria
900 3469 1222 3536 voeabula
1264 3467 1348 3548 is,
1413 3489 1514 3545 ra,
1576 3465 1639 3534 el
1712 3467 2056 3548 dividitur,
2103 3469 2243 3536 haec
2285 3493 2421 3537 vox
2495 3480 2689 3539 sonat

598 3571 859 3640 Vim-vm
914 3569 1255 3638 videntem
1296 3570 1541 3638 Dewm.
1632 3569 1814 3635 Nam
1871 3569 1938 3635 is
1989 3577 2090 3636 est
2137 3571 2396 3654 “vin''
2467 3596 2570 3652 ra,
2617 3576 2688 3641 id

584 3680 689 3742 est
734 3675 1021 3740 “videns
1044 3673 1117 3754 ;''
1198 3672 1275 3751 el,
1339 3673 1412 3738 id
1470 3677 1573 3739 est
1634 3679 1670 3712 ‘⁶
1689 3672 1929 3738 Deus.”
2003 3673 2095 3738 Et
2139 3673 2288 3740 ideo
2332 3675 2503 3743 sicut
2553 3699 2684 3743 res-

583 3777 843 3866 publica
869 3781 1064 3843 sonat
1106 3776 1283 3843 idem
1325 3775 1731 3862 conjunctim
1775 3780 1845 3842 et
1889 3775 2173 3854 divisim,
2219 3777 2350 3864 ipsi
2400 3781 2684 3846 oestima-

582 3885 823 3948 verunt
866 3880 959 3946 sie
1002 3879 1078 3944 in
1136 3877 1261 3945 hoe
1304 3880 1462 3944 loeo·
1556 3878 1689 3946 Sed
1732 3899 1870 3945 non
1914 3885 2014 3945 est
2057 3881 2130 3945 in
2174 3882 2480 3948 omnibus
2524 3883 2686 3966 hoc;

584 3989 664 4050 ut
706 3981 1059 4050 Dominus
1124 3981 1543 4068 conjunctim,
1606 3987 1674 4047 et
1738 3981 1848 4048 Do
1891 3981 2138 4050 mimus
2199 3984 2483 4066 divisim,
2553 4009 2688 4054 non

584 4086 761 4152 idem
830 4084 1219 4172 significant.
1344 4083 1666 4150 Similiter
1724 4106 1847 4151 neo
1899 4086 1972 4151 in
2037 4084 2324 4154 Hebraeo
2367 4110 2577 4155 unum
2621 4097 2690 4158 et

582 4189 759 4254 idem
803 4187 1136 4274 signifieat
1180 4186 1319 4252 haee
1361 4208 1499 4252 vox
1540 4185 1773 4252 Israel
1827 4188 2251 4273 conjunctim,
2299 4194 2380 4256 ut
2425 4198 2527 4259 est
2571 4215 2690 4260 no-

584 4313 741 4358 men
784 4289 1176 4377 patriarchae
1220 4290 1266 4356 J
1270 4289 1473 4370 acob3
1518 4293 1589 4354 et
1654 4288 1942 4370 divisim,
1990 4293 2350 4358 seeundum
2396 4295 2572 4381 qnod
2615 4297 2691 4362 in

586 4394 721 4460 tria
749 4393 1071 4460 voeabula
1122 4397 1225 4458 est
1268 4391 1575 4456 divisum.
1670 4391 1866 4470 Quod
1914 4399 2204 4478 quatuor
2247 4397 2485 4481 probat
2527 4399 2688 4464 rati-

588 4495 841 4564 onibus.
913 4495 1093 4562 Nam
1125 4500 1271 4562 octo
1316 4499 1475 4560 sunt
1520 4493 1735 4560 literae
1767 4491 2118 4562 Hebraieae
2164 4498 2236 4562 in
2280 4519 2440 4565 voce
2481 4500 2688 4566 trium

588 4598 957 4665 dictionum
1032 4598 1317 4677 illarum,
1396 4601 1467 4664 et
1554 4597 1848 4682 quinque
1921 4602 2192 4664 tantum
2280 4601 2353 4664 in
2428 4604 2692 4669 nomine

584 4702 997 4788 patriarchoe.
1089 4700 1182 4766 Et
1240 4699 1481 4786 aliquoe
1524 4706 1682 4767 sunt
1740 4699 1891 4768 aliae
1935 4705 2006 4766 et
2047 4723 2181 4766 non
2224 4704 2453 4770 eodem
2497 4707 2694 4773 modo

590 4803 929 4872 ordinatae.
1052 4801 1145 4870 Et
1215 4823 1457 4870 nomen
1522 4803 1914 4891 patriarchae
1973 4804 2178 4872 habet
2234 4811 2518 4891 quatuor
2561 4809 2696 4894 syl-

2237 4923 2426 4988 13:22
