3517 5750
630 891 755 980 1v.]
1302 909 1768 961 consumma
1812 909 2064 961 srunn.
2603 896 2728 959 421

626 1111 764 1157 non
826 1091 950 1156 scit
1012 1112 1240 1155 causas
1302 1094 1374 1157 et
1434 1092 1723 1157 rationes
1783 1090 2297 1172 combustionis;
2357 1111 2478 1154 nec
2536 1089 2738 1154 bruta

626 1192 939 1257 animalia
982 1193 1201 1258 sciunt
1244 1214 1471 1259 causas
1514 1216 1784 1259 suorum
1830 1215 2116 1281 operum,
2158 1194 2273 1258 sed
2317 1213 2403 1257 ex
2447 1191 2739 1256 naturali

624 1294 947 1361 instinctu
1022 1301 1421 1382 operantur3
1497 1296 1667 1361 sicut
1740 1297 1882 1382 ipse
1941 1295 2331 1363 Aristoteles
2391 1294 2582 1359 docet
2639 1316 2738 1358 se-

627 1397 841 1462 cundo
887 1394 1353 1482 Physicorum.¹
1450 1397 1621 1463 Cum
1666 1398 1876 1485 igitur
1919 1396 2279 1463 mechanici
2325 1418 2548 1463 omnes
2591 1418 2738 1483 pro-

626 1499 871 1565 cedunt
930 1505 999 1565 et
1042 1500 1489 1586 negotiantur,
1536 1500 1707 1565 sicut
1754 1501 1955 1566 bruta
1998 1506 2070 1565 et
2114 1501 2285 1564 sicut
2347 1499 2733 1577 inanimata,

627 1606 697 1667 et
740 1602 881 1667 sine
911 1624 1254 1667 causarum
1298 1606 1367 1667 et
1413 1602 1747 1667 rationum
1794 1602 2187 1689 cognitione,
2234 1605 2315 1666 ut
2345 1600 2737 1666 Aristoteles

630 1702 809 1779 dicit,
872 1703 1298 1769 manifestum
1356 1707 1476 1783 est,
1540 1705 1717 1789 quod
1774 1704 2038 1790 juristae
2101 1704 2326 1770 civiles
2369 1702 2538 1780 lai'ci,
2586 1725 2733 1768 cum

628 1806 764 1871 sint
808 1806 1170 1871 mechanici
1218 1812 1519 1892 respectu
1560 1805 2185 1894 philosophantium,
2231 1812 2390 1872 sunt
2440 1811 2736 1892 respectu

628 1930 853 1973 eorum
899 1910 1071 1975 sicut
1114 1910 1315 1974 bruta
1358 1908 1689 1990 animalia,
1738 1914 1808 1977 et
1852 1910 2022 1975 sicut
2065 1910 2450 1988 inanimata,
2511 1929 2737 1972 causas

628 2015 701 2077 et
762 2010 1050 2077 rationes
1114 2012 1335 2097 legum
1402 2011 1719 2077 radicales
1772 2012 2169 2098 ignorantes,
2259 2012 2351 2077 Et
2394 2011 2542 2076 ideo
2587 2032 2736 2075 cum

628 2112 845 2179 clerici
890 2112 1103 2180 nostri
1148 2113 1471 2179 inclinant
1516 2135 1584 2179 se
1629 2114 1717 2178 ad
1754 2114 1910 2199 jura
1961 2115 2092 2179 ista
2142 2112 2531 2191 mechanica,
2579 2112 2736 2178 facti

624 2220 787 2281 sunt
834 2216 1019 2281 velut
1079 2216 1280 2281 bruta
1342 2215 1653 2281 animalia
1697 2221 1768 2282 et
1829 2217 2198 2282 inanimata
2261 2219 2587 2301 quantum
2651 2215 2737 2279 ad

628 2322 881 2383 statum
942 2318 1299 2405 sapientiae,
1348 2321 1417 2383 et
1482 2317 1631 2383 ideo
1692 2340 1764 2383 se
1831 2318 2246 2385 confundunt
2313 2316 2462 2404 plus
2537 2339 2736 2401 quam

628 2421 849 2485 valeat
921 2420 1223 2485 enarrari.
1334 2418 1529 2499 Quod
1602 2419 2020 2486 manifestum
2095 2420 2263 2485 foret
2342 2418 2605 2506 juristis
2678 2420 2735 2485 si

627 2521 829 2587 libros
874 2520 1403 2608 philosophorum
1466 2521 1759 2608 legerent
1827 2528 1896 2588 et
1967 2522 2431 2609 intelligerent,
2493 2521 2739 2587 scilicet

630 2623 806 2709 leges
852 2622 1147 2689 Platonis
1193 2628 1261 2687 et
1306 2622 1685 2689 Aristotelis
1731 2629 1804 2690 et
1861 2624 2158 2702 aliorum,
2205 2624 2322 2689 ubi
2383 2622 2737 2689 secundum

629 2730 1029 2812 potestatem
1074 2726 1523 2813 sapientialem
1569 2747 1719 2791 cum
1765 2726 2014 2813 origine
2060 2732 2130 2792 et
2173 2726 2380 2791 causis
2427 2731 2498 2792 ct
2539 2725 2739 2789 ratio-

628 2829 825 2895 nibus
868 2829 1105 2894 volunt
1148 2829 1515 2915 procedere,
1576 2833 1647 2894 et
1704 2850 1842 2897 non
1901 2829 2193 2896 ruditate
2239 2828 2518 2909 bestiali,
2567 2828 2739 2894 sicut

629 2930 703 2996 in
747 2930 1001 3016 legibus
1044 2931 1375 2998 laicorum.
1491 2931 1882 2996 Aristoteles
1927 2932 2100 3000 enim
2147 2931 2222 2996 in
2281 2931 2450 2996 libro
2485 2931 2735 3020 Legum

635 3033 867 3120 incipit
912 3033 1233 3099 resolvere
1276 3033 1442 3099 fines
1486 3032 1877 3120 principales
1906 3035 2124 3120 legum
2170 3038 2240 3099 et
2285 3038 2622 3113 sectarum,
2669 3038 2738 3098 et

628 3135 722 3202 sic
764 3135 1127 3222 investigat
1187 3135 1363 3222 leges
1406 3140 1476 3200 et
1527 3141 1735 3202 sectas
1797 3137 2134 3223 possibiles
2187 3135 2262 3200 in
2305 3137 2426 3202 hoc
2471 3137 2734 3201 mundo,

630 3236 720 3303 Et
766 3238 955 3304 docet
998 3235 1175 3322 quod
1202 3259 1337 3303 non
1383 3243 1662 3323 possunt
1694 3259 1832 3304 esse
1878 3239 2008 3304 nisi
2036 3259 2156 3304 sex
2192 3247 2382 3306 sectae
2413 3239 2737 3325 simplices

630 3340 717 3405 ad
762 3339 926 3426 plus,
974 3338 1133 3424 quia
1174 3339 1339 3404 fines
1383 3342 1541 3404 sunt
1584 3343 1710 3406 tot.
1807 3339 2180 3406 Secundum
2225 3341 2402 3405 enim
2464 3339 2736 3404 diversi-

628 3447 840 3508 tatem
883 3441 1118 3506 finium
1164 3446 1427 3527 oportet
1472 3440 1651 3526 quod
1703 3441 1795 3506 sit
1840 3442 2187 3508 diversitas
2231 3442 2469 3528 legum.
2560 3441 2736 3506 Nam

626 3549 749 3608 aut
820 3542 1069 3608 bonum
1145 3542 1389 3608 futurae
1464 3543 1800 3608 felicitatis
1868 3549 1969 3610 est
2043 3543 2212 3622 finis,
2291 3549 2371 3609 ut
2445 3543 2519 3609 in
2591 3543 2735 3630 lege

634 3645 1009 3712 Christiana
1051 3649 1279 3732 patet;
1340 3650 1411 3710 et
1455 3645 1759 3711 similiter
1803 3645 1876 3710 in
1920 3645 2062 3731 lege
2108 3646 2284 3712 civili
2338 3645 2734 3723 Aristotelia

632 3753 703 3814 et
746 3746 1028 3812 aliorum
1086 3751 1261 3811 recte
1306 3746 1927 3834 philosophantium,
1982 3748 2137 3814 licet
2182 3769 2315 3814 non
2374 3769 2454 3813 ea
2497 3749 2738 3835 perfec-

634 3850 833 3930 tione,
909 3871 1029 3914 nec
1103 3871 1181 3914 ea
1246 3848 1574 3936 dignitate
1647 3851 1957 3937 procedat
2014 3849 2126 3916 lex
2187 3850 2737 3938 philosophorum,

630 3954 802 4018 sicut
843 3953 955 4018 lex
986 3951 1407 4032 Christiana3
1468 3957 1587 4020 aut
1646 3954 1800 4018 finis
1845 3958 2013 4020 esset
2056 3954 2304 4019 bonum
2363 3953 2740 4042 temporale.

636 4056 729 4122 Et
792 4056 913 4122 hoc
956 4055 1302 4134 variatur3
1348 4055 1507 4140 quia
1550 4062 1671 4121 aut
1732 4056 1863 4122 erit
1908 4056 2230 4143 voluptaS,
2279 4063 2397 4122 aut
2459 4057 2734 4136 divitiae,

630 4163 754 4224 aut
828 4157 1208 4237 dominium,
1279 4163 1399 4224 aut
1486 4159 1790 4243 potentia
1864 4160 2187 4245 regnandi
2277 4160 2581 4225 omnibus
2671 4164 2741 4226 et

634 4260 863 4326 multis
920 4259 1311 4347 regionibuS,
1358 4265 1479 4324 aut
1540 4260 1879 4326 curiositas
1937 4261 2146 4328 famae.
2239 4261 2332 4328 Et
2383 4261 2740 4330 secundum

634 4363 759 4430 hoc
801 4363 977 4449 leges
1028 4363 1373 4427 hominum
1421 4361 1854 4427 diversantur.

726 4467 819 4532 Et
871 4465 1243 4552 hujusmodi
1303 4465 1479 4552 leges
1535 4465 2027 4552 investigantur
2085 4487 2202 4553 per
2253 4465 2742 4552 conjunctiones

1414 4791 1429 4820 ¹
1458 4788 1792 4858 Thy-vicorum]
1822 4788 1872 4840 ii.
1899 4795 1944 4840 8.
