3517 5750
841 858 973 925 268
1584 868 1844 920 noem
1889 866 2180 919 mooms
2769 850 2944 939 [cn.

838 1033 1017 1099 enim
1090 1038 1193 1100 est
1264 1052 1419 1120 pars
1492 1016 1855 1099 necessaria
1927 1031 2214 1112 musicae,
2277 1030 2450 1097 sicut
2524 1030 2943 1118 Augustinus

839 1136 1027 1201 docet
1070 1135 1357 1201 secundo
1388 1132 1698 1213 Musieae,¹
1729 1136 1952 1200 dieens
1997 1132 2214 1221 quod²
2244 1135 2511 1221 plausus
2545 1134 2945 1199 necessarius

840 1241 959 1317 est,
1006 1238 1163 1324 quia
1205 1260 1341 1303 non
1385 1236 1597 1303 solum
1658 1242 1761 1303 est
1821 1236 2173 1302 delectatio
2235 1236 2502 1301 auditus
2563 1232 2944 1317 necessaria,

841 1339 957 1406 sed
1002 1340 1201 1405 visus.
1293 1339 1427 1406 Sed
1484 1339 1826 1425 Scriptura
1892 1339 2088 1425 plena
2131 1342 2234 1403 est
2277 1339 2396 1416 his,
2443 1360 2600 1403 nam
2645 1338 2948 1427 praecipit

840 1442 1147 1507 omnibus
1176 1442 1519 1529 gentibus:
1548 1439 1575 1477 ³
1623 1448 1659 1477 “
1678 1440 1987 1507 Plaudite
2017 1441 2345 1519 manibus,
2369 1445 2441 1507 et
2471 1441 2773 1506 exultate
2803 1440 2945 1507 Deo

841 1550 876 1579 “
921 1542 1211 1629 adjutori
1253 1542 1531 1609 vestr0.”
1578 1543 1669 1609 Et
1716 1550 1752 1576 “
1777 1542 2074 1608 Laudato
2127 1542 2348 1607 Deum
2391 1542 2464 1606 in
2507 1545 2829 1628 tympano
2877 1548 2948 1609 et

840 1652 879 1681 “
922 1644 1175 1711 choro.”
1260 1644 1369 1711 Ibi
1428 1650 1531 1711 est
1574 1645 1812 1709 chorus
1879 1665 1998 1731 pro
2063 1643 2316 1724 chorea,
2383 1644 2745 1709 secundum
2809 1644 2948 1709 He-

686 1802 699 1813 .
837 1748 1105 1815 braeum.
1120 1745 1145 1783 ⁴
1236 1746 1331 1813 Et
1372 1746 1656 1813 secundo
1690 1746 1967 1833 Regum,
1997 1750 2208 1825 sext0‚
2241 1745 2496 1812 inducit
2525 1745 2751 1811 David
2793 1746 2945 1811 sub-

838 1848 1167 1915 silientem
1228 1853 1300 1914 et
1343 1848 1696 1914 saltantem
1752 1868 1972 1915 eoram
2037 1847 2214 1913 Area
2276 1846 2566 1912 Domini.
2703 1848 2796 1913 Et
2853 1848 2950 1913 sic

844 1950 1071 2029 Maria,
1117 1972 1299 2017 soror
1374 1950 1615 2036 Moysi,
1662 1972 1814 2017 cum
1889 1951 2146 2017 eaeteris
2219 1949 2610 2015 mulieribus
2681 1949 2948 2015 choreas

838 2054 1179 2119 duxerunt
1207 2078 1223 2134 ;
1270 2058 1339 2119 et
1374 2053 1467 2119 sic
1508 2074 1627 2139 per
1668 2053 1815 2119 loca
1859 2047 2224 2139 Scripturae
2255 2050 2766 2117 innumerabilia
2791 2058 2949 2118 sunt

838 2155 1157 2221 vocabula
1214 2155 1411 2221 istius
1472 2155 1685 2241 partis
1748 2154 2016 2221 musieae
2069 2175 2341 2239 sparsa3
2409 2156 2488 2218 ut
2531 2154 2736 2219 etiam
2795 2154 2947 2220 bea-

837 2258 1093 2323 tissima
1136 2257 1343 2345 Virgo
1388 2257 1606 2323 dicat:
1682 2263 1716 2292 “
1740 2256 2100 2342 Exultavit
2143 2256 2416 2343 spiritus
2458 2276 2643 2321 meus
2687 2255 2760 2320 in
2804 2256 2949 2323 Deo

840 2370 878 2397 “
922 2359 1201 2425 salutari
1230 2380 1375 2425 meo
1401 2358 1457 2439 ;'’
1521 2380 1642 2425 nos
1684 2380 1804 2446 per
1846 2360 1969 2425 hoc
2013 2358 2253 2425 doeens
2299 2358 2478 2444 quod
2521 2357 2664 2424 haec
2709 2360 2948 2440 omnia,

838 2484 987 2549 quae
1050 2462 1227 2549 Lege
1268 2462 1493 2528 Veteri
1556 2461 1735 2527 facta
1778 2465 1938 2527 sunt
1982 2461 2069 2526 ad
2115 2460 2396 2539 literam,
2441 2460 2761 2526 faciamus
2817 2462 2949 2548 spi-

838 2564 1214 2644 ritualiter-3
1274 2568 1343 2629 et
1394 2564 1755 2629 secundum
1799 2562 2064 2628 literam
2107 2566 2178 2629 et
2221 2562 2582 2627 secundum
2639 2562 2950 2650 spiritum

838 2686 1245 2752 exponamus
1290 2669 1557 2730 textum
1603 2664 1734 2729 Dei
1779 2662 2160 2750 hujusmodi
2211 2664 2676 2731 continentem.
2773 2665 2949 2746 Qua-

838 2773 1109 2854 propter
1172 2772 1434 2854 oportet
1492 2788 1615 2833 nos
1659 2767 1824 2833 scire
1868 2766 2304 2855 proprietates
2365 2766 2642 2833 istorum
2687 2772 2756 2833 et
2799 2790 2950 2833 con-

846 2868 1148 2947 ditiones,
1224 2872 1305 2934 ut
1376 2890 1639 2934 sensum
1684 2869 2010 2936 literalem
2069 2891 2494 2956 exponamuS‚
2557 2872 2628 2936 et
2684 2870 2948 2957 spiritu-

848 2971 1018 3036 alem
1078 2971 1521 3036 extrahamus.
1660 2971 1796 3037 Sed
1870 2972 2107 3037 horum
2151 2971 2398 3037 notitia
2450 2977 2552 3038 est
2617 2993 2700 3038 ex
2761 2978 2954 3059 parte

848 3072 1135 3158 musicae,
1154 3072 1237 3137 de
1282 3072 1533 3138 visibili
1567 3073 1994 3160 jucunditate
2039 3073 2443 3154 constitutam
2505 3078 2576 3140 et
2619 3073 2770 3140 ideo
2813 3075 2956 3142 haee

846 3197 1015 3263 pars,
1062 3175 1235 3242 sicut
1278 3180 1549 3253 eaeterae,
1596 3175 1960 3242 necessaria
2003 3180 2104 3241 est
2145 3174 2278 3263 legi
2323 3175 2590 3243 divinae.

1679 3508 1838 3575 cu».
1887 3507 2093 3574 LXV.

510 3693 567 3745 A
588 3695 793 3748 derenoe
938 3689 1277 3755 POSTHAEC
1320 3689 1677 3755 videbatur
1721 3688 1887 3753 mihi
1940 3692 2380 3775 opportunum
2441 3687 2724 3756 inserere
2783 3690 2952 3776 capi-

511 3761 776 3883 ‹guwe-
846 3791 1065 3856 tulum
1144 3791 1226 3855 de
1309 3791 1735 3856 excusatione
1825 3789 2327 3868 mathematicae,
2401 3796 2482 3857 ut
2569 3813 2954 3858 evacuarem

846 3891 1193 3956 mendacia
1238 3913 1387 3978 quae
1432 3893 1493 3958 ei
1537 3891 1932 3958 inferuntur.
2021 3891 2088 3958 N
2091 3913 2200 3957 am
2245 3893 2440 3958 aliter
2483 3893 2626 3978 ejus
2654 3893 2818 3974 laus,
2871 3893 2953 3958 de

846 4014 980 4078 qua
1021 3992 1280 4058 loeutus
1324 4015 1473 4058 sum
1489 3991 1518 4031 ⁶
1564 4015 1778 4080 super,
1810 3994 2284 4082 denigrabitur,
2333 4001 2402 4060 et
2443 3995 2518 4060 in
2559 3995 2772 4082 gloria
2815 3995 2955 4082 ejus

844 4093 1103 4159 macula
1144 4097 1439 4181 ponetur.
1534 4095 1858 4162 Homines
1917 4096 2094 4162 enim
2161 4093 2451 4184 semper⁶
2515 4102 2677 4162 sunt
2736 4097 2954 4184 parati

842 4195 1193 4284 reprobare
1237 4197 1417 4282 quod
1474 4199 1798 4279 nesciunt,
1875 4204 1944 4264 et
2021 4221 2172 4285 quae
2236 4220 2372 4264 non
2437 4204 2597 4264 sunt
2658 4199 2950 4286 vulgata,

910 4499 923 4530 ¹
948 4497 1153 4550 secundo
1174 4495 1414 4566 Musicen]
1441 4515 1549 4565 cap.
1574 4499 1644 4550 xi.
2013 4501 2031 4530 ⁴
2054 4499 2342 4568 Heln-erum]
2381 4501 2641 4563 Hebraeos,
2665 4502 2726 4552 Τ.

907 4581 928 4610 ²
948 4578 1099 4645 quod]
1138 4579 1273 4644 quia,
1297 4579 1361 4630 Τ.
2015 4582 2036 4611 ⁸
2055 4579 2239 4631 Iocutus
2269 4581 2399 4647 sum]
2439 4595 2551 4631 sum
2595 4583 2805 4642 loeutus,
2841 4581 2904 4633 Τ.

840 4735 887 4786 Β
905 4658 927 4687 ³
946 4657 1160 4709 omnibus
1180 4656 1427 4726 qemibus]
1465 4673 1639 4710 omnes
1655 4667 1846 4754 gentes,
2015 4659 2036 4689 ⁸
2057 4659 2268 4726 semper]
2295 4675 2397 4711 om.
2420 4659 2482 4711 Τ.
