3517 5750
505 1264 702 1320 Motion
722 1269 777 1321 in

501 1352 717 1388 vacuum

504 1405 745 1455 instanta-

504 1486 673 1533 neous,
696 1488 778 1523 ac-

505 1540 719 1606 cording
739 1548 793 1593 to

506 1620 656 1659 Some·

842 850 967 911 150
1574 860 1831 911 nocam
1877 860 2168 911 BAcoms
2761 844 2880 931 [cA

841 1042 877 1068 “
924 1041 1231 1121 tempore,
1295 1037 1469 1121 quod
1532 1043 1633 1103 est
1691 1036 2003 1104 instans.”
2099 1036 2265 1102 Haec
2324 1042 2424 1101 est
2469 1036 2945 1101 demonstratio

840 1136 1233 1203 Aristotelis.

933 1239 1107 1304 Item
1166 1246 1457 1327 arguunt
1516 1242 1691 1329 quod
1749 1248 1969 1309 motus
2029 1246 2336 1309 causatur
2394 1263 2510 1330 per
2567 1241 2706 1322 hoc,
2771 1239 2951 1325 quod

841 1340 1129 1406 medium
1190 1342 1263 1407 in
1315 1350 1501 1429 parte
1552 1344 1822 1423 resistit,
1877 1350 1948 1411 et
2001 1345 2072 1410 in
2125 1348 2310 1432 parte
2357 1344 2546 1409 cedit.
2641 1344 2714 1409 Si
2771 1343 2948 1407 enim

843 1445 1055 1509 omnis
1113 1444 1447 1511 resisteret
1491 1468 1627 1512 non
1686 1452 1858 1513 esset
1905 1451 2124 1514 motus
2157 1472 2175 1527 3
2237 1446 2294 1511 si
2337 1445 2524 1511 nulla
2575 1445 2952 1511 resistentia

842 1550 1012 1612 esset
1056 1552 1219 1612 tunc
1262 1551 1447 1613 motu
1496 1572 1627 1614 non
1676 1550 2022 1637 indigeret,
2069 1572 2189 1615 nec
2233 1554 2527 1635 tempore
2557 1571 2595 1641 3.
2634 1548 2808 1633 quia,
2854 1570 2950 1613 se-

842 1648 1127 1714 cundum
1190 1672 1273 1735 qu
1281 1650 1366 1715 od
1424 1650 1571 1738 plus
1625 1650 1733 1716 vel
1793 1654 2010 1718 minus
2069 1650 2323 1718 resistit
2381 1650 2694 1731 medium,
2755 1650 2950 1715 citius

840 1753 949 1817 vel
1000 1752 1257 1818 tardius
1317 1759 1623 1819 movetur
1674 1776 1908 1843 corpus
1967 1754 2040 1820 in
2085 1774 2180 1835 ec,
2231 1757 2314 1819 ut
2364 1754 2680 1819 videmus.
2773 1752 2949 1833 Qua-

839 1858 1109 1941 propter
1155 1877 1303 1920 cum
1364 1854 1439 1921 in
1498 1878 1708 1923 vacuo
1755 1856 1941 1922 nulla
2000 1856 2378 1923 resistentia
2435 1861 2554 1935 est,
2616 1856 2772 1941 quia
2829 1876 2948 1921 nec

840 1957 1036 2023 molle
1091 1956 1241 2025 nec¹
1292 1958 1553 2041 durum,
1598 1981 1732 2026 non
1779 1960 1956 2025 enim
2001 1960 2204 2025 habet
2249 1958 2538 2045 aliquam
2581 1958 2948 2045 passionem

840 2060 1231 2141 naturalem,
1277 2060 1500 2127 subito
1576 2067 1645 2128 et
1704 2062 1778 2127 in
1837 2060 2122 2127 instanti
2181 2063 2369 2127 fieret
2426 2060 2664 2126 mobile
2725 2061 2798 2125 in
2873 2080 2948 2125 eo

839 2186 881 2227 a
938 2164 1097 2229 coelo
1156 2164 1229 2229 in
1272 2169 1531 2231 terram.
1643 2164 1778 2230 Sed
1836 2164 1940 2229 hae
2000 2162 2336 2243 rationes?
2393 2184 2528 2228 non
2587 2162 2950 2249 procedunt

837 2266 965 2331 nisi
1026 2266 1109 2331 de
1168 2271 1356 2333 motu
1414 2266 1721 2348 naturali,
1771 2272 1841 2333 et
1901 2288 2036 2333 non
2096 2268 2178 2334 de
2235 2271 2423 2333 motu
2473 2268 2546 2331 in
2603 2266 2948 2331 communi.

840 2367 1299 2457 Intelligamus
1360 2370 1567 2458 igitur
1624 2374 1882 2435 motum
1957 2375 2114 2435 ante
2165 2370 2633 2457 proprietatem
2687 2374 2951 2433 natura-

838 2470 986 2550 lem,
1042 2475 1110 2536 et
1178 2493 1409 2559 corpus
1466 2472 1541 2538 in
1604 2473 1939 2538 communi
2015 2476 2370 2558 antequam
2427 2472 2549 2536 fiat
2607 2470 2949 2551 naturale3

840 2579 911 2639 et
961 2594 1095 2638 non
1145 2575 1623 2641 consideremus
1674 2576 2110 2663 proprietates
2163 2574 2497 2641 naturales
2547 2572 2770 2661 pleni3
2831 2572 2950 2639 sci-

842 2674 995 2741 licet
1042 2675 1439 2743 densitatem
1500 2683 1570 2744 et
1616 2680 1978 2757 raritatem,
2027 2678 2384 2745 secundum
2445 2698 2608 2764 quas
2655 2677 2953 2741 variatur

842 2782 1063 2843 motus
1140 2780 1463 2845 naturalis
1487 2805 1502 2859 ;
1522 2780 1549 2817 ³
1630 2780 1745 2847 sed
1805 2781 2284 2847 consideremus
2341 2784 2609 2845 tantum
2685 2778 2952 2865 quanti-

842 2886 1052 2948 tatem
1128 2883 1347 2969 spatii,
1411 2883 1808 2950 abstractam
1869 2907 1912 2950 a
1970 2884 2457 2951 conditionibus
2515 2881 2947 2962 naturalibus,

506 2990 616 3043 The
636 2991 819 3060 failaey
843 2987 925 3050 ut
952 2984 1456 3051 mathematicus
1501 2987 1872 3053 considerat
1903 3010 2046 3053 eam
2074 3012 2091 3069 ;
2139 2992 2302 3054 tunc
2345 2987 2583 3051 falsum
2627 2990 2728 3052 est
2774 2983 2950 3072 quod

506 3059 566 3110 of
578 3061 710 3112 their

502 3129 785 3197 reasoning.
846 3086 1111 3170 dicitur,
1176 3089 1369 3154 vacui
1442 3089 1547 3154 ad‘
1602 3091 1870 3178 plenum
1944 3113 2080 3156 non
2157 3094 2260 3156 est
2333 3089 2685 3178 proportio,
2778 3086 2952 3167 Quia

842 3191 1112 3280 plenum
1158 3189 1269 3258 hic
1313 3191 1631 3279 accipitur
1676 3197 1834 3258 ante
1877 3193 2348 3281 proprietatem
2399 3190 2783 3257 naturalem.
2857 3188 2950 3254 Et

843 3300 1019 3362 certe
1068 3293 1225 3360 licet
1275 3315 1559 3361 vacuum
1620 3299 1693 3361 et
1748 3296 2018 3384 plenum
2071 3295 2144 3360 in
2203 3293 2496 3360 naturali
2546 3293 2950 3382 proprietate

841 3421 978 3466 non
1037 3399 1538 3479 communicant,
1602 3403 1829 3466 tamen
1889 3399 2378 3466 communicant
2436 3397 2509 3462 in
2569 3394 2950 3484 quantitate

842 3502 1057 3590 spatii.
1150 3499 1328 3568 Nam
1375 3507 1595 3590 potest
1638 3507 1998 3589 utrumque
2053 3501 2340 3589 spatium
2386 3499 2707 3588 distingui
2753 3519 2950 3586 penes

841 3606 1073 3684 stadia,
1136 3611 1205 3671 et
1264 3605 1592 3684 milliaria,
1654 3610 1725 3671 et
1787 3611 2053 3672 caeteras
2113 3625 2450 3670 mensuras
2509 3603 2948 3690 geometricas.

844 3707 936 3772 Et
982 3708 1077 3772 sic
1127 3709 1373 3794 poterit
1423 3712 1643 3772 motus
1689 3707 1764 3771 in
1808 3730 2015 3774 vacuo
2065 3708 2210 3774 fieri
2255 3707 2328 3770 in
2376 3705 2594 3792 aliquo
2639 3709 2948 3791 tempore,

843 3809 1018 3896 quod
1064 3807 1307 3876 habeat
1354 3809 1846 3897 proportionem
1895 3811 1982 3876 ad
2035 3815 2294 3898 tempus
2345 3812 2563 3875 motus
2621 3808 2693 3872 in
2739 3807 2948 3894 plene.

842 3911 935 3976 Et
989 3915 1259 4000 propter
1296 3911 1439 3991 hoc,
1471 3913 1575 3978 hae
1624 3913 1929 3991 rationes,
1963 3918 2033 3980 et
2081 3910 2461 4000 hujusmodi
2509 3910 2740 3976 multae
2787 3931 2951 3996 quas

842 4012 1233 4080 Aristoteles
1278 4014 1458 4096 facit,
1520 4037 1655 4081 non
1715 4021 1873 4082 sunt
1923 4017 2054 4082 nisi
2116 4015 2292 4103 quod
2351 4020 2570 4081 motus
2628 4013 2951 4079 naturalis

839 4139 975 4182 non
1020 4121 1241 4204 potest
1284 4117 1422 4183 fieri
1472 4117 1546 4182 in
1590 4119 1807 4205 spatio
1837 4141 2060 4188 vacuo.
2153 4119 2245 4184 Et
2283 4117 2427 4184 ideo
2467 4117 2582 4182 alii
2611 4116 2948 4184 aestimant

841 4218 1018 4307 quod
1064 4224 1283 4286 motus
1329 4219 1497 4286 bene
1545 4225 1763 4310 potest
1823 4244 1958 4289 esse
2011 4221 2083 4285 in
2130 4243 2354 4300 vacu0,
2412 4218 2766 4286 dummodo
2815 4239 2947 4284 non

836 4321 1251 4412 intelligatur
1278 4327 1498 4390 motus
1528 4345 1677 4390 cum
1705 4323 1998 4390 naturali
2028 4325 2445 4414 proprietate.
2535 4323 2628 4387 Et
2656 4325 2947 4410 arguunt

906 4707 918 4738 ¹
946 4707 1057 4776 uec]
1097 4725 1194 4760 om.
1232 4707 1293 4760 T.
1994 4707 2012 4740 ³
2035 4715 2183 4760 motus
2299 4704 2565 4773 naturalis]
2703 4703 2946 4758 naturalis

904 4789 923 4817 ²
944 4788 1017 4840 lm.
1038 4789 1277 4854 rationes]
1316 4787 1533 4841 rationes
1568 4789 1664 4853 hae,
1690 4787 1751 4840 T.
1911 4797 2094 4852 motus,
2131 4789 2193 4840 T.
