3517 5750
1399 894 1574 945 orus
1617 894 1856 945 mnus.
2552 883 2682 949 339

656 1068 825 1135 Dico
884 1068 1063 1155 quod
1120 1069 1258 1135 sola
1300 1070 1503 1135 editio
1558 1068 1860 1155 Vulgata,
1906 1090 2054 1154 quae
2098 1072 2198 1133 est
2243 1066 2685 1154 Septuaginta
2708 1077 2930 1131 Variana

564 1170 1021 1257 interpretum,
1080 1170 1212 1237 fuit
1286 1170 1568 1237 ecclesiis
1628 1176 1784 1237 ante
1859 1171 2220 1237 editionem
2281 1168 2679 1256 Hieronymi
2703 1146 3006 1284 {lffis‘ffipfff

566 1272 1047 1339 communicata
1107 1278 1427 1359 tanquam
1502 1294 1621 1361 pro
1697 1273 2100 1353 authentica,
2162 1272 2312 1339 aliae
2370 1272 2680 1360 legeban-
2702 1286 2851 1331 tmen.

566 1379 680 1439 tur
736 1398 779 1440 a
820 1364 983 1447 viris
1042 1375 1503 1455 ecclesiasticis,
1564 1380 1645 1440 ut
1680 1398 1766 1441 ex
1809 1397 2034 1443 earum
2078 1374 2426 1441 collatione
2469 1376 2680 1463 magis

561 1482 823 1563 pateret
882 1478 1231 1543 tra‘nslatio
1290 1476 1747 1563 Septuaginta,
1817 1483 1887 1544 et
1945 1483 2214 1565 propter
2278 1478 2486 1543 studii
2547 1479 2680 1565 ple-

563 1580 717 1644 nius
761 1580 1167 1658 exercitium,
1198 1579 1368 1646 01001,
1409 1580 1561 1647 vult
1603 1580 2071 1666 Hieronymus.
2161 1580 2458 1668 Excepto
2504 1580 2680 1665 quod

564 1681 1031 1748 Theodotionis
1102 1682 1451 1748 translatio
1534 1682 1609 1747 in
1683 1682 1962 1749 Daniele
2035 1682 2449 1769 vulgabatur.
2587 1683 2681 1747 Et

564 1788 833 1870 propter
883 1786 1007 1851 hoc
1056 1785 1241 1850 nulla
1292 1784 1569 1851 aliarum
1629 1807 1671 1851 a
1732 1784 2162 1851 translatione
2215 1784 2674 1872 Septuaginta,

564 1892 803 1973 praeter
843 1888 1088 1953 librum
1118 1886 1432 1967 Danielis,
1480 1908 1565 1952 ex
1611 1887 1840 1954 Graeeo
1881 1887 2015 1953 fuit
2057 1887 2130 1953 in
2176 1887 2490 1954 Latinum
2535 1910 2679 1952 mu-

563 1992 724 2055 tata.
847 1990 1018 2056 Oum
1091 1990 1301 2077 igitur
1372 1990 1493 2055 illa
1564 2012 1701 2055 non
1777 1995 1879 2057 est
1937 1990 2011 2055 in
2082 2012 2208 2055 usu
2268 1990 2675 2068 Latinorum,

562 2112 683 2157 1100
754 2092 1228 2179 theologorum,
1301 2097 1383 2159 ut
1472 2114 1695 2159 omnes
1769 2092 1988 2158 sciunt
2075 2093 2192 2178 qui
2277 2092 2677 2180 theologiam

564 2200 909 2273 noverunt,
940 2194 1365 2261 manifestum
1412 2198 1513 2261 est
1549 2194 1948 2281 Hieronymi
1991 2193 2491 2261 translationem
2538 2216 2676 2261 esse

561 2295 742 2361 illam
794 2318 993 2383 quam
1053 2297 1321 2365 ecclesia
1386 2296 1623 2384 recipit
1678 2297 1786 2363 his
1859 2296 2282 2384 temporibus.
2404 2298 2498 2363 Et
2554 2298 2676 2365 1100

566 2408 667 2465 001,
724 2399 1077 2465 intentum.

658 2500 791 2567 Sed
850 2524 999 2567 cum
1060 2502 1275 2567 omnis
1336 2502 1585 2569 veritas
1644 2501 2044 2569 calumniam
2105 2502 2356 2589 recipit,
2420 2507 2490 2569 et
2549 2502 2673 2569 hoc

564 2608 666 2669 est
724 2604 1182 2690 multipliciter
1223 2610 1495 2692 propter
1550 2606 1998 2692 ignorantiam
2051 2604 2160 2670 vel
2217 2605 2670 2691 praesumptio-

564 2726 719 2771 nem
779 2710 849 2771 et
908 2706 1200 2792 aliquam
1258 2708 1581 2773 malitiam
1634 2707 1998 2785 hominum,
2053 2711 2313 2795 oportet
2370 2708 2674 2773 evacuari

567 2830 715 2895 quae
783 2815 1059 2896 possunt
1126 2809 1436 2875 somniari
1498 2810 1573 2873 in
1637 2810 2054 2876 contrarium.
2171 2810 2422 2878 Dicunt
2465 2810 2674 2897 igitur

567 2917 863 2978 auctores
944 2934 987 2977 a
1064 2912 1347 2998 triginta
1426 2913 1621 2978 annis
1708 2913 1852 2979 ficti
1936 2914 2114 2999 quod
2173 2913 2410 2999 quinta
2469 2913 2672 2978 editio

566 3019 682 3092 est,
730 3036 877 3100 quae
938 3014 1233 3102 Vulgata
1290 3014 1686 3080 nominatur.
1781 3015 1984 3080 Unde
2039 3015 2240 3102 Hugo
2312 3016 2384 3080 in
2438 3013 2674 3080 Didas-

565 3116 793 3182 calica¹
830 3117 995 3182 dicit
1023 3116 1199 3202 quod
1231 3117 1467 3202 quinta
1504 3117 1886 3182 nominatur
1919 3118 2226 3204 Vulgata,
2259 3122 2329 3184 et
2359 3118 2674 3204 Magister

566 3218 1017 3284 Historiarum
1094 3219 1256 3284 dicit
1318 3219 1493 3304 quod
1555 3219 1834 3285 historia
1847 3219 1874 3256 ²
1920 3219 2214 3305 Vulgata
2271 3220 2668 3298 nominatur,

565 3321 723 3406 quia
780 3323 921 3407 ejus
982 3327 1211 3387 auctor
1274 3321 1631 3407 ignoratur.
1750 3321 1844 3386 Et
1903 3327 2170 3408 propter
2228 3321 2350 3386 hoc
2409 3321 2673 3406 fingunt

564 3423 759 3488 multi
838 3424 997 3488 novi
1082 3445 1297 3488 errore
1376 3423 1647 3509 decepti,
1742 3423 1922 3509 quod
1995 3423 2136 3488 haec
2225 3422 2433 3488 editio
2523 3443 2670 3506 quae

564 3527 771 3590 currit
817 3526 921 3590 his
971 3524 1377 3611 temporibus
1426 3530 1525 3590 est
1580 3525 1889 3610 Vulgata,
1947 3525 2195 3590 scilicet
2243 3523 2478 3609 quinta
2522 3545 2669 3608 quae

562 3627 871 3693 successit
943 3627 1358 3692 translationi
1436 3627 1892 3713 Septuaginta,
1967 3631 2236 3713 propter
2296 3625 2418 3691 hoc
2493 3626 2670 3711 quod

562 3729 705 3796 haec
735 3751 933 3816 quam
964 3751 1143 3794 nunc
1160 3728 1187 3766 ³
1214 3728 1533 3794 habemus
1572 3751 1705 3794 non
1736 3735 1838 3794 est
1871 3727 2282 3814 Hieronymi,
2315 3733 2394 3793 ut
2425 3727 2667 3793 dieunt.

565 3831 697 3896 Sed
744 3832 927 3909 istud
986 3833 1201 3918 primo
1261 3836 1449 3919 patet
1508 3853 1645 3896 esse
1717 3831 1958 3896 falsum
2032 3853 2150 3918 per
2207 3831 2670 3896 auctoritatem

562 3932 803 4000 Isidori
862 3939 933 3999 et
991 3933 1391 4018 exemplaria
1462 3935 1741 4020 antiqua
1801 3934 1882 3999 de
1942 3934 2180 4019 quibus
2241 3933 2502 3999 locutus
2559 3932 2670 4000 fui.

562 4034 655 4100 Et
712 4041 1031 4121 praeterea
1088 4036 1383 4123 proprias
1438 4035 1644 4102 habet
1714 4036 2134 4102 conditiones,
2275 4035 2443 4102 Cum
2519 4057 2673 4122 ergo

565 4137 797 4203 dicunt
854 4161 973 4225 pro
1032 4137 1287 4204 ratione
1349 4137 1453 4202 sui
1500 4139 1751 4218 erroris,
1807 4139 1981 4224 quod
2035 4139 2272 4224 quinta
2320 4139 2524 4204 editio
2573 4139 2673 4203 di-

561 4239 737 4306 citur
795 4239 1103 4327 Vulgata,
1152 4241 1309 4326 quia
1368 4240 1509 4325 ejus
1584 4245 1814 4306 auctor
1873 4241 2254 4326 ignoratur3
2315 4263 2468 4327 ergo
2529 4241 2672 4326 pari

562 4342 816 4408 ratione
887 4349 1168 4429 utraque
1225 4343 1490 4406 illarum
1552 4341 1845 4428 Vulgata
1903 4343 2161 4424 dicitur,
2212 4344 2387 4427 quod
2432 4341 2671 4406 falsum

633 4683 648 4714 ¹
672 4681 1029 4751 Didascalico]
1066 4692 1125 4736 ut
1146 4699 1309 4750 supra.
1742 4683 1763 4715 ⁸
1782 4679 1933 4748 nunc]
1973 4679 2159 4748 Hody;
2193 4695 2291 4734 om.
2315 4680 2428 4734 ΜΒ.

632 4767 653 4795 ··’
672 4763 903 4831 historia]
941 4765 1069 4832 lege,
1092 4764 1365 4828 translatio,
1390 4762 1557 4831 Hody.

2271 4875 2410 4940 Y2
