3517 5750
1328 918 1684 973 Arrsumx
1732 919 1805 968 11.
2490 903 2619 968 555

508 1101 618 1167 Ad
663 1120 774 1166 eas
817 1095 1132 1164 continuo
1176 1093 1419 1182 species
1485 1093 1746 1174 transit,
1794 1113 1943 1180 quae
2002 1090 2249 1179 partim
2290 1096 2613 1178 apertum,

507 1202 750 1290 partim
792 1197 1070 1269 tacitum
1114 1217 1266 1264 cum
1309 1196 1604 1264 daemone
1660 1195 1878 1262 foedus
1950 1193 2321 1262 involvunt.
2412 1198 2451 1230 “
2476 1191 2619 1262 Nu-

513 1311 550 1342 “
593 1299 992 1382 merantur?
1037 1298 1276 1384 inquit,
1311 1306 1346 1334 “
1365 1297 1656 1384 quinque
1696 1297 1941 1384 species
1984 1297 2149 1364 artis
2192 1296 2485 1382 magicae,
2532 1317 2615 1364 sc.

512 1413 548 1441 “
591 1404 891 1481 mantice,
969 1400 1453 1482 mathematica,
1529 1399 1941 1478 maleficium,
2033 1399 2460 1486 praestigium,
2552 1403 2621 1466 et

512 1512 550 1542 “
595 1502 1064 1591 sortilegium.”
1173 1500 2003 1570 Pseudo-mathematicam
2078 1521 2235 1566 vero
2310 1498 2622 1566 describit

510 1608 621 1686 sic,
689 1612 771 1674 ut
829 1604 1316 1692 superstitionis
1359 1603 1622 1691 plenam
1669 1625 1807 1670 esse
1868 1602 2088 1669 dicat:
2184 1609 2221 1640 “
2252 1603 2619 1669 Mathema-

515 1717 550 1746 “
594 1707 790 1786 tica?
835 1709 933 1776 ait
977 1727 1124 1794 pag.
1180 1709 1326 1785 113,
1380 1710 1536 1772 “est
1579 1704 1868 1772 secunda
1911 1726 2063 1792 pars
2121 1705 2287 1772 artis
2332 1703 2619 1790 magieae.

519 1818 554 1848 “
596 1810 762 1878 Haec
805 1808 932 1876 sibi
977 1813 1252 1894 usurpat
1296 1807 1881 1874 considerationem
1956 1806 2320 1873 coelestium
2364 1805 2625 1870 charac-

519 1919 556 1950 “
603 1912 872 1989 teribus,
921 1908 1342 1988 carminibus,
1390 1909 1975 1996 conjurationibus,
2025 1907 2359 1976 sacrificiis
2402 1928 2627 1992 super-

521 2022 556 2050 “
601 2013 880 2082 stitiosis
954 2011 1387 2079 deformatam
1433 2060 1448 2076 .
1495 2061 1514 2081 .
1557 2060 1575 2078 .
1623 2058 1642 2080 .
1735 2010 1869 2078 Sed
1941 2011 2075 2078 ista
2146 2008 2619 2076 mathematica.

521 2123 557 2154 “
602 2115 920 2183 damnata
963 2116 1065 2178 est
1107 2133 1242 2178 non
1285 2111 1496 2178 solum
1526 2134 1568 2178 a
1607 2112 1867 2191 sanctie,
1914 2111 2028 2182 sed
2074 2111 2277 2178 etiam
2322 2133 2365 2176 a
2413 2110 2627 2197 philo·-

524 2224 559 2254 “
603 2214 885 2303 sophis.”
993 2213 1303 2282 Pluribus
1363 2234 1498 2279 non
1551 2217 1652 2280 est
1706 2235 1886 2300 opus,
1935 2234 2065 2298 quo
2110 2211 2386 2298 quisque
2430 2211 2627 2280 intel·

519 2319 704 2404 ligat,
784 2316 1062 2382 Bacenis
1138 2314 1364 2381 odium
1439 2317 1929 2403 apertissimum
2002 2315 2077 2382 in
2150 2335 2277 2394 eos,
2346 2313 2479 2399 qui,
2548 2319 2628 2380 ut

523 2419 802 2486 aliorum
848 2421 1128 2484 eventus
1191 2416 1660 2499 vaticinentur,
1706 2418 1795 2486 ad
1846 2417 1966 2482 has
2010 2415 2217 2482 malas
2260 2421 2435 2484 artes
2478 2436 2631 2481 eon-

523 2520 806 2606 fugiunt.
897 2516 1160 2586 Similia
1219 2517 1411 2584 docet
1469 2519 1644 2586 Baco
1687 2519 1761 2584 in
1806 2518 2086 2606 epistola
2128 2517 2231 2586 De
2288 2515 2632 2588 Nullitate

524 2622 608 2688 M
604 2619 780 2707 ayioe
795 2644 824 2702 ;
900 2618 1272 2706 passimque
1334 2619 1514 2700 alibi,
1563 2641 1728 2705 quae,
1777 2641 1861 2688 ne
1920 2625 2141 2686 actum
2215 2641 2407 2706 agere
2450 2618 2633 2688 vide-

526 2743 732 2803 amur,
761 2719 1062 2790 consulto
1091 2720 1456 2790 reticemus,
1547 2721 1738 2788 Nihil
1768 2721 1945 2788 enim
1974 2721 2046 2786 in
2077 2720 2344 2809 prologo
2388 2724 2630 2798 nostro,

529 2824 708 2911 quod
751 2822 839 2888 ad
885 2821 1056 2889 hanc
1101 2841 1242 2889 rem
1296 2820 1605 2909 pertinet,
1659 2822 2216 2911 praetermisimus.
2308 2821 2487 2891 Satis
2531 2825 2633 2889 est

528 2946 684 3012 ergo
760 2922 1120 2991 ostendisse
1205 2924 1532 2991 Baconem
1607 2924 1775 2991 nihil
1842 2946 1991 2995 cum
2058 2925 2255 2993 Seoto
2330 2924 2635 2993 habuisse

531 3048 889 3095 commune.

617 3129 718 3194 At
765 3126 959 3208 enim,
1008 3126 1261 3193 dixerit
1303 3147 1550 3208 censor,
1596 3135 1860 3198 secutus
1902 3129 2073 3198 illud
2118 3136 2221 3197 est
2262 3128 2635 3215 astrologiae

529 3251 757 3317 genus,
804 3228 982 3314 quod
1012 3228 1408 3315 genethliaci
1437 3236 1767 3297 exercent.
1846 3229 2407 3316 -Superstitiosum
2453 3230 2631 3297 enim

533 3339 634 3401 est
701 3331 1046 3401 consilium
1113 3335 1458 3417 astrorum,
1507 3332 1831 3417 praecipue
1874 3330 1949 3395 in
1994 3330 2077 3395 iis
2121 3352 2269 3416 quse
2313 3332 2423 3397 vel
2480 3354 2639 3397 casu

533 3430 642 3501 vel
687 3431 956 3500 consilio
1032 3430 1367 3503 eveniunt.
1459 3429 1593 3501 Sed
1666 3432 1962 3519 impense
2034 3452 2341 3518 rogamus
2412 3453 2633 3499 censo-

535 3556 692 3613 rem,
737 3540 835 3613 ut‚
905 3554 1039 3619 qua
1113 3548 1508 3619 magnopere
1552 3531 1749 3612 valet,
1798 3532 2123 3599 Baconem
2198 3533 2374 3603 bona
2417 3539 2639 3601 mente

535 3637 766 3704 audiat
793 3659 811 3715 3
861 3639 932 3701 et
979 3638 1060 3701 ut
1105 3633 1384 3702 Bacenis
1427 3634 1609 3705 dicta
1670 3633 2023 3722 intelligat,
2056 3634 2397 3705 nobiscum
2440 3636 2637 3705 adeat

537 3739 955 3825 Aquinatem,
987 3758 1028 3803 a
1072 3759 1202 3823 quo
1247 3735 1460 3809 multa
1504 3735 1953 3805 delibavimus.
2046 3736 2379 3824 Scriptore
2424 3737 2639 3805 alieno

539 3841 804 3919 utimur,
852 3860 938 3905 ne
1000 3838 1292 3925 partium
1359 3838 1654 3905 studium
1715 3838 1985 3925 objiciat
2046 3860 2285 3907 censor.
2402 3840 2641 3929 Itaque

540 3944 687 4009 duae
732 3945 892 4007 sunt
935 3940 1079 4019 viae,
1127 3960 1276 4026 quae
1343 3960 1464 4005 nos
1531 3939 1619 4004 ad
1681 3962 1903 4006 rerum
1942 3940 2315 4009 futurarum
2360 3965 2642 4029 praesen-

541 4046 788 4109 sionem
831 4040 1206 4109 habendam
1279 4041 1661 4128 perducunt.
1755 4040 1915 4109 Una
1972 4043 2089 4113 illa
2150 4050 2268 4125 est,
2316 4068 2448 4133 qua
2490 4049 2637 4111 tum

537 4146 810 4224 utimur,
843 4164 994 4211 cum
1048 4142 1321 4209 effectus
1365 4142 1502 4209 suis
1563 4143 1634 4207 in
1683 4144 1893 4211 causis
1940 4146 2309 4227 cernimus;
2354 4147 2634 4213 alteram

539 4253 688 4318 tum
738 4244 1076 4324 calcamus,
1123 4266 1272 4311 cum
1315 4243 1587 4311 effeetus
1633 4243 1706 4309 in
1755 4245 1985 4333 seipsis
2032 4248 2435 4314 considerare
2478 4248 2637 4314 niti-

542 4370 706 4421 mur.
799 4347 988 4415 Prior
1032 4350 1134 4413 est
1191 4345 1442 4413 homini
1501 4346 1856 4433 permissa3
1900 4348 2219 4434 posterior
2276 4370 2413 4415 non
2457 4350 2621 4417 item

544 4452 790 4519 Omnes
833 4449 1010 4514 enim
1057 4448 1235 4534 leges
1279 4446 1652 4534 planissime
1699 4452 1951 4529 vetant,
1991 4470 2077 4517 ne
2126 4451 2305 4536 quod
2348 4456 2450 4517 est
2493 4472 2640 4538 pro-

543 4552 764 4639 prium
815 4550 963 4627 Dei,
1025 4548 1148 4614 hoc
1191 4546 1382 4617 nobis
1425 4553 1670 4617 temere
1721 4550 2140 4619 vindicemus.
2230 4552 2447 4619 Acuto
2490 4552 2645 4620 licet

547 4651 810 4739 ingenio
841 4649 1214 4717 cumulatus
1257 4650 1346 4717 sit
1389 4650 1602 4729 homo,
1650 4672 1728 4719 eo
1772 4656 1999 4721 tamen
2028 4654 2369 4740 pervenire
2398 4655 2645 4741 nequit,

549 4760 628 4825 ut
671 4754 896 4823 futura
924 4752 1000 4821 in
1031 4752 1258 4841 seipsis
1295 4752 1539 4823 videat.
1637 4754 1746 4837 Et,
1780 4754 1851 4821 si'
1886 4756 2149 4843 quando
2191 4756 2287 4837 fit,
2338 4762 2419 4825 ut
2463 4780 2659 4826 even-
