3517 5750
882 866 1013 933 372
1638 880 1896 929 nocem
1941 879 2230 930 mcoms

882 1053 953 1114 et
994 1048 1067 1111 in
1112 1046 1447 1133 superficie
1492 1052 1563 1113 et
1605 1049 1678 1113 in
1722 1048 2068 1135 profundo,
2115 1052 2188 1113 et
2237 1046 2574 1113 reducitur
2621 1045 2741 1111 lux
2786 1046 2861 1109 in
2889 1046 2986 1111 eis

883 1150 967 1214 de
996 1148 1295 1234 potentia
1324 1150 1619 1216 materiae
1664 1172 1782 1237 per
1827 1172 2050 1215 veram
2093 1148 2552 1215 alterationem
2597 1148 2984 1223 naturalem,

884 1271 1035 1335 quae
1080 1250 1259 1335 quod
1286 1249 1489 1314 estin
1518 1250 1822 1335 potentia
1849 1249 2153 1336 producit
2180 1250 2254 1314 in
2283 1252 2520 1326 actum,
2556 1248 2660 1333 (ut
2687 1252 2875 1334 patet
2901 1268 2990 1312 ex

886 1354 1075 1438 parte
1134 1352 1339 1415 tertia
1395 1371 1597 1437 quam
1640 1351 1842 1417 mitto
1890 1352 1962 1415 in
2014 1349 2474 1437 geometricis‚)
2506 1371 2644 1415 non
2685 1348 2990 1415 obstante

888 1452 1393 1537 incorruptione.
1512 1450 1605 1517 Et
1677 1450 1772 1517 sic
1835 1456 1935 1517 est
2009 1450 2131 1528 hic,
2187 1451 2343 1537 quia
2417 1450 2659 1537 species
2731 1450 2990 1537 agentis

890 1552 1209 1639 recipitur
1254 1554 1326 1619 in
1375 1574 1639 1639 corpore
1680 1551 2003 1632 damnati,
2051 1573 2187 1618 non
2235 1552 2544 1617 obstante
2587 1552 2988 1637 aequalitate,

892 1660 961 1721 et
1006 1654 1348 1740 permittet
1406 1676 1543 1719 esse
1602 1675 1856 1740 semper
1901 1648 2064 1719 eam.
2177 1654 2272 1718 Et
2316 1653 2472 1739 quia
2528 1654 2739 1739 magis
2782 1653 2990 1719 excel-

891 1757 977 1822 lit
1020 1776 1281 1821 sensum
1326 1759 1545 1819 tactus
1591 1753 1849 1842 affligit,
1899 1756 2080 1820 ultra
2125 1755 2290 1819 illud
2353 1754 2530 1840 quod
2581 1754 2710 1819 dici
2775 1758 2992 1840 potest

894 1857 965 1922 in
1048 1855 1419 1922 coelestibus
1492 1856 1876 1937 evidentem
1932 1860 2004 1921 et
2083 1857 2157 1921 in
2221 1860 2409 1921 tactu
2489 1855 2817 1941 spirituali
2891 1859 2992 1919 est

896 1958 1067 2023 actio
1111 1958 1185 2021 in
1252 1956 1711 2043 perfectionem
1757 1957 2092 2043 patientis.
2183 1956 2314 2021 Sed
2359 1956 2622 2041 quando
2673 1956 2992 2042 tangibile

896 2059 1157 2124 excedit
1220 2059 1581 2143 corrumpit
1654 2078 1933 2123 sensum.
2026 2057 2094 2122 N
2095 2077 2181 2121 on
2227 2056 2582 2142 corrumpit
2639 2077 2796 2122 vero
2854 2077 2992 2121 cor-

896 2182 1057 2247 pora
1102 2158 1581 2235 damnatorum,
1652 2159 1810 2245 quia,
1867 2158 1965 2223 ibi
2031 2163 2134 2223 est
2197 2157 2558 2243 aequalitas.
2647 2157 2781 2224 Sed
2857 2179 2993 2222 non

900 2266 1003 2327 est
1086 2260 1432 2346 aequalitas
1520 2258 1943 2345 tangibilium
2023 2264 2102 2323 ut
2177 2280 2354 2323 nunc
2433 2264 2536 2323 est
2611 2258 2684 2323 in
2751 2259 2994 2325 nostris

902 2358 1321 2449 corporibus.¹
1412 2359 1545 2425 Sed
1610 2382 1759 2425 cum
1819 2360 1960 2425 haec
2011 2360 2294 2426 alterata
2353 2380 2624 2425 manens
2683 2364 2753 2425 et
2815 2361 2996 2425 edita

902 2468 1171 2550 propter
1220 2460 1677 2527 excellentiam
1729 2460 2074 2541 sensibilis,
2122 2460 2456 2525 sciendum
2517 2462 2693 2548 quod
2753 2462 2996 2527 instru-

902 2569 1201 2629 mentum
1253 2566 1474 2627 tactus
1530 2563 1604 2626 in
1668 2562 1860 2627 nobis
1923 2568 2025 2627 est
2112 2562 2332 2627 media
2405 2566 2650 2627 natura.
2713 2562 2995 2650 tangibi-

902 2666 1085 2742 limn,
1146 2670 1227 2729 ut
1286 2664 1457 2747 dicit
1506 2663 1899 2727 Aristoteles
1959 2663 2243 2727 secundo
2299 2663 2404 2727 De
2461 2664 2710 2728 Anima
2736 2663 2799 2743 3⁸
2863 2686 2996 2728 non

903 2774 1129 2830 tamen
1202 2764 1469 2829 omnino
1526 2764 1746 2828 media
1835 2785 1952 2849 per
2033 2762 2482 2849 aequalitatem
2555 2764 2835 2851 plenam,
2885 2765 2996 2829 sed

906 2866 1149 2931 dicitur
1190 2864 1407 2929 media
1466 2886 1583 2950 per
1624 2864 2060 2950 privationem
2113 2864 2424 2952 superflui
2469 2866 2747 2932 duorum
2791 2872 3002 2932 extre-

908 2989 1183 3046 morum,
1216 2966 1385 3030 sicut
1428 2965 1683 3030 medius
1728 2966 1904 3030 color
1948 2966 2191 3032 dicitur
2235 2968 2549 3032 csemleus
2579 2968 2692 3052 qui
2735 2973 3001 3033 tantum

908 3068 1109 3132 habet
1152 3066 1299 3152 plus
1344 3066 1427 3131 de
1456 3067 1606 3130 albo
1630 3088 1828 3151 quam
1859 3066 1942 3132 de
1987 3069 2192 3154 nigro,
2239 3070 2347 3133 vel
2377 3090 2412 3133 e
2457 3090 2780 3135 converso,
2871 3069 3002 3134 Sed

905 3169 981 3234 in
1022 3168 1350 3233 damnatis
1392 3171 1493 3232 est
1534 3169 1825 3232 medium
1871 3168 2146 3254 simplex
2193 3174 2262 3234 et
2305 3171 2573 3256 aequale,
2619 3176 2701 3236 ut
2757 3171 3002 3236 instru-

908 3276 1207 3336 mentum
1280 3269 1599 3356 tangendi
1676 3269 1958 3334 calidum
2039 3276 2109 3334 et
2175 3270 2491 3356 frigidum
2576 3278 2678 3338 est
2753 3274 3003 3358 aequale

908 3373 1083 3437 inter
1126 3394 1203 3437 ea
1244 3371 1461 3436 media
1533 3391 1691 3436 vero
1756 3367 2072 3455 tangendi
2117 3371 2355 3436 siccum
2399 3378 2468 3438 et
2511 3373 2852 3438 humidum
2905 3379 3008 3438 est

910 3475 1159 3559 aequale
1188 3475 1361 3538 inter
1404 3493 1497 3549 ea,
1532 3477 1600 3537 et
1644 3475 1996 3556 utrumque
2041 3473 2331 3537 medium
2361 3479 2462 3539 est
2503 3475 2753 3559 aequale
2796 3474 3005 3551 alteri,

910 3583 979 3640 et
1049 3580 1345 3640 extrema
1404 3578 1560 3638 sunt
1632 3573 1926 3657 aequalia.
2053 3573 2144 3639 Et
2204 3574 2328 3639 hoc
2395 3575 2540 3641 dico
2603 3577 2684 3642 de
2753 3576 3006 3640 duobus

910 3676 1157 3752 mediis,
1206 3677 1363 3759 quia
1404 3678 1624 3739 tactus
1668 3679 1828 3738 sunt
1857 3673 1988 3739 duo
2034 3696 2261 3740 sensus
2305 3677 2665 3742 secundum
2709 3679 3002 3764 speciem,

912 3779 1082 3843 sicut
1110 3781 1267 3840 sunt
1311 3775 1441 3840 duo
1486 3774 1706 3839 media.
1748 3776 1822 3838 in
1865 3775 1968 3840 his
2013 3765 2296 3861 quatuor
2337 3778 2810 3863 qualitatibus3
2853 3779 3010 3864 quia

912 3877 1203 3940 medium
1246 3897 1453 3939 unum
1498 3895 1635 3939 esse
1679 3897 1814 3939 non
1843 3881 2080 3962 potest,
2126 3883 2206 3944 ut
2249 3869 2601 3964 probatum
2645 3886 2747 3945 est
2789 3883 3009 3968 prius;

913 3981 983 4041 et
1024 3975 1173 4040 ideo
1218 3997 1337 4040 nec
1380 3996 1552 4040 unus
1596 3980 1830 4054 tantm,
1877 3977 1993 4042 sed
2035 3979 2272 4064 plume,
2303 3979 2476 4046 sicut
2517 3981 2709 4046 docet
2753 3981 3008 4048 Aristo-

914 4078 1077 4142 teles
1107 4077 1389 4170 secundo
1434 4077 1537 4140 De
1582 4077 1842 4142 Anima.
1921 4079 2123 4144 Salva
2165 4081 2372 4166 igitur
2415 4082 2811 4168 aequalitate,
2841 4085 3011 4148 sicut

912 4181 995 4244 de
1070 4176 1445 4244 coelestibus
1536 4179 1916 4265 incorrupto
1987 4187 2309 4262 manente,
2358 4184 2674 4250 educetur
2765 4187 3011 4272 species

911 4281 1088 4367 ignis
1134 4281 1215 4345 de
1246 4281 1549 4366 potentia
1585 4282 1881 4346 materiae
1927 4284 2214 4368 corporis
2257 4284 2555 4351 damnati
2601 4307 2749 4351 cum
2778 4288 3015 4352 altera-

977 4596 993 4626 ¹
1016 4595 1320 4662 corporibus]
1366 4595 1493 4645 This
1536 4595 1637 4646 and
1670 4593 1759 4644 the
1792 4598 1918 4643 next
1938 4597 2174 4644 sentence
2197 4609 2332 4646 seem
2353 4603 2407 4648 to
2425 4595 2557 4647 hare
2581 4596 2706 4647 been
2725 4595 3017 4660 transposed

906 4675 975 4739 by
998 4675 1081 4724 the
1100 4674 1414 4724 transcribet.
1901 4677 1904 4681 '

975 4754 996 4781 ²
1018 4753 1101 4801 De
1124 4752 1331 4817 Anima]
1358 4752 1411 4800 ii.
1436 4757 1511 4800 11.
