3517 5750
594 857 717 945 ιι]
1374 872 1551 927 orus
1593 874 1918 927 marma.
2568 862 2700 931 197

595 1043 681 1110 ab
724 1064 871 1110 aevo
913 1043 1227 1131 procedit,
1258 1064 1413 1131 ergo
1442 1044 1569 1111 erit
1612 1044 1913 1111 instans:
1961 1043 2312 1112 dicendum
2356 1048 2474 1125 est,
2523 1044 2701 1131 quod

593 1150 857 1232 tempus
902 1146 989 1211 ab
1048 1166 1193 1211 nevo
1236 1146 1549 1233 procedit,
1602 1145 1669 1211 id
1719 1150 1824 1213 est
1867 1150 2018 1233 post
2060 1168 2297 1225 sevum,
2341 1146 2699 1212 secundum

593 1247 771 1333 quod
799 1247 1195 1313 Aristoteles
1239 1245 1448 1313 dixit-,¹
1498 1248 1786 1314 secundo
1827 1253 1898 1315 et
1939 1248 2176 1336 quinto
2208 1247 2698 1335 Metaphysicae,

595 1348 769 1433 quod
836 1349 922 1413 ab
1003 1348 1225 1436 aliquo
1287 1348 1397 1415 vel
1466 1370 1551 1415 ex
1595 1350 1818 1436 aliquo
1881 1355 1982 1416 est
2055 1350 2508 1437 multipliciter
2581 1354 2702 1415 aut

594 1450 1018 1531 ordinaliter;
1080 1456 1159 1516 ut
1204 1474 1288 1516 ex
1346 1456 1537 1517 nocte
1596 1452 1678 1517 fit
1736 1451 1915 1532 dies3
1961 1457 2082 1518 aut
2130 1451 2576 1531 materialiter,
2624 1456 2703 1516 ut

595 1574 679 1617 ex
740 1551 911 1617 ferro
970 1553 1051 1617 fit
1107 1552 1411 1619 cultellus
1446 1576 1463 1634 ;
1522 1557 1645 1619 aut
1718 1554 2030 1637 effective,
2091 1560 2170 1619 ut
2232 1576 2318 1619 ex
2377 1558 2562 1641 patre
2622 1554 2704 1616 fit

595 1653 818 1735 filius3
863 1659 983 1720 aut
1057 1654 1488 1742 originaliter,
1567 1660 1889 1741 tanquam
1937 1678 2026 1723 ex
2069 1654 2398 1735 termin03
2463 1659 2542 1719 ut
2615 1653 2702 1720 ab

592 1755 875 1821 instanti
934 1757 1017 1822 fit
1073 1762 1354 1845 tempus,
1413 1761 1484 1822 et
1540 1779 1583 1823 a
1640 1762 1887 1844 puncto
1943 1758 2026 1823 fit
2069 1757 2258 1824 linea.
2351 1756 2483 1822 Sed
2533 1756 2705 1821 ordi-

594 1858 835 1925 naliter
890 1860 973 1925 fit
1022 1862 1285 1945 tempus
1345 1859 1433 1924 ab
1492 1880 1655 1939 aev0,
1734 1859 1807 1925 id
1879 1864 1983 1925 est
2027 1864 2178 1947 post
2255 1880 2494 1941 nevum,
2547 1857 2705 1944 quia

596 1981 815 2027 aevum
867 1964 971 2026 est
1026 1982 1335 2027 mensura
1391 1960 1573 2047 prior
1629 1966 1938 2049 tempore.

686 2062 762 2128 Si
808 2063 1079 2141 dicatur,
1122 2064 1301 2150 quod
1344 2062 1737 2129 Aristoteles
1797 2085 1936 2129 non
1996 2062 2187 2150 ponit
2247 2082 2466 2129 aevum
2529 2061 2706 2127 inter

596 2164 841 2251 species
902 2164 1319 2251 quantitatiS,
1388 2185 1601 2250 neque
1668 2165 1741 2229 in
1802 2164 2468 2231 Praedicamentorum
2512 2163 2704 2242 libro,

596 2288 809 2353 neque
852 2267 925 2332 in
972 2267 1206 2354 quinto
1252 2266 1745 2354 Metaphysicae,
1791 2266 1914 2333 ubi
1958 2266 2040 2333 de
2083 2266 2420 2354 speciebus
2465 2265 2704 2353 praedi—

597 2370 1073 2435 camentalibus
1134 2370 1341 2448 docet,
1416 2370 1625 2457 igitur
1641 2368 1669 2407 ²
1729 2389 1868 2435 non
1933 2369 2208 2435 videtur
2265 2390 2402 2435 esse
2465 2367 2707 2455 species

597 2472 835 2558 aliqua,
868 2477 988 2538 aut
1016 2472 1407 2539 Aristoteles
1452 2472 1581 2539 erit
1625 2472 1993 2539 diminutus
2021 2495 2036 2537 ε
2084 2475 2305 2560 potest
2346 2470 2500 2552 dici,
2532 2470 2708 2557 quod

600 2594 926 2660 nusquam
978 2574 1371 2641 Aristoteles
1416 2575 1538 2640 dat
1580 2574 1826 2661 species
1869 2572 2148 2660 alicujus
2191 2573 2702 2660 praedicamenti,

600 2676 759 2762 quia
820 2676 901 2742 de
964 2676 1341 2743 substantia
1405 2676 1790 2763 incorporea
1869 2675 2040 2741 nihil
2105 2676 2329 2763 tangit
2389 2675 2464 2741 in
2535 2674 2706 2739 libro

602 2777 1287 2857 Praedicamentorum‚
1348 2799 1468 2844 nee
1534 2778 1608 2843 in
1670 2777 1962 2865 capitulo
2030 2776 2114 2845 de
2175 2777 2570 2845 Substantia
2634 2776 2707 2839 in
2849 2836 2862 2849 ,

601 2881 839 2967 quinto
899 2881 1384 2969 Metaphysicae,
1477 2880 1737 2948 Placuit
1803 2880 2012 2969 igitur
2073 2878 2426 2948 Aristoteli
2488 2901 2708 2946 exem-

601 2983 893 3070 plificare
939 2985 1021 3050 de
1064 2985 1403 3072 speciebus
1446 2983 1782 3069 aliquibus
1827 2983 2198 3070 aliquorum
2242 2982 2706 3070 praedicamen-

602 3091 839 3152 torum.
930 3086 1063 3152 Sed
1106 3108 1227 3152 nec
1271 3086 1353 3150 de
1399 3084 1626 3172 aliquo
1694 3105 1924 3152 omnes
1990 3084 2132 3171 ejus
2195 3085 2441 3173 species
2503 3083 2706 3171 assig-

600 3189 813 3270 navit,
856 3209 1071 3275 neque
1101 3189 1183 3254 de
1214 3187 1493 3276 singulis
1520 3187 1743 3275 posuit
1773 3188 2031 3275 aliquas
2061 3187 2306 3274 species
2335 3210 2352 3266 ;
2396 3187 2707 3273 quoniam

604 3291 687 3358 de
745 3291 1003 3357 actione
1046 3296 1117 3359 et
1182 3291 1497 3377 passione,
1565 3289 1849 3378 quando,
1895 3289 2031 3368 ubi,
2101 3289 2256 3368 situ,
2321 3292 2392 3354 et
2451 3287 2708 3368 habitu,

604 3393 857 3459 nullam
900 3393 1095 3482 ponit
1137 3393 1535 3460 divisionem
1578 3392 1941 3480 specierum
2003 3390 2077 3455 in
2143 3389 2312 3455 libro
2379 3387 2709 3455 Praedica-

604 3501 997 3578 mentorum,
1073 3516 1195 3562 nec
1284 3495 1487 3562 etiam
1554 3493 1629 3561 in
1690 3493 1927 3580 quinto
2003 3489 2476 3578 Metaphysicae
2504 3513 2522 3570 ;
2595 3491 2712 3556 sed

605 3597 817 3686 magis
859 3597 1213 3685 distinguit
1256 3597 1352 3663 ibi
1396 3595 1770 3685 significata
1812 3593 2224 3682 multiplicia,
2270 3597 2350 3658 ut
2393 3597 2582 3680 patet
2623 3613 2712 3658 ex

603 3698 719 3766 illo
762 3701 948 3767 libro.
1043 3699 1185 3767 Nec
1230 3700 1315 3766 de
1358 3699 1749 3778 substantia,
1794 3719 1918 3764 nec
1960 3695 2042 3764 de
2087 3694 2422 3776 relatione,
2468 3695 2586 3760 sed
2629 3693 2712 3760 de

606 3802 988 3888 quantitate
1032 3808 1103 3869 et
1145 3801 1470 3891 qualitate
1517 3799 1888 3888 expressius
1929 3799 2124 3886 ponit
2165 3797 2411 3886 species
2440 3797 2710 3884 aliquas,

608 3905 725 3972 sed
766 3927 901 3972 non
946 3927 1193 3972 omnes.
1287 3905 1445 3970 Non
1488 3909 1714 3970 tamen
1743 3903 1879 3969 fuit
1906 3900 2298 3968 Aristoteles
2327 3899 2718 3970 diminutus.

610 4007 789 4074 Nam
834 4013 1061 4075 texere
1106 4029 1333 4074 omnes
1378 4007 1621 4095 species
1664 4005 2326 4094 praedicamentorum
2387 4009 2489 4072 est
2557 4004 2714 4069 dare

612 4110 928 4176 notitiam
992 4109 1289 4177 omnium
1341 4131 1563 4176 rerum
1604 4109 1966 4176 secundum
2011 4105 2440 4174 diffinitiones
2499 4127 2710 4174 veras.

614 4211 789 4294 Quia
832 4218 1167 4300 oporteret
1210 4210 1579 4298 quamlibet
1620 4209 1851 4277 elicere
1895 4231 1982 4276 ex
2023 4231 2280 4297 genere,
2325 4231 2443 4296 per
2487 4207 2712 4274 divisi-

608 4337 805 4382 onem
850 4314 991 4401 ejus
1022 4316 1107 4381 in
1151 4314 1557 4381 differentias
1600 4312 1942 4401 specificas.
2033 4312 2170 4380 Sed
2211 4311 2334 4378 hoc
2383 4315 2486 4377 est
2537 4309 2713 4396 quod

606 4417 681 4484 in
711 4418 1017 4495 omnibus
1058 4417 1351 4484 scientiis
1394 4415 1878 4504 investigatum
1945 4420 2015 4481 et
2042 4435 2360 4502 magnum
2403 4413 2714 4478 volumen

609 4523 679 4586 et
755 4519 1033 4608 speciale
1106 4519 1469 4607 requiritur
1540 4517 1629 4584 ad
1694 4518 1834 4584 hoc.
1955 4515 2049 4582 Et
2121 4515 2269 4582 ideo
2345 4513 2568 4580 omisit
2639 4513 2714 4578 in

608 4695 764 4703 ψ-

674 4778 687 4810 ¹
719 4777 873 4846 dixit]
909 4777 1188 4846 distinguit,
1210 4777 1272 4830 B.
1296 4777 1347 4829 ii.
1372 4784 1437 4842 23
1471 4793 1521 4832 v.
1545 4783 1592 4828 2.
1642 4775 1655 4844 Ι
1761 4776 1783 4807 ²
1805 4775 1980 4842 ἐρίων]
2019 4788 2112 4828 nec
2135 4773 2271 4837 alibi,
2293 4787 2431 4843 ergo,
2451 4773 2516 4830 B.
