3517 5750
872 814 1007 875 450
1630 828 1892 878 noem
1935 828 2232 879 mooun
2801 812 2984 900 [cu.

966 998 1157 1063 Brito
1198 998 1467 1084 quidem
1510 1000 2010 1088 indignissimus
2051 1002 2464 1081 auctoritate,
2513 1002 2762 1089 pluries
2803 1003 2988 1069 redit

872 1102 945 1165 in
988 1102 1231 1165 vitium
1276 1102 1359 1166 de
1416 1124 1549 1188 quo
1600 1104 2024 1191 reprehendit
2067 1104 2528 1192 Hugutionem
2571 1110 2642 1169 et
2687 1102 2982 1191 Papiam.

874 1202 1049 1267 Nam
1094 1226 1243 1269 cum
1288 1204 1451 1269 dicit
1502 1206 1679 1290 quod
1724 1205 2042 1271 Gehennn
2101 1206 2346 1273 dicitur
2401 1230 2444 1271 a
2501 1226 2596 1291 9ο,
2645 1207 2820 1291 quod
2877 1212 2988 1271 est

872 1308 1063 1383 terra,
1110 1312 1181 1371 et
1238 1326 1469 1385 ennon,
1514 1306 1691 1393 quod
1748 1316 1852 1373 est
1901 1308 2316 1395 profundum,
2381 1308 2744 1373 Hebraeum
2791 1329 2986 1374 voea-

868 1406 1101 1471 bulum
1162 1408 1351 1473 doeet
1402 1410 1557 1473 oriri
1624 1430 1711 1473 ex
1777 1410 2048 1489 Graeoo3
2109 1410 2266 1495 quia
2327 1432 2406 1496 9⁰
2461 1432 2582 1497 pro
2643 1416 2820 1475 terra
2877 1414 2986 1475 eet

874 1508 1197 1591 Cacum,
1242 1516 1313 1575 et
1360 1509 1671 1595 ychenna
1712 1516 1818 1577 est
1869 1511 2250 1578 Hebraeum.
2343 1512 2496 1577 Hoc
2563 1514 2742 1577 enim
2787 1532 2982 1577 voea—

868 1609 1101 1675 bulnm
1164 1611 1377 1699 primo
1448 1612 1759 1679 Salvator
1833 1614 2130 1679 instituit
2201 1636 2322 1701 pro
2391 1636 2590 1700 poena
2655 1612 2980 1690 infernali,

869 1713 1041 1777 sicut
1104 1712 1399 1778 Isidorus
1418 1712 1437 1751 ¹
1504 1715 1669 1779 dicit
1734 1736 1932 1801 super
1994 1716 2410 1782 Matthaeum.
2523 1715 2658 1781 Sed
2721 1720 2982 1780 constat

868 1812 1283 1881 salvatorem
1324 1816 1669 1901 loquutum
1710 1816 1914 1882 fuisse
1960 1814 2306 1883 Hebraioe.
2419 1817 2512 1883 Et
2555 1816 2982 1881 manifestum

864 1921 967 1980 est
1014 1916 1139 1981 hoe
1176 1940 1267 1983 ex
1324 1918 1611 1983 nominis
1668 1917 2096 1999 derivatione,
2143 1925 2466 2005 quantum
2527 1916 2982 2003 Hieronymus

870 2018 1177 2099 ostendit,
1248 2020 1471 2085 dicens
1544 2022 1721 2107 quod
1785 2020 2102 2087 Gehenna
2173 2021 2420 2086 dicitur
2491 2044 2534 2085 a
2593 2020 2976 2094 Gehennon,

868 2122 1045 2207 quod
1106 2126 1207 2187 est
1250 2122 1441 2187 vallis
1500 2122 1790 2188 filiorum
1835 2122 2080 2189 Ennon
2141 2124 2348 2209 juxta
2406 2122 2840 2201 Hierusalem,
2903 2120 2978 2185 in

866 2244 999 2309 qua
1070 2224 1245 2290 valle
1320 2224 1369 2289 J
1370 2225 1547 2290 udaei
1620 2226 1802 2290 idola
1875 2226 2234 2290 coluerunt.
2329 2225 2422 2290 Et
2495 2224 2806 2311 Hugutio
2869 2222 2980 2288 hic

864 2332 1045 2391 errat
1088 2348 1235 2391 cum
1282 2324 1573 2405 Britone,
1618 2348 1770 2391 eum
1815 2329 2286 2413 interpretatus
2329 2332 2432 2393 eet
2469 2348 2548 2413 93
2591 2332 2858 2404 terram,
2897 2330 2978 2389 ut

868 2428 1195 2493 derivatio
1240 2428 1331 2493 sit
1372 2452 1415 2493 a
1460 2428 1705 2495 Graeoo.
1795 2428 1930 2495 Sed
1975 2451 2110 2495 non
2155 2430 2366 2495 solum
2413 2430 2484 2493 in
2529 2430 2724 2493 modo
2767 2428 2976 2491 inter·

866 2530 1171 2615 pretendi
1238 2530 1597 2596 Hebraeum
1660 2552 1778 2617 per
1824 2530 2122 2597 Graeeem
2169 2531 2644 2597 derivationem
2703 2532 2976 2608 omnm

866 2632 979 2695 sed
1048 2633 1117 2696 in
1192 2636 1339 2697 tota
1412 2632 1982 2719 interpretatione.
2077 2632 2256 2697 Nam
2333 2634 2440 2697 hie
2509 2652 2588 2717 93
2661 2652 2796 2696 non
2871 2634 2974 2695 oet

870 2730 1175 2797 Graecum
1220 2734 1333 2799 sed
1380 2732 1768 2799 Hebraeum.
1859 2734 1950 2801 Ge
2001 2734 2180 2798 enim
2243 2734 2563 2813 Graecum,
2609 2738 2788 2797 terra
2831 2736 2936 2795 est
2956 2756 2975 2810 3

864 2854 944 2920 9⁶
1004 2834 1385 2914 Hebraeum,
1446 2834 1639 2901 vallis
1688 2838 1806 2902 est.
1899 2834 2102 2902 Unde
2171 2834 2536 2902 Gehennon
2611 2840 2714 2899 est
2783 2832 2979 2898 vallis

872 2935 1253 3018 Gehennon,
1330 2937 1471 3002 sive
1546 2937 1838 3002 filiorum
1885 2937 2192 3003 Hermon.
2285 2937 2378 3004 Et
2451 2938 2598 3002 ideo
2659 2936 2980 3002 Gehenna

866 3057 909 3102 a
978 3059 1075 3124 90,
1129 3039 1307 3124 quod
1384 3044 1487 3104 est
1558 3039 1770 3117 vanS,
1817 3038 2170 3106 derivatur.
2264 3039 2435 3104 Cum
2509 3039 2710 3104 etiam
2786 3037 2976 3104 Brito

867 3139 1031 3205 dicit
1104 3163 1254 3206 cum
1330 3140 1685 3206 Graeeismo
1759 3163 1972 3207 e‘n‘nos
2013 3139 2414 3228 profundum
2459 3161 2615 3219 esse,
2659 3139 2734 3203 in
2775 3139 2974 3222 hujus

866 3241 1153 3308 nominis
1196 3244 1741 3332 interpretatione
1787 3243 1955 3307 nihil
2009 3243 2188 3322 dicit,
2251 3243 2562 3328 quoniam
2621 3241 2800 3307 eadit
2857 3241 2972 3305 ibi.

870 3343 1045 3424 Quia
1090 3345 1405 3412 Gehenna
1466 3345 1708 3410 dieitur
1753 3368 1796 3409 a
1841 3344 2204 3410 Gehennon
2279 3367 2398 3431 per
2471 3343 2970 3408 similitudinem

864 3447 1045 3512 vocis
1090 3453 1160 3513 et
1204 3447 1537 3524 orationiS,
1582 3446 1942 3512 seeundum
2009 3447 2186 3532 quod
2247 3447 2438 3512 doeet
2504 3445 2969 3530 Hieronymus,

869 3547 1198 3628 Quoniam
1244 3549 1427 3615 Deus
1472 3548 1778 3636 promisit
1807 3548 2306 3614 multitudinem
2337 3549 2384 3614 J
2385 3549 2724 3614 udaeorum
2766 3547 2974 3612 idola-

865 3653 1120 3716 trorum
1188 3652 1262 3715 in
1324 3651 1441 3715 ma
1502 3651 1677 3716 valle
1752 3650 2041 3714 filiorum
2111 3649 2404 3717 Hennon
2479 3651 2700 3728 occidi,
2745 3654 2815 3715 et
2875 3651 2972 3716 sie

856 3758 1224 3836 peccatores
1268 3753 1547 3817 interfici
1592 3753 1665 3816 in
1710 3751 2042 3818 Gehenna.

949 3851 1270 3918 Similiter
1358 3852 1533 3939 quod
1622 3852 1764 3940 ipse
1841 3853 2048 3932 Brito,
2133 3859 2202 3920 et
2293 3855 2614 3942 HugutiO,
2693 3859 2762 3920 et
2845 3853 2968 3917 alii

858 3953 1387 4039 grammaticellae
1432 3954 1658 4020 idiotae
1719 3955 1965 4034 dicunt,
2031 3955 2207 4041 quod
2251 3957 2552 4022 arrabon
2613 3961 2732 4036 est,
2779 3955 2968 4040 quasi

858 4073 1031 4120 ewra
1106 4053 1296 4135 bona,
1372 4061 1452 4121 ut
1540 4077 1644 4121 res
1734 4079 1884 4142 quae
1961 4057 2159 4123 datur
2246 4079 2366 4144 pro
2456 4057 2776 4144 eonjugiO,
2853 4056 2968 4121 vel

852 4177 924 4220 re
977 4155 1167 4235 bona,
1238 4177 1373 4222 non
1439 4180 1557 4244 pro
1622 4159 1816 4238 mala,
1870 4159 2204 4224 horribilis
2261 4159 2513 4225 falsitas
2575 4165 2688 4225 est.
2780 4156 2960 4222 Nam

854 4257 1157 4326 wabon
1200 4265 1301 4325 est
1346 4259 1726 4340 Hebraeum,
1773 4261 1945 4328 sieut
2019 4261 2302 4327 habetur
2347 4261 2621 4328 Genesis
2679 4260 2965 4326 xxxviii.

860 4359 1043 4448 [17..]
1164 4361 1296 4429 Sed
1372 4361 1736 4429 Hebraeum
1809 4385 1944 4429 non
2021 4365 2360 4430 derivatur
2425 4387 2468 4429 a
2513 4363 2768 4445 Latine,
2839 4383 2962 4429 nec

1609 4579 2017 4586 Ἠ*-

1496 4711 1511 4743 ¹
1534 4707 1784 4780 Ιοίἀοηιε]
1821 4712 1886 4764 In
1906 4711 2078 4780 Etym.
2099 4713 2206 4766 xiv.
2231 4719 2278 4766 9.
