<?xml version="1.0" encoding="UTF-8"?>
<!DOCTYPE html PUBLIC "-//W3C//DTD XHTML 1.0 Transitional//EN"
    "http://www.w3.org/TR/xhtml1/DTD/xhtml1-transitional.dtd">
<html xmlns="http://www.w3.org/1999/xhtml" xml:lang="en" lang="en">
 <head>
  <title>
</title>
<meta http-equiv="Content-Type" content="text/html;charset=utf-8" />
  <meta name='ocr-system' content='tesseract 3.04.00' />
  <meta name='ocr-capabilities' content='ocr_page ocr_carea ocr_par ocr_line ocrx_word'/>
</head>
<body>
  <div class='ocr_page' id='page_1' title='image "./frrogeribaconop00brewgoog_0149.png"; bbox 0 0 3517 5750; ppageno 0'>
   <div class='ocr_carea' id='block_1_1' title="bbox 909 849 3003 938">
    <p class='ocr_par' dir='ltr' id='par_1_1' title="bbox 909 849 3003 938">
     <span class='ocr_line' id='line_1_1' title="bbox 909 849 3003 938; baseline -0.002 -20"><span class='ocrx_word' id='word_1_1' title='bbox 909 853 994 918; x_wconf 79' lang='grc'><strong>36</strong></span> <span class='ocrx_word' id='word_1_2' title='bbox 1667 865 1924 916; x_wconf 70' lang='lat' dir='ltr'><strong>noema</strong></span> <span class='ocrx_word' id='word_1_3' title='bbox 1970 865 2263 916; x_wconf 71' lang='lat' dir='ltr'><strong>mcoms</strong></span> <span class='ocrx_word' id='word_1_4' title='bbox 2822 849 3003 938; x_wconf 61' lang='lat' dir='ltr'><strong>[css.</strong></span> 
     </span>
    </p>
   </div>
   <div class='ocr_carea' id='block_1_2' title="bbox 547 1042 3007 4383">
    <p class='ocr_par' dir='ltr' id='par_1_2' title="bbox 547 1042 3007 4383">
     <span class='ocr_line' id='line_1_2' title="bbox 905 1042 3002 1129; baseline 0 -20"><span class='ocrx_word' id='word_1_5' title='bbox 905 1065 1062 1109; x_wconf 85' lang='lat' dir='ltr'><strong>nam</strong></span> <span class='ocrx_word' id='word_1_6' title='bbox 1121 1043 1278 1110; x_wconf 85' lang='lat' dir='ltr'><strong>lieet</strong></span> <span class='ocrx_word' id='word_1_7' title='bbox 1337 1042 1719 1110; x_wconf 85' lang='lat' dir='ltr'><strong>certificatio</strong></span> <span class='ocrx_word' id='word_1_8' title='bbox 1778 1043 2158 1110; x_wconf 83' lang='lat' dir='ltr'><strong>tabularum</strong></span> <span class='ocrx_word' id='word_1_9' title='bbox 2218 1043 2308 1107; x_wconf 89' lang='lat' dir='ltr'><strong>sit</strong></span> <span class='ocrx_word' id='word_1_10' title='bbox 2367 1063 2484 1129; x_wconf 86' lang='lat' dir='ltr'><strong>per</strong></span> <span class='ocrx_word' id='word_1_11' title='bbox 2542 1043 3002 1125; x_wconf 86' lang='lat' dir='ltr'><strong>instrumenta,</strong></span> 
     </span>
     <span class='ocr_line' id='line_1_3' title="bbox 903 1144 3007 1231; baseline 0 -20"><span class='ocrx_word' id='word_1_12' title='bbox 903 1153 1129 1211; x_wconf 83' lang='lat' dir='ltr'><strong>tamen</strong></span> <span class='ocrx_word' id='word_1_13' title='bbox 1157 1145 1618 1223; x_wconf 83' lang='lat' dir='ltr'><strong>instrumenta,</strong></span> <span class='ocrx_word' id='word_1_14' title='bbox 1651 1145 1783 1210; x_wconf 90' lang='lat' dir='ltr'><strong>nisi</strong></span> <span class='ocrx_word' id='word_1_15' title='bbox 1828 1145 1968 1211; x_wconf 88' lang='lat' dir='ltr'><strong>sint</strong></span> <span class='ocrx_word' id='word_1_16' title='bbox 2009 1144 2348 1211; x_wconf 84' lang='lat' dir='ltr'><strong>immensae</strong></span> <span class='ocrx_word' id='word_1_17' title='bbox 2376 1145 2792 1231; x_wconf 70' lang='lat' dir='ltr'><strong>quantitatis,</strong></span> <span class='ocrx_word' id='word_1_18' title='bbox 2837 1147 3007 1212; x_wconf 90' lang='lat' dir='ltr'>nihil</span> 
     </span>
     <span class='ocr_line' id='line_1_4' title="bbox 904 1245 3005 1328; baseline -0 -15"><span class='ocrx_word' id='word_1_19' title='bbox 904 1249 1172 1328; x_wconf 83' lang='lat' dir='ltr'><strong>valent3</strong></span> <span class='ocrx_word' id='word_1_20' title='bbox 1218 1252 1288 1314; x_wconf 89' lang='lat' dir='ltr'><strong>et</strong></span> <span class='ocrx_word' id='word_1_21' title='bbox 1315 1247 1458 1314; x_wconf 88' lang='lat' dir='ltr'><strong>haec</strong></span> <span class='ocrx_word' id='word_1_22' title='bbox 1485 1247 1646 1313; x_wconf 85' lang='lat' dir='ltr'><strong>mali</strong></span> <span class='ocrx_word' id='word_1_23' title='bbox 1673 1269 1831 1314; x_wconf 83' lang='lat' dir='ltr'><strong>usus</strong></span> <span class='ocrx_word' id='word_1_24' title='bbox 1875 1253 2052 1328; x_wconf 89' lang='lat' dir='ltr'><strong>sunt,</strong></span> <span class='ocrx_word' id='word_1_25' title='bbox 2086 1251 2157 1314; x_wconf 86' lang='lat' dir='ltr'><strong>et</strong></span> <span class='ocrx_word' id='word_1_26' title='bbox 2186 1245 2469 1312; x_wconf 82' lang='lat' dir='ltr'><strong>difficilis</strong></span> <span class='ocrx_word' id='word_1_27' title='bbox 2490 1248 3005 1314; x_wconf 69' lang='lat' dir='ltr'><strong>conservationis</strong></span> 
     </span>
     <span class='ocr_line' id='line_1_5' title="bbox 901 1347 3002 1437; baseline 0 -23"><span class='ocrx_word' id='word_1_28' title='bbox 901 1355 1170 1437; x_wconf 83' lang='lat' dir='ltr'><strong>propter</strong></span> <span class='ocrx_word' id='word_1_29' title='bbox 1195 1349 1566 1436; x_wconf 84' lang='lat' dir='ltr'><strong>rubiginem</strong></span> <span class='ocrx_word' id='word_1_30' title='bbox 1589 1374 1605 1430; x_wconf 94' lang='lat'>;</span> <span class='ocrx_word' id='word_1_31' title='bbox 1649 1370 1773 1415; x_wconf 89' lang='lat' dir='ltr'><strong>nec</strong></span> <span class='ocrx_word' id='word_1_32' title='bbox 1800 1353 2079 1435; x_wconf 84' lang='lat' dir='ltr'><strong>possunt</strong></span> <span class='ocrx_word' id='word_1_33' title='bbox 2105 1347 2357 1434; x_wconf 80' lang='lat' dir='ltr'><strong>portari</strong></span> <span class='ocrx_word' id='word_1_34' title='bbox 2385 1347 2469 1415; x_wconf 88' lang='lat' dir='ltr'><strong>de</strong></span> <span class='ocrx_word' id='word_1_35' title='bbox 2496 1349 2634 1414; x_wconf 88' lang='lat' dir='ltr'><strong>loco</strong></span> <span class='ocrx_word' id='word_1_36' title='bbox 2664 1349 2753 1416; x_wconf 88' lang='lat' dir='ltr'><strong>ad</strong></span> <span class='ocrx_word' id='word_1_37' title='bbox 2788 1350 3002 1415; x_wconf 90' lang='lat' dir='ltr'><strong>locum</strong></span> 
     </span>
     <span class='ocr_line' id='line_1_6' title="bbox 901 1449 3003 1538; baseline 0 -21"><span class='ocrx_word' id='word_1_38' title='bbox 901 1451 1044 1517; x_wconf 87' lang='lat' dir='ltr'><strong>sine</strong></span> <span class='ocrx_word' id='word_1_39' title='bbox 1099 1450 1388 1538; x_wconf 87' lang='lat' dir='ltr'><strong>periculo</strong></span> <span class='ocrx_word' id='word_1_40' title='bbox 1446 1451 1825 1532; x_wconf 76' lang='lat' dir='ltr'><strong>flactionis3</strong></span> <span class='ocrx_word' id='word_1_41' title='bbox 1900 1453 1970 1514; x_wconf 89' lang='lat' dir='ltr'><strong>et</strong></span> <span class='ocrx_word' id='word_1_42' title='bbox 2036 1449 2234 1516; x_wconf 91' lang='lat' dir='ltr'><strong>homo</strong></span> <span class='ocrx_word' id='word_1_43' title='bbox 2293 1470 2431 1515; x_wconf 89' lang='lat' dir='ltr'><strong>non</strong></span> <span class='ocrx_word' id='word_1_44' title='bbox 2486 1454 2707 1538; x_wconf 82' lang='lat' dir='ltr'><strong>potest</strong></span> <span class='ocrx_word' id='word_1_45' title='bbox 2763 1451 3003 1517; x_wconf 87' lang='lat' dir='ltr'><strong>habere</strong></span> 
     </span>
     <span class='ocr_line' id='line_1_7' title="bbox 902 1551 3003 1640; baseline -0.001 -21"><span class='ocrx_word' id='word_1_46' title='bbox 902 1554 1150 1640; x_wconf 87' lang='lat' dir='ltr'><strong>ubique</strong></span> <span class='ocrx_word' id='word_1_47' title='bbox 1201 1557 1271 1618; x_wconf 90' lang='lat' dir='ltr'><strong>et</strong></span> <span class='ocrx_word' id='word_1_48' title='bbox 1321 1573 1575 1640; x_wconf 81' lang='lat' dir='ltr'><strong>semper</strong></span> <span class='ocrx_word' id='word_1_49' title='bbox 1617 1573 1794 1617; x_wconf 82' lang='lat' dir='ltr'><strong>nova</strong></span> <span class='ocrx_word' id='word_1_50' title='bbox 1841 1551 2274 1630; x_wconf 74' lang='lat' dir='ltr'><strong>inti-amenta,</strong></span> <span class='ocrx_word' id='word_1_51' title='bbox 2322 1571 2472 1617; x_wconf 90' lang='lat' dir='ltr'><strong>cum</strong></span> <span class='ocrx_word' id='word_1_52' title='bbox 2539 1556 2768 1618; x_wconf 86' lang='lat' dir='ltr'><strong>tamen</strong></span> <span class='ocrx_word' id='word_1_53' title='bbox 2813 1572 3003 1639; x_wconf 86' lang='lat' dir='ltr'><strong>opor-</strong></span> 
     </span>
     <span class='ocr_line' id='line_1_8' title="bbox 901 1652 3001 1733; baseline 0 -13"><span class='ocrx_word' id='word_1_54' title='bbox 901 1659 1044 1720; x_wconf 84' lang='lat' dir='ltr'><strong>teat</strong></span> <span class='ocrx_word' id='word_1_55' title='bbox 1071 1655 1212 1733; x_wconf 87' lang='lat' dir='ltr'><strong>hoc,</strong></span> <span class='ocrx_word' id='word_1_56' title='bbox 1235 1654 1368 1720; x_wconf 90' lang='lat' dir='ltr'><strong>nisi</strong></span> <span class='ocrx_word' id='word_1_57' title='bbox 1396 1655 1641 1720; x_wconf 86' lang='lat' dir='ltr'><strong>habeat</strong></span> <span class='ocrx_word' id='word_1_58' title='bbox 1686 1653 1947 1720; x_wconf 88' lang='lat' dir='ltr'><strong>tabulas</strong></span> <span class='ocrx_word' id='word_1_59' title='bbox 1976 1653 2178 1719; x_wconf 86' lang='lat' dir='ltr'><strong>semel</strong></span> <span class='ocrx_word' id='word_1_60' title='bbox 2204 1652 2618 1719; x_wconf 70' lang='lat' dir='ltr'><strong>certificatae.</strong></span> <span class='ocrx_word' id='word_1_61' title='bbox 2710 1653 2843 1720; x_wconf 89' lang='lat' dir='ltr'><strong>Sed</strong></span> <span class='ocrx_word' id='word_1_62' title='bbox 2895 1655 3001 1722; x_wconf 79' lang='lat' dir='ltr'><strong>hae</strong></span> 
     </span>
     <span class='ocr_line' id='line_1_9' title="bbox 900 1752 3001 1842; baseline -0 -20"><span class='ocrx_word' id='word_1_63' title='bbox 900 1757 1150 1824; x_wconf 82' lang='lat' dir='ltr'><strong>tabulae</strong></span> <span class='ocrx_word' id='word_1_64' title='bbox 1193 1761 1517 1823; x_wconf 76' lang='lat' dir='ltr'><strong>vocantur</strong></span> <span class='ocrx_word' id='word_1_65' title='bbox 1559 1753 1954 1824; x_wconf 74' lang='lat' dir='ltr'><strong>Abmomach</strong></span> <span class='ocrx_word' id='word_1_66' title='bbox 2012 1754 2122 1820; x_wconf 85' lang='lat' dir='ltr'><strong>vel</strong></span> <span class='ocrx_word' id='word_1_67' title='bbox 2176 1752 2599 1842; x_wconf 71' lang='lat' dir='ltr'><strong>Talliynum,</strong></span> <span class='ocrx_word' id='word_1_68' title='bbox 2647 1755 2719 1821; x_wconf 89' lang='lat' dir='ltr'><strong>in</strong></span> <span class='ocrx_word' id='word_1_69' title='bbox 2764 1757 3001 1842; x_wconf 91' lang='lat' dir='ltr'><strong>quibus</strong></span> 
     </span>
     <span class='ocr_line' id='line_1_10' title="bbox 900 1857 3001 1944; baseline 0 -20"><span class='ocrx_word' id='word_1_70' title='bbox 900 1859 1100 1926; x_wconf 85' lang='lat' dir='ltr'><strong>semel</strong></span> <span class='ocrx_word' id='word_1_71' title='bbox 1129 1863 1287 1924; x_wconf 89' lang='lat' dir='ltr'><strong>sunt</strong></span> <span class='ocrx_word' id='word_1_72' title='bbox 1318 1880 1542 1925; x_wconf 87' lang='lat' dir='ltr'><strong>omnes</strong></span> <span class='ocrx_word' id='word_1_73' title='bbox 1587 1862 1807 1924; x_wconf 88' lang='lat' dir='ltr'><strong>motus</strong></span> <span class='ocrx_word' id='word_1_74' title='bbox 1850 1858 2165 1924; x_wconf 81' lang='lat' dir='ltr'><strong>ooelorum</strong></span> <span class='ocrx_word' id='word_1_75' title='bbox 2194 1857 2543 1924; x_wconf 72' lang='lat' dir='ltr'><strong>certificati</strong></span> <span class='ocrx_word' id='word_1_76' title='bbox 2596 1879 2638 1922; x_wconf 88' lang='lat' dir='ltr'><strong>a</strong></span> <span class='ocrx_word' id='word_1_77' title='bbox 2678 1857 3001 1944; x_wconf 88' lang='lat' dir='ltr'><strong>principio</strong></span> 
     </span>
     <span class='ocr_line' id='line_1_11' title="bbox 899 1959 3000 2048; baseline 0 -22"><span class='ocrx_word' id='word_1_78' title='bbox 899 1961 1134 2026; x_wconf 88' lang='lat' dir='ltr'><strong>mundi</strong></span> <span class='ocrx_word' id='word_1_79' title='bbox 1181 1982 1388 2048; x_wconf 82' lang='lat' dir='ltr'><strong>usque</strong></span> <span class='ocrx_word' id='word_1_80' title='bbox 1432 1960 1507 2026; x_wconf 93' lang='lat' dir='ltr'><strong>in</strong></span> <span class='ocrx_word' id='word_1_81' title='bbox 1547 1961 1769 2039; x_wconf 90' lang='lat' dir='ltr'><strong>finem,</strong></span> <span class='ocrx_word' id='word_1_82' title='bbox 1802 1959 1947 2026; x_wconf 88' lang='lat' dir='ltr'><strong>sine</strong></span> <span class='ocrx_word' id='word_1_83' title='bbox 1994 1959 2383 2046; x_wconf 88' lang='lat' dir='ltr'><strong>quotidiano</strong></span> <span class='ocrx_word' id='word_1_84' title='bbox 2413 1959 2648 2037; x_wconf 83' lang='lat' dir='ltr'><strong>labore,</strong></span> <span class='ocrx_word' id='word_1_85' title='bbox 2682 1962 2762 2024; x_wconf 85' lang='lat' dir='ltr'><strong>ut</strong></span> <span class='ocrx_word' id='word_1_86' title='bbox 2804 1960 3000 2026; x_wconf 92' lang='lat' dir='ltr'><strong>homo</strong></span> 
     </span>
     <span class='ocr_line' id='line_1_12' title="bbox 899 2060 3001 2150; baseline 0 -23"><span class='ocrx_word' id='word_1_87' title='bbox 899 2062 1105 2150; x_wconf 87' lang='lat' dir='ltr'><strong>possit</strong></span> <span class='ocrx_word' id='word_1_88' title='bbox 1133 2063 1448 2150; x_wconf 87' lang='lat' dir='ltr'><strong>inspicere</strong></span> <span class='ocrx_word' id='word_1_89' title='bbox 1478 2063 1702 2128; x_wconf 86' lang='lat' dir='ltr'><strong>omnia</strong></span> <span class='ocrx_word' id='word_1_90' title='bbox 1731 2083 1883 2149; x_wconf 85' lang='lat' dir='ltr'><strong>quae</strong></span> <span class='ocrx_word' id='word_1_91' title='bbox 1917 2061 1991 2128; x_wconf 89' lang='lat' dir='ltr'><strong>in</strong></span> <span class='ocrx_word' id='word_1_92' title='bbox 2036 2061 2202 2128; x_wconf 90' lang='lat' dir='ltr'><strong>coelo</strong></span> <span class='ocrx_word' id='word_1_93' title='bbox 2246 2066 2402 2127; x_wconf 89' lang='lat' dir='ltr'><strong>sunt</strong></span> <span class='ocrx_word' id='word_1_94' title='bbox 2446 2061 2625 2127; x_wconf 88' lang='lat' dir='ltr'><strong>omni</strong></span> <span class='ocrx_word' id='word_1_95' title='bbox 2670 2060 2797 2142; x_wconf 88' lang='lat' dir='ltr'><strong>die,</strong></span> <span class='ocrx_word' id='word_1_96' title='bbox 2826 2061 3001 2128; x_wconf 87' lang='lat' dir='ltr'><strong>sicut</strong></span> 
     </span>
     <span class='ocr_line' id='line_1_13' title="bbox 897 2161 3001 2251; baseline 0 -23"><span class='ocrx_word' id='word_1_97' title='bbox 897 2186 1019 2230; x_wconf 85' lang='lat' dir='ltr'><strong>nos</strong></span> <span class='ocrx_word' id='word_1_98' title='bbox 1071 2165 1143 2230; x_wconf 87' lang='lat' dir='ltr'><strong>in</strong></span> <span class='ocrx_word' id='word_1_99' title='bbox 1191 2164 1561 2230; x_wconf 84' lang='lat' dir='ltr'><strong>calendario</strong></span> <span class='ocrx_word' id='word_1_100' title='bbox 1605 2161 2016 2251; x_wconf 86' lang='lat' dir='ltr'><strong>inspicimus¹</strong></span> <span class='ocrx_word' id='word_1_101' title='bbox 2068 2163 2291 2228; x_wconf 86' lang='lat' dir='ltr'><strong>omnia</strong></span> <span class='ocrx_word' id='word_1_102' title='bbox 2354 2163 2523 2228; x_wconf 81' lang='lat' dir='ltr'><strong>festa</strong></span> <span class='ocrx_word' id='word_1_103' title='bbox 2582 2168 3001 2244; x_wconf 79' lang='lat' dir='ltr'><strong>sanctorum3</strong></span> 
     </span>
     <span class='ocr_line' id='line_1_14' title="bbox 899 2264 3001 2353; baseline -0.001 -21"><span class='ocrx_word' id='word_1_104' title='bbox 899 2271 970 2332; x_wconf 83' lang='lat' dir='ltr'><strong>et</strong></span> <span class='ocrx_word' id='word_1_105' title='bbox 1015 2273 1176 2332; x_wconf 91' lang='lat' dir='ltr'><strong>tunc</strong></span> <span class='ocrx_word' id='word_1_106' title='bbox 1222 2265 1402 2331; x_wconf 88' lang='lat' dir='ltr'><strong>omni</strong></span> <span class='ocrx_word' id='word_1_107' title='bbox 1465 2265 1571 2331; x_wconf 81' lang='lat' dir='ltr'><strong>die</strong></span> <span class='ocrx_word' id='word_1_108' title='bbox 1618 2286 1954 2353; x_wconf 85' lang='lat' dir='ltr'><strong>possemus</strong></span> <span class='ocrx_word' id='word_1_109' title='bbox 2006 2264 2413 2330; x_wconf 86' lang='lat' dir='ltr'><strong>considerare</strong></span> <span class='ocrx_word' id='word_1_110' title='bbox 2457 2265 2532 2328; x_wconf 88' lang='lat' dir='ltr'><strong>in</strong></span> <span class='ocrx_word' id='word_1_111' title='bbox 2574 2265 2733 2330; x_wconf 88' lang='lat' dir='ltr'><strong>coelo</strong></span> <span class='ocrx_word' id='word_1_112' title='bbox 2777 2285 3001 2331; x_wconf 81' lang='lat' dir='ltr'><strong>causas</strong></span> 
     </span>
     <span class='ocr_line' id='line_1_15' title="bbox 897 2366 3001 2454; baseline -0 -21"><span class='ocrx_word' id='word_1_113' title='bbox 897 2369 1210 2448; x_wconf 87' lang='lat' dir='ltr'><strong>omnium,</strong></span> <span class='ocrx_word' id='word_1_114' title='bbox 1244 2387 1394 2453; x_wconf 84' lang='lat' dir='ltr'><strong>quae</strong></span> <span class='ocrx_word' id='word_1_115' title='bbox 1439 2367 1512 2432; x_wconf 90' lang='lat' dir='ltr'><strong>in</strong></span> <span class='ocrx_word' id='word_1_116' title='bbox 1555 2371 1734 2434; x_wconf 82' lang='lat' dir='ltr'><strong>terra</strong></span> <span class='ocrx_word' id='word_1_117' title='bbox 1779 2370 2205 2445; x_wconf 73' lang='lat' dir='ltr'><strong>renovantur,</strong></span> <span class='ocrx_word' id='word_1_118' title='bbox 2238 2371 2307 2432; x_wconf 83' lang='lat' dir='ltr'><strong>et</strong></span> <span class='ocrx_word' id='word_1_119' title='bbox 2350 2366 2757 2432; x_wconf 78' lang='lat' dir='ltr'><strong>consimilem</strong></span> <span class='ocrx_word' id='word_1_120' title='bbox 2786 2367 3001 2454; x_wconf 87' lang='lat' dir='ltr'><strong>dispo-</strong></span> 
     </span>
     <span class='ocr_line' id='line_1_16' title="bbox 897 2468 3001 2555; baseline -0.001 -21"><span class='ocrx_word' id='word_1_121' title='bbox 897 2470 1204 2535; x_wconf 88' lang='lat' dir='ltr'><strong>sitionem</strong></span> <span class='ocrx_word' id='word_1_122' title='bbox 1263 2468 1406 2535; x_wconf 87' lang='lat' dir='ltr'><strong>coeli</strong></span> <span class='ocrx_word' id='word_1_123' title='bbox 1467 2489 1758 2554; x_wconf 73' lang='lat' dir='ltr'><strong>quaerere</strong></span> <span class='ocrx_word' id='word_1_124' title='bbox 1817 2469 1890 2533; x_wconf 90' lang='lat' dir='ltr'><strong>in</strong></span> <span class='ocrx_word' id='word_1_125' title='bbox 1948 2468 2303 2555; x_wconf 73' lang='lat' dir='ltr'><strong>praeterito,</strong></span> <span class='ocrx_word' id='word_1_126' title='bbox 2365 2471 2437 2534; x_wconf 87' lang='lat' dir='ltr'><strong>et</strong></span> <span class='ocrx_word' id='word_1_127' title='bbox 2495 2468 2793 2534; x_wconf 84' lang='lat' dir='ltr'><strong>invenire</strong></span> <span class='ocrx_word' id='word_1_128' title='bbox 2852 2490 3001 2534; x_wconf 90' lang='lat' dir='ltr'><strong>con-</strong></span> 
     </span>
     <span class='ocr_line' id='line_1_17' title="bbox 896 2569 2999 2636; baseline 0 -2"><span class='ocrx_word' id='word_1_129' title='bbox 896 2571 1144 2636; x_wconf 84' lang='lat' dir='ltr'><strong>similes</strong></span> <span class='ocrx_word' id='word_1_130' title='bbox 1172 2569 1454 2636; x_wconf 85' lang='lat' dir='ltr'><strong>effectus.</strong></span> <span class='ocrx_word' id='word_1_131' title='bbox 1545 2571 1638 2635; x_wconf 88' lang='lat' dir='ltr'><strong>Et</strong></span> <span class='ocrx_word' id='word_1_132' title='bbox 1696 2569 2005 2636; x_wconf 84' lang='lat' dir='ltr'><strong>similiter</strong></span> <span class='ocrx_word' id='word_1_133' title='bbox 2054 2569 2136 2636; x_wconf 90' lang='lat' dir='ltr'><strong>de</strong></span> <span class='ocrx_word' id='word_1_134' title='bbox 2196 2569 2436 2636; x_wconf 87' lang='lat' dir='ltr'><strong>futuro.</strong></span> <span class='ocrx_word' id='word_1_135' title='bbox 2500 2569 2593 2636; x_wconf 87' lang='lat' dir='ltr'><strong>Et</strong></span> <span class='ocrx_word' id='word_1_136' title='bbox 2636 2569 2733 2636; x_wconf 86' lang='lat' dir='ltr'><strong>sic</strong></span> <span class='ocrx_word' id='word_1_137' title='bbox 2776 2570 2999 2636; x_wconf 90' lang='lat' dir='ltr'><strong>omnia</strong></span> 
     </span>
     <span class='ocr_line' id='line_1_18' title="bbox 895 2670 2999 2758; baseline -0 -21"><span class='ocrx_word' id='word_1_138' title='bbox 895 2677 1451 2758; x_wconf 83' lang='lat' dir='ltr'><strong>cognoscerentur.</strong></span> <span class='ocrx_word' id='word_1_139' title='bbox 1523 2671 1615 2736; x_wconf 90' lang='lat' dir='ltr'><strong>Et</strong></span> <span class='ocrx_word' id='word_1_140' title='bbox 1642 2671 1748 2738; x_wconf 84' lang='lat' dir='ltr'><strong>hae</strong></span> <span class='ocrx_word' id='word_1_141' title='bbox 1778 2670 2029 2737; x_wconf 83' lang='lat' dir='ltr'><strong>tabulae</strong></span> <span class='ocrx_word' id='word_1_142' title='bbox 2058 2670 2359 2738; x_wconf 83' lang='lat' dir='ltr'><strong>valerent</strong></span> <span class='ocrx_word' id='word_1_143' title='bbox 2392 2671 2775 2736; x_wconf 84' lang='lat' dir='ltr'><strong>thesaurum</strong></span> <span class='ocrx_word' id='word_1_144' title='bbox 2803 2672 2999 2736; x_wconf 87' lang='lat' dir='ltr'><strong>unius</strong></span> 
     </span>
     <span class='ocr_line' id='line_1_19' title="bbox 895 2769 2997 2860; baseline 0 -23"><span class='ocrx_word' id='word_1_145' title='bbox 895 2773 1108 2859; x_wconf 81' lang='lat' dir='ltr'><strong>regis;</strong></span> <span class='ocrx_word' id='word_1_146' title='bbox 1155 2777 1224 2837; x_wconf 91' lang='lat' dir='ltr'><strong>et</strong></span> <span class='ocrx_word' id='word_1_147' title='bbox 1283 2769 1432 2836; x_wconf 91' lang='lat' dir='ltr'><strong>ideo</strong></span> <span class='ocrx_word' id='word_1_148' title='bbox 1493 2792 1630 2836; x_wconf 90' lang='lat' dir='ltr'><strong>non</strong></span> <span class='ocrx_word' id='word_1_149' title='bbox 1687 2773 1927 2838; x_wconf 88' lang='lat' dir='ltr'><strong>fierent</strong></span> <span class='ocrx_word' id='word_1_150' title='bbox 1986 2772 2129 2838; x_wconf 89' lang='lat' dir='ltr'><strong>sine</strong></span> <span class='ocrx_word' id='word_1_151' title='bbox 2180 2772 2439 2860; x_wconf 82' lang='lat' dir='ltr'><strong>magnis</strong></span> <span class='ocrx_word' id='word_1_152' title='bbox 2496 2771 2813 2859; x_wconf 81' lang='lat' dir='ltr'><strong>expensis.</strong></span> <span class='ocrx_word' id='word_1_153' title='bbox 2906 2773 2997 2839; x_wconf 87' lang='lat' dir='ltr'><strong>Et</strong></span> 
     </span>
     <span class='ocr_line' id='line_1_20' title="bbox 896 2871 2997 2963; baseline -0.001 -22"><span class='ocrx_word' id='word_1_154' title='bbox 896 2896 1068 2961; x_wconf 79' lang='lat' dir='ltr'><strong>saepe</strong></span> <span class='ocrx_word' id='word_1_155' title='bbox 1121 2894 1461 2962; x_wconf 78' lang='lat' dir='ltr'><strong>aggressus</strong></span> <span class='ocrx_word' id='word_1_156' title='bbox 1505 2895 1652 2940; x_wconf 87' lang='lat' dir='ltr'><strong>sum</strong></span> <span class='ocrx_word' id='word_1_157' title='bbox 1697 2873 2239 2963; x_wconf 72' lang='lat' dir='ltr'><strong>compositionem</strong></span> <span class='ocrx_word' id='word_1_158' title='bbox 2282 2875 2559 2940; x_wconf 86' lang='lat' dir='ltr'><strong>istarum</strong></span> <span class='ocrx_word' id='word_1_159' title='bbox 2600 2871 2997 2957; x_wconf 75' lang='lat' dir='ltr'><strong>tabularum,</strong></span> 
     </span>
     <span class='ocr_line' id='line_1_21' title="bbox 894 2974 2997 3065; baseline 0 -24"><span class='ocrx_word' id='word_1_160' title='bbox 894 2976 1008 3041; x_wconf 89' lang='lat' dir='ltr'><strong>sed</strong></span> <span class='ocrx_word' id='word_1_161' title='bbox 1068 2996 1204 3041; x_wconf 90' lang='lat' dir='ltr'><strong>non</strong></span> <span class='ocrx_word' id='word_1_162' title='bbox 1271 2974 1460 3063; x_wconf 86' lang='lat' dir='ltr'><strong>potui</strong></span> <span class='ocrx_word' id='word_1_163' title='bbox 1519 2996 1967 3042; x_wconf 81' lang='lat' dir='ltr'><strong>consummare</strong></span> <span class='ocrx_word' id='word_1_164' title='bbox 2026 2981 2295 3065; x_wconf 86' lang='lat' dir='ltr'><strong>propter</strong></span> <span class='ocrx_word' id='word_1_165' title='bbox 2368 2974 2695 3041; x_wconf 85' lang='lat' dir='ltr'><strong>defectum</strong></span> <span class='ocrx_word' id='word_1_166' title='bbox 2755 2997 2997 3063; x_wconf 84' lang='lat' dir='ltr'><strong>expen-</strong></span> 
     </span>
     <span class='ocr_line' id='line_1_22' title="bbox 894 3075 2992 3164; baseline 0.001 -23"><span class='ocrx_word' id='word_1_167' title='bbox 894 3098 1135 3156; x_wconf 84' lang='lat' dir='ltr'><strong>sarum,</strong></span> <span class='ocrx_word' id='word_1_168' title='bbox 1189 3080 1258 3142; x_wconf 82' lang='lat' dir='ltr'><strong>et</strong></span> <span class='ocrx_word' id='word_1_169' title='bbox 1309 3075 1671 3143; x_wconf 79' lang='lat' dir='ltr'><strong>stultitiam</strong></span> <span class='ocrx_word' id='word_1_170' title='bbox 1717 3097 1945 3144; x_wconf 89' lang='lat' dir='ltr'><strong>eorum</strong></span> <span class='ocrx_word' id='word_1_171' title='bbox 1989 3098 2141 3143; x_wconf 91' lang='lat' dir='ltr'><strong>cum</strong></span> <span class='ocrx_word' id='word_1_172' title='bbox 2200 3078 2441 3164; x_wconf 86' lang='lat' dir='ltr'><strong>quibus</strong></span> <span class='ocrx_word' id='word_1_173' title='bbox 2506 3076 2711 3143; x_wconf 87' lang='lat' dir='ltr'><strong>habui</strong></span> <span class='ocrx_word' id='word_1_174' title='bbox 2769 3076 2992 3144; x_wconf 86' lang='lat' dir='ltr'><strong>facere.</strong></span> 
     </span>
     <span class='ocr_line' id='line_1_23' title="bbox 893 3176 2995 3267; baseline 0.001 -24"><span class='ocrx_word' id='word_1_175' title='bbox 893 3176 1074 3243; x_wconf 84' lang='lat' dir='ltr'><strong>Nam</strong></span> <span class='ocrx_word' id='word_1_176' title='bbox 1131 3177 1344 3265; x_wconf 88' lang='lat' dir='ltr'><strong>primo</strong></span> <span class='ocrx_word' id='word_1_177' title='bbox 1403 3182 1664 3265; x_wconf 86' lang='lat' dir='ltr'><strong>oportet</strong></span> <span class='ocrx_word' id='word_1_178' title='bbox 1721 3178 1933 3247; x_wconf 77' lang='lat' dir='ltr'><strong>facere</strong></span> <span class='ocrx_word' id='word_1_179' title='bbox 1991 3179 2233 3245; x_wconf 86' lang='lat' dir='ltr'><strong>instrui</strong></span> <span class='ocrx_word' id='word_1_180' title='bbox 2293 3200 2530 3267; x_wconf 88' lang='lat' dir='ltr'><strong>pueros</strong></span> <span class='ocrx_word' id='word_1_181' title='bbox 2605 3178 2829 3245; x_wconf 89' lang='lat' dir='ltr'><strong>decem</strong></span> <span class='ocrx_word' id='word_1_182' title='bbox 2887 3179 2995 3245; x_wconf 86' lang='lat' dir='ltr'><strong>vel</strong></span> 
     </span>
     <span class='ocr_line' id='line_1_24' title="bbox 893 3278 2992 3367; baseline -0 -22"><span class='ocrx_word' id='word_1_183' title='bbox 893 3278 1234 3347; x_wconf 85' lang='lat' dir='ltr'><strong>duodecim</strong></span> <span class='ocrx_word' id='word_1_184' title='bbox 1277 3280 1351 3345; x_wconf 90' lang='lat' dir='ltr'><strong>in</strong></span> <span class='ocrx_word' id='word_1_185' title='bbox 1395 3280 1754 3347; x_wconf 84' lang='lat' dir='ltr'><strong>canonibus</strong></span> <span class='ocrx_word' id='word_1_186' title='bbox 1799 3286 1869 3347; x_wconf 90' lang='lat' dir='ltr'><strong>et</strong></span> <span class='ocrx_word' id='word_1_187' title='bbox 1912 3280 2157 3347; x_wconf 85' lang='lat' dir='ltr'><strong>tabulis</strong></span> <span class='ocrx_word' id='word_1_188' title='bbox 2203 3280 2625 3347; x_wconf 63' lang='lat' dir='ltr'><strong>astronomiae</strong></span> <span class='ocrx_word' id='word_1_189' title='bbox 2665 3280 2992 3367; x_wconf 81' lang='lat' dir='ltr'><strong>vulgatis3</strong></span> 
     </span>
     <span class='ocr_line' id='line_1_25' title="bbox 892 3382 2993 3469; baseline -0.001 -21"><span class='ocrx_word' id='word_1_190' title='bbox 892 3388 961 3449; x_wconf 86' lang='lat' dir='ltr'><strong>ct</strong></span> <span class='ocrx_word' id='word_1_191' title='bbox 1001 3382 1263 3469; x_wconf 85' lang='lat' dir='ltr'><strong>quando</strong></span> <span class='ocrx_word' id='word_1_192' title='bbox 1307 3382 1474 3449; x_wconf 87' lang='lat' dir='ltr'><strong>bene</strong></span> <span class='ocrx_word' id='word_1_193' title='bbox 1520 3383 1763 3450; x_wconf 86' lang='lat' dir='ltr'><strong>scirent</strong></span> <span class='ocrx_word' id='word_1_194' title='bbox 1808 3382 2083 3469; x_wconf 86' lang='lat' dir='ltr'><strong>operari,</strong></span> <span class='ocrx_word' id='word_1_195' title='bbox 2128 3386 2289 3449; x_wconf 87' lang='lat' dir='ltr'><strong>tunc</strong></span> <span class='ocrx_word' id='word_1_196' title='bbox 2330 3404 2450 3469; x_wconf 82' lang='lat' dir='ltr'><strong>per</strong></span> <span class='ocrx_word' id='word_1_197' title='bbox 2492 3404 2697 3449; x_wconf 91' lang='lat' dir='ltr'><strong>unum</strong></span> <span class='ocrx_word' id='word_1_198' title='bbox 2746 3402 2993 3447; x_wconf 87' lang='lat' dir='ltr'><strong>annum</strong></span> 
     </span>
     <span class='ocr_line' id='line_1_26' title="bbox 893 3482 2991 3572; baseline -0 -22"><span class='ocrx_word' id='word_1_199' title='bbox 893 3482 1241 3551; x_wconf 76' lang='lat' dir='ltr'><strong>deberent&#39;</strong></span> <span class='ocrx_word' id='word_1_200' title='bbox 1312 3484 1610 3551; x_wconf 78' lang='lat' dir='ltr'><strong>invenire</strong></span> <span class='ocrx_word' id='word_1_201' title='bbox 1669 3489 1889 3550; x_wconf 87' lang='lat' dir='ltr'><strong>motus</strong></span> <span class='ocrx_word' id='word_1_202' title='bbox 1956 3484 2363 3572; x_wconf 85' lang='lat' dir='ltr'><strong>singulorum</strong></span> <span class='ocrx_word' id='word_1_203' title='bbox 2429 3484 2845 3571; x_wconf 83' lang='lat' dir='ltr'><strong>planetarum</strong></span> <span class='ocrx_word' id='word_1_204' title='bbox 2904 3484 2991 3549; x_wconf 87' lang='lat' dir='ltr'><strong>ad</strong></span> 
     </span>
     <span class='ocr_line' id='line_1_27' title="bbox 891 3583 2992 3668; baseline 0 -17"><span class='ocrx_word' id='word_1_205' title='bbox 891 3606 1152 3652; x_wconf 90' lang='lat' dir='ltr'><strong>omnem</strong></span> <span class='ocrx_word' id='word_1_206' title='bbox 1196 3586 1372 3652; x_wconf 88' lang='lat' dir='ltr'><strong>diem</strong></span> <span class='ocrx_word' id='word_1_207' title='bbox 1417 3590 1486 3651; x_wconf 91' lang='lat' dir='ltr'><strong>et</strong></span> <span class='ocrx_word' id='word_1_208' title='bbox 1544 3587 1793 3668; x_wconf 85' lang='lat' dir='ltr'><strong>horam,</strong></span> <span class='ocrx_word' id='word_1_209' title='bbox 1841 3584 2197 3651; x_wconf 87' lang='lat' dir='ltr'><strong>secundum</strong></span> <span class='ocrx_word' id='word_1_210' title='bbox 2256 3583 2555 3651; x_wconf 81' lang='lat' dir='ltr'><strong>omnem⁸</strong></span> <span class='ocrx_word' id='word_1_211' title='bbox 2604 3585 2992 3651; x_wconf 72' lang='lat' dir='ltr'><strong>varietatem</strong></span> 
     </span>
     <span class='ocr_line' id='line_1_28' title="bbox 891 3686 2875 3773; baseline 0.001 -24"><span class='ocrx_word' id='word_1_212' title='bbox 891 3691 1191 3751; x_wconf 88' lang='lat' dir='ltr'><strong>motuum</strong></span> <span class='ocrx_word' id='word_1_213' title='bbox 1237 3707 1480 3765; x_wconf 87' lang='lat' dir='ltr'><strong>eorum,</strong></span> <span class='ocrx_word' id='word_1_214' title='bbox 1514 3692 1584 3753; x_wconf 85' lang='lat' dir='ltr'><strong>et</strong></span> <span class='ocrx_word' id='word_1_215' title='bbox 1627 3691 1871 3754; x_wconf 69' lang='lat' dir='ltr'><strong>caetera</strong></span> <span class='ocrx_word' id='word_1_216' title='bbox 1914 3706 2064 3773; x_wconf 85' lang='lat' dir='ltr'><strong>quae</strong></span> <span class='ocrx_word' id='word_1_217' title='bbox 2107 3686 2181 3752; x_wconf 92' lang='lat' dir='ltr'><strong>in</strong></span> <span class='ocrx_word' id='word_1_218' title='bbox 2224 3686 2401 3753; x_wconf 84' lang='lat' dir='ltr'><strong>coelis</strong></span> <span class='ocrx_word' id='word_1_219' title='bbox 2445 3694 2875 3753; x_wconf 77' lang='lat' dir='ltr'><strong>renovantur.</strong></span> 
     </span>
     <span class='ocr_line' id='line_1_29' title="bbox 555 3785 2991 3877; baseline 0.005 -35"><span class='ocrx_word' id='word_1_220' title='bbox 555 3792 843 3875; x_wconf 56' lang='grc' dir='ltr'><strong>σωτηρίη,</strong></span> <span class='ocrx_word' id='word_1_221' title='bbox 980 3785 1240 3853; x_wconf 90' lang='lat' dir='ltr'><strong>Deinde</strong></span> <span class='ocrx_word' id='word_1_222' title='bbox 1285 3793 1442 3853; x_wconf 89' lang='lat' dir='ltr'><strong>sunt</strong></span> <span class='ocrx_word' id='word_1_223' title='bbox 1486 3788 1620 3854; x_wconf 86' lang='lat' dir='ltr'><strong>alia</strong></span> <span class='ocrx_word' id='word_1_224' title='bbox 1661 3788 2109 3855; x_wconf 86' lang='lat' dir='ltr'><strong>instrumenta</strong></span> <span class='ocrx_word' id='word_1_225' title='bbox 2150 3793 2219 3854; x_wconf 88' lang='lat' dir='ltr'><strong>et</strong></span> <span class='ocrx_word' id='word_1_226' title='bbox 2269 3788 2519 3855; x_wconf 82' lang='lat' dir='ltr'><strong>tabulae</strong></span> <span class='ocrx_word' id='word_1_227' title='bbox 2580 3789 2991 3877; x_wconf 74' lang='lat' dir='ltr'><strong>geometrica)</strong></span> 
     </span>
     <span class='ocr_line' id='line_1_30' title="bbox 547 3862 2995 3993; baseline 0.002 -41"><span class='ocrx_word' id='word_1_228' title='bbox 547 3862 652 3993; x_wconf 50' lang='lat'><strong>:33¹</strong></span> <span class='ocrx_word' id='word_1_229' title='bbox 675 3876 862 3991; x_wconf 43' lang='grc' dir='ltr'><strong>ἓξὲξ</strong></span> <span class='ocrx_word' id='word_1_230' title='bbox 887 3888 1208 3973; x_wconf 66' lang='lat' dir='ltr'><strong>practicae,</strong></span> <span class='ocrx_word' id='word_1_231' title='bbox 1257 3893 1326 3954; x_wconf 89' lang='lat' dir='ltr'><strong>et</strong></span> <span class='ocrx_word' id='word_1_232' title='bbox 1369 3888 1804 3957; x_wconf 72' lang='lat' dir='ltr'><strong>arithmeticos</strong></span> <span class='ocrx_word' id='word_1_233' title='bbox 1846 3890 2167 3979; x_wconf 66' lang='lat' dir='ltr'><strong>practicae,</strong></span> <span class='ocrx_word' id='word_1_234' title='bbox 2214 3895 2283 3956; x_wconf 87' lang='lat' dir='ltr'><strong>et</strong></span> <span class='ocrx_word' id='word_1_235' title='bbox 2326 3888 2607 3968; x_wconf 84' lang='lat' dir='ltr'><strong>musicae,</strong></span> <span class='ocrx_word' id='word_1_236' title='bbox 2642 3910 2791 3976; x_wconf 81' lang='lat' dir='ltr'><strong>quse</strong></span> <span class='ocrx_word' id='word_1_237' title='bbox 2835 3897 2995 3957; x_wconf 84' lang='lat' dir='ltr'><strong>sunt</strong></span> 
     </span>
     <span class='ocr_line' id='line_1_31' title="bbox 884 3988 2993 4079; baseline 0.001 -25"><span class='ocrx_word' id='word_1_238' title='bbox 884 3989 1202 4055; x_wconf 78' lang='lat' dir='ltr'><strong>utilitatis</strong></span> <span class='ocrx_word' id='word_1_239' title='bbox 1246 4011 1525 4077; x_wconf 82' lang='lat' dir='ltr'><strong>magnae,</strong></span> <span class='ocrx_word' id='word_1_240' title='bbox 1573 3997 1642 4057; x_wconf 89' lang='lat' dir='ltr'><strong>et</strong></span> <span class='ocrx_word' id='word_1_241' title='bbox 1685 3992 2047 4059; x_wconf 85' lang='lat' dir='ltr'><strong>necessario</strong></span> <span class='ocrx_word' id='word_1_242' title='bbox 2076 3992 2520 4079; x_wconf 85' lang='lat' dir='ltr'><strong>requiruntur.</strong></span> <span class='ocrx_word' id='word_1_243' title='bbox 2618 3988 2753 4059; x_wconf 86' lang='lat' dir='ltr'><strong>Sed</strong></span> <span class='ocrx_word' id='word_1_244' title='bbox 2797 3990 2993 4078; x_wconf 88' lang='lat' dir='ltr'><strong>longe</strong></span> 
     </span>
     <span class='ocr_line' id='line_1_32' title="bbox 881 4090 2986 4179; baseline 0.001 -22"><span class='ocrx_word' id='word_1_245' title='bbox 881 4090 1094 4177; x_wconf 86' lang='lat' dir='ltr'><strong>magis</strong></span> <span class='ocrx_word' id='word_1_246' title='bbox 1152 4106 1354 4177; x_wconf 89' lang='lat' dir='ltr'><strong>quam</strong></span> <span class='ocrx_word' id='word_1_247' title='bbox 1402 4091 1544 4159; x_wconf 84' lang='lat' dir='ltr'><strong>haec</strong></span> <span class='ocrx_word' id='word_1_248' title='bbox 1602 4098 1937 4179; x_wconf 87' lang='lat' dir='ltr'><strong>oporteret</strong></span> <span class='ocrx_word' id='word_1_249' title='bbox 1996 4094 2293 4160; x_wconf 89' lang='lat' dir='ltr'><strong>homines</strong></span> <span class='ocrx_word' id='word_1_250' title='bbox 2342 4091 2593 4174; x_wconf 85' lang='lat' dir='ltr'><strong>haberi,</strong></span> <span class='ocrx_word' id='word_1_251' title='bbox 2640 4092 2757 4179; x_wconf 85' lang='lat' dir='ltr'><strong>qui</strong></span> <span class='ocrx_word' id='word_1_252' title='bbox 2802 4092 2986 4174; x_wconf 89' lang='lat' dir='ltr'><strong>bene,</strong></span> 
     </span>
     <span class='ocr_line' id='line_1_33' title="bbox 881 4191 2985 4283; baseline 0.001 -25"><span class='ocrx_word' id='word_1_253' title='bbox 881 4194 1084 4259; x_wconf 92' lang='lat' dir='ltr'><strong>immo</strong></span> <span class='ocrx_word' id='word_1_254' title='bbox 1128 4191 1375 4279; x_wconf 89' lang='lat' dir='ltr'><strong>optime</strong></span> <span class='ocrx_word' id='word_1_255' title='bbox 1419 4193 1661 4259; x_wconf 84' lang='lat' dir='ltr'><strong>scirent</strong></span> <span class='ocrx_word' id='word_1_256' title='bbox 1689 4194 2167 4283; x_wconf 79' lang='lat' dir='ltr'><strong>perspectivam</strong></span> <span class='ocrx_word' id='word_1_257' title='bbox 2215 4200 2287 4261; x_wconf 88' lang='lat' dir='ltr'><strong>et</strong></span> <span class='ocrx_word' id='word_1_258' title='bbox 2329 4194 2774 4261; x_wconf 81' lang='lat' dir='ltr'><strong>instrumenta</strong></span> <span class='ocrx_word' id='word_1_259' title='bbox 2826 4194 2985 4280; x_wconf 88' lang='lat' dir='ltr'><strong>ejus.</strong></span> 
     </span>
     <span class='ocr_line' id='line_1_34' title="bbox 880 4290 2990 4383; baseline 0 -22"><span class='ocrx_word' id='word_1_260' title='bbox 880 4294 1058 4361; x_wconf 87' lang='lat' dir='ltr'><strong>Nam</strong></span> <span class='ocrx_word' id='word_1_261' title='bbox 1115 4290 1294 4362; x_wconf 73' lang='lat' dir='ltr'><strong>haec*</strong></span> <span class='ocrx_word' id='word_1_262' title='bbox 1351 4294 1624 4361; x_wconf 86' lang='lat' dir='ltr'><strong>scientia</strong></span> <span class='ocrx_word' id='word_1_263' title='bbox 1667 4300 1770 4362; x_wconf 89' lang='lat' dir='ltr'><strong>est</strong></span> <span class='ocrx_word' id='word_1_264' title='bbox 1841 4296 1926 4363; x_wconf 89' lang='lat' dir='ltr'><strong>de</strong></span> <span class='ocrx_word' id='word_1_265' title='bbox 1984 4296 2133 4363; x_wconf 84' lang='lat' dir='ltr'><strong>visu</strong></span> <span class='ocrx_word' id='word_1_266' title='bbox 2200 4294 2409 4377; x_wconf 83' lang='lat' dir='ltr'><strong>vero‚⁶</strong></span> <span class='ocrx_word' id='word_1_267' title='bbox 2466 4300 2537 4364; x_wconf 90' lang='lat' dir='ltr'><strong>et</strong></span> <span class='ocrx_word' id='word_1_268' title='bbox 2598 4317 2716 4383; x_wconf 91' lang='lat' dir='ltr'><strong>per</strong></span> <span class='ocrx_word' id='word_1_269' title='bbox 2772 4295 2990 4361; x_wconf 83' lang='lat' dir='ltr'><strong>visum</strong></span> 
     </span>
    </p>
   </div>
   <div class='ocr_carea' id='block_1_3' title="bbox 932 4591 2805 4823">
    <p class='ocr_par' dir='ltr' id='par_1_3' title="bbox 932 4591 2805 4823">
     <span class='ocr_line' id='line_1_35' title="bbox 939 4591 2805 4665; baseline 0.002 -22"><span class='ocrx_word' id='word_1_270' title='bbox 939 4592 954 4624; x_wconf 87' lang='lat'><strong>¹</strong></span> <span class='ocrx_word' id='word_1_271' title='bbox 980 4591 1288 4661; x_wconf 70' lang='lat' dir='ltr'><strong>inspicimus]</strong></span> <span class='ocrx_word' id='word_1_272' title='bbox 1326 4592 1611 4659; x_wconf 76' lang='lat' dir='ltr'><strong>aspicimus,</strong></span> <span class='ocrx_word' id='word_1_273' title='bbox 1634 4594 1698 4647; x_wconf 87' lang='lat' dir='ltr'><strong>T.</strong></span> <span class='ocrx_word' id='word_1_274' title='bbox 1803 4656 1809 4665; x_wconf 38' lang='grc'><strong>,</strong></span> <span class='ocrx_word' id='word_1_275' title='bbox 2045 4596 2066 4627; x_wconf 85' lang='lat'><strong>⁴</strong></span> <span class='ocrx_word' id='word_1_276' title='bbox 2086 4594 2223 4648; x_wconf 72' lang='lat' dir='ltr'><strong>Nam</strong></span> <span class='ocrx_word' id='word_1_277' title='bbox 2244 4594 2373 4663; x_wconf 68' lang='lat' dir='ltr'><strong>Iaoec]</strong></span> <span class='ocrx_word' id='word_1_278' title='bbox 2413 4594 2541 4649; x_wconf 61' lang='lat' dir='ltr'><strong>Hac</strong></span> <span class='ocrx_word' id='word_1_279' title='bbox 2562 4595 2717 4659; x_wconf 82' lang='lat' dir='ltr'><strong>enim,</strong></span> <span class='ocrx_word' id='word_1_280' title='bbox 2742 4594 2805 4647; x_wconf 87' lang='lat' dir='ltr'><strong>T.</strong></span> 
     </span>
     <span class='ocr_line' id='line_1_36' title="bbox 935 4670 1638 4740; baseline 0.007 -17"><span class='ocrx_word' id='word_1_281' title='bbox 935 4672 956 4703; x_wconf 84' lang='lat'>⁸</span> <span class='ocrx_word' id='word_1_282' title='bbox 977 4670 1224 4740; x_wconf 73' lang='lat' dir='ltr'><strong>deberent]</strong></span> <span class='ocrx_word' id='word_1_283' title='bbox 1262 4672 1462 4736; x_wconf 81' lang='lat' dir='ltr'><strong>debent,</strong></span> <span class='ocrx_word' id='word_1_284' title='bbox 1483 4672 1544 4727; x_wconf 89' lang='lat' dir='ltr'><strong>B.</strong></span> <span class='ocrx_word' id='word_1_285' title='bbox 1571 4674 1638 4728; x_wconf 84' lang='lat' dir='ltr'><strong>U.</strong></span> 
     </span>
     <span class='ocr_line' id='line_1_37' title="bbox 932 4750 2735 4823; baseline 0.002 -21"><span class='ocrx_word' id='word_1_286' title='bbox 932 4750 954 4783; x_wconf 81' lang='lat'>⁸</span> <span class='ocrx_word' id='word_1_287' title='bbox 976 4750 1179 4819; x_wconf 66' lang='lat' dir='ltr'><strong>omnem]</strong></span> <span class='ocrx_word' id='word_1_288' title='bbox 1216 4765 1316 4805; x_wconf 83' lang='lat' dir='ltr'><strong>om.</strong></span> <span class='ocrx_word' id='word_1_289' title='bbox 1349 4752 1411 4806; x_wconf 89' lang='lat' dir='ltr'><strong>T.</strong></span> <span class='ocrx_word' id='word_1_290' title='bbox 2042 4754 2064 4787; x_wconf 80' lang='lat'>⁸</span> <span class='ocrx_word' id='word_1_291' title='bbox 2084 4752 2223 4823; x_wconf 80' lang='lat' dir='ltr'><strong>vero]</strong></span> <span class='ocrx_word' id='word_1_292' title='bbox 2266 4767 2455 4821; x_wconf 72' lang='lat' dir='ltr'><strong>rerum,</strong></span> <span class='ocrx_word' id='word_1_293' title='bbox 2489 4756 2550 4809; x_wconf 91' lang='lat' dir='ltr'><strong>B.</strong></span> <span class='ocrx_word' id='word_1_294' title='bbox 2573 4752 2640 4808; x_wconf 86' lang='lat' dir='ltr'><strong>U.</strong></span> <span class='ocrx_word' id='word_1_295' title='bbox 2676 4754 2735 4806; x_wconf 91' lang='lat' dir='ltr'><strong>L.</strong></span> 
     </span>
    </p>
   </div>
  </div>
 </body>
</html>
