<?xml version="1.0" encoding="UTF-8"?>
<!DOCTYPE html PUBLIC "-//W3C//DTD XHTML 1.0 Transitional//EN"
    "http://www.w3.org/TR/xhtml1/DTD/xhtml1-transitional.dtd">
<html xmlns="http://www.w3.org/1999/xhtml" xml:lang="en" lang="en">
 <head>
  <title>
</title>
<meta http-equiv="Content-Type" content="text/html;charset=utf-8" />
  <meta name='ocr-system' content='tesseract 3.04.00' />
  <meta name='ocr-capabilities' content='ocr_page ocr_carea ocr_par ocr_line ocrx_word'/>
</head>
<body>
  <div class='ocr_page' id='page_1' title='image "./frrogeribaconop00brewgoog_0682.png"; bbox 0 0 3517 5750; ppageno 0'>
   <div class='ocr_carea' id='block_1_1' title="bbox 1288 857 2587 924">
    <p class='ocr_par' dir='ltr' id='par_1_1' title="bbox 1288 857 2587 924">
     <span class='ocr_line' id='line_1_1' title="bbox 1288 857 2587 924; baseline 0.002 -4"><span class='ocrx_word' id='word_1_1' title='bbox 1288 871 1646 921; x_wconf 68' lang='lat' dir='ltr'><strong>Aprssnmx</strong></span> <span class='ocrx_word' id='word_1_2' title='bbox 1691 873 1763 920; x_wconf 89' lang='lat'><strong>11.</strong></span> <span class='ocrx_word' id='word_1_3' title='bbox 2459 857 2587 924; x_wconf 82' lang='lat'><strong>569</strong></span> 
     </span>
    </p>
   </div>
   <div class='ocr_carea' id='block_1_2' title="bbox 475 1045 2617 4805">
    <p class='ocr_par' dir='ltr' id='par_1_2' title="bbox 488 1045 2593 1746">
     <span class='ocr_line' id='line_1_2' title="bbox 489 1045 2593 1136; baseline -0.001 -21"><span class='ocrx_word' id='word_1_4' title='bbox 489 1055 526 1085; x_wconf 88' lang='lat'><strong>“</strong></span> <span class='ocrx_word' id='word_1_5' title='bbox 571 1054 860 1136; x_wconf 81' lang='lat' dir='ltr'><strong>cogatur,</strong></span> <span class='ocrx_word' id='word_1_6' title='bbox 905 1052 986 1114; x_wconf 91' lang='lat' dir='ltr'><strong>ut</strong></span> <span class='ocrx_word' id='word_1_7' title='bbox 1029 1046 1194 1112; x_wconf 86' lang='lat' dir='ltr'><strong>velit</strong></span> <span class='ocrx_word' id='word_1_8' title='bbox 1254 1047 1464 1134; x_wconf 84' lang='lat' dir='ltr'><strong>gratis</strong></span> <span class='ocrx_word' id='word_1_9' title='bbox 1531 1046 1716 1132; x_wconf 83' lang='lat' dir='ltr'><strong>sequi</strong></span> <span class='ocrx_word' id='word_1_10' title='bbox 1783 1045 2245 1111; x_wconf 72' lang='lat' dir='ltr'><strong>inclinationes</strong></span> <span class='ocrx_word' id='word_1_11' title='bbox 2308 1047 2593 1133; x_wconf 81' lang='lat' dir='ltr'><strong>corporis</strong></span> 
     </span>
     <span class='ocr_line' id='line_1_3' title="bbox 492 1146 2591 1235; baseline -0.001 -19"><span class='ocrx_word' id='word_1_12' title='bbox 492 1157 528 1187; x_wconf 90' lang='lat'><strong><em>“</em></strong></span> <span class='ocrx_word' id='word_1_13' title='bbox 571 1151 658 1216; x_wconf 82' lang='lat' dir='ltr'><strong>ad</strong></span> <span class='ocrx_word' id='word_1_14' title='bbox 701 1155 890 1216; x_wconf 85' lang='lat' dir='ltr'><strong>actus</strong></span> <span class='ocrx_word' id='word_1_15' title='bbox 945 1148 1236 1235; x_wconf 85' lang='lat' dir='ltr'><strong>privatos</strong></span> <span class='ocrx_word' id='word_1_16' title='bbox 1299 1147 1407 1214; x_wconf 88' lang='lat' dir='ltr'><strong>vel</strong></span> <span class='ocrx_word' id='word_1_17' title='bbox 1468 1147 1781 1235; x_wconf 88' lang='lat' dir='ltr'><strong>publicos,</strong></span> <span class='ocrx_word' id='word_1_18' title='bbox 1826 1147 1936 1212; x_wconf 76' lang='lat' dir='ltr'><strong>vel</strong></span> <span class='ocrx_word' id='word_1_19' title='bbox 2003 1146 2088 1213; x_wconf 78' lang='lat' dir='ltr'><strong>ad</strong></span> <span class='ocrx_word' id='word_1_20' title='bbox 2152 1147 2359 1214; x_wconf 83' lang='lat' dir='ltr'><strong>bonos</strong></span> <span class='ocrx_word' id='word_1_21' title='bbox 2420 1148 2591 1214; x_wconf 78' lang='lat' dir='ltr'><strong>sicut</strong></span> 
     </span>
     <span class='ocr_line' id='line_1_4' title="bbox 488 1249 2591 1337; baseline 0 -21"><span class='ocrx_word' id='word_1_22' title='bbox 488 1258 526 1287; x_wconf 89' lang='lat'><strong>“</strong></span> <span class='ocrx_word' id='word_1_23' title='bbox 569 1253 658 1316; x_wconf 83' lang='lat' dir='ltr'><strong>ad</strong></span> <span class='ocrx_word' id='word_1_24' title='bbox 700 1251 922 1330; x_wconf 89' lang='lat' dir='ltr'><strong>malos,</strong></span> <span class='ocrx_word' id='word_1_25' title='bbox 967 1257 1048 1316; x_wconf 86' lang='lat' dir='ltr'><strong>ut</strong></span> <span class='ocrx_word' id='word_1_26' title='bbox 1109 1251 1202 1316; x_wconf 86' lang='lat' dir='ltr'><strong>sic</strong></span> <span class='ocrx_word' id='word_1_27' title='bbox 1265 1249 1620 1337; x_wconf 72' lang='lat' dir='ltr'><strong>opinione8‚</strong></span> <span class='ocrx_word' id='word_1_28' title='bbox 1667 1253 1738 1316; x_wconf 89' lang='lat' dir='ltr'><strong>et</strong></span> <span class='ocrx_word' id='word_1_29' title='bbox 1800 1253 2013 1327; x_wconf 85' lang='lat' dir='ltr'><strong>sectae,</strong></span> <span class='ocrx_word' id='word_1_30' title='bbox 2062 1252 2134 1314; x_wconf 90' lang='lat' dir='ltr'><strong>et</strong></span> <span class='ocrx_word' id='word_1_31' title='bbox 2189 1249 2591 1316; x_wconf 80' lang='lat' dir='ltr'><strong>mutationes</strong></span> 
     </span>
     <span class='ocr_line' id='line_1_5' title="bbox 490 1351 2591 1438; baseline 0 -19"><span class='ocrx_word' id='word_1_32' title='bbox 490 1363 526 1388; x_wconf 93' lang='lat'><strong>“</strong></span> <span class='ocrx_word' id='word_1_33' title='bbox 571 1353 1120 1419; x_wconf 75' lang='lat' dir='ltr'><strong>consuetudinum</strong></span> <span class='ocrx_word' id='word_1_34' title='bbox 1163 1352 1562 1418; x_wconf 87' lang='lat' dir='ltr'><strong>inducantur</strong></span> <span class='ocrx_word' id='word_1_35' title='bbox 1605 1373 1723 1438; x_wconf 90' lang='lat' dir='ltr'><strong>per</strong></span> <span class='ocrx_word' id='word_1_36' title='bbox 1785 1351 2067 1437; x_wconf 81' lang='lat' dir='ltr'><strong>aliquem</strong></span> <span class='ocrx_word' id='word_1_37' title='bbox 2136 1351 2459 1418; x_wconf 83' lang='lat' dir='ltr'><strong>famosum</strong></span> <span class='ocrx_word' id='word_1_38' title='bbox 2518 1352 2591 1418; x_wconf 91' lang='lat' dir='ltr'><strong>in</strong></span> 
     </span>
     <span class='ocr_line' id='line_1_6' title="bbox 490 1451 2592 1543; baseline 0 -23"><span class='ocrx_word' id='word_1_39' title='bbox 490 1463 527 1490; x_wconf 91' lang='lat'><strong>“</strong></span> <span class='ocrx_word' id='word_1_40' title='bbox 571 1455 812 1543; x_wconf 88' lang='lat' dir='ltr'><strong>populo</strong></span> <span class='ocrx_word' id='word_1_41' title='bbox 855 1461 925 1520; x_wconf 88' lang='lat' dir='ltr'><strong>et</strong></span> <span class='ocrx_word' id='word_1_42' title='bbox 967 1459 1320 1541; x_wconf 82' lang='lat' dir='ltr'><strong>potentem,</strong></span> <span class='ocrx_word' id='word_1_43' title='bbox 1367 1455 1726 1520; x_wconf 82' lang='lat' dir='ltr'><strong>secundum</strong></span> <span class='ocrx_word' id='word_1_44' title='bbox 1791 1451 1969 1539; x_wconf 87' lang='lat' dir='ltr'><strong>quod</strong></span> <span class='ocrx_word' id='word_1_45' title='bbox 2038 1454 2393 1540; x_wconf 82' lang='lat' dir='ltr'><strong>praevisum</strong></span> <span class='ocrx_word' id='word_1_46' title='bbox 2457 1453 2592 1520; x_wconf 85' lang='lat' dir='ltr'><strong>fuit</strong></span> 
     </span>
     <span class='ocr_line' id='line_1_7' title="bbox 493 1555 2591 1645; baseline -0.001 -21"><span class='ocrx_word' id='word_1_47' title='bbox 493 1565 530 1592; x_wconf 89' lang='lat'><strong>“</strong></span> <span class='ocrx_word' id='word_1_48' title='bbox 573 1563 644 1624; x_wconf 88' lang='lat' dir='ltr'><strong>et</strong></span> <span class='ocrx_word' id='word_1_49' title='bbox 709 1557 1184 1645; x_wconf 61' lang='lat' dir='ltr'><strong>praecognitum</strong></span> <span class='ocrx_word' id='word_1_50' title='bbox 1227 1578 1270 1620; x_wconf 91' lang='lat' dir='ltr'><strong>a</strong></span> <span class='ocrx_word' id='word_1_51' title='bbox 1329 1555 1514 1636; x_wconf 84' lang='lat' dir='ltr'><strong>De03</strong></span> <span class='ocrx_word' id='word_1_52' title='bbox 1582 1556 1682 1622; x_wconf 86' lang='lat' dir='ltr'><strong>ita</strong></span> <span class='ocrx_word' id='word_1_53' title='bbox 1725 1555 1905 1642; x_wconf 87' lang='lat' dir='ltr'><strong>quod</strong></span> <span class='ocrx_word' id='word_1_54' title='bbox 1964 1555 2251 1642; x_wconf 80' lang='lat' dir='ltr'><strong>planetoe</strong></span> <span class='ocrx_word' id='word_1_55' title='bbox 2318 1555 2413 1622; x_wconf 85' lang='lat' dir='ltr'><strong>sic</strong></span> <span class='ocrx_word' id='word_1_56' title='bbox 2454 1579 2591 1622; x_wconf 90' lang='lat' dir='ltr'><strong>non</strong></span> 
     </span>
     <span class='ocr_line' id='line_1_8' title="bbox 491 1656 2530 1746; baseline 0 -22"><span class='ocrx_word' id='word_1_57' title='bbox 491 1667 528 1696; x_wconf 90' lang='lat'><strong>“</strong></span> <span class='ocrx_word' id='word_1_58' title='bbox 573 1659 786 1725; x_wconf 86' lang='lat' dir='ltr'><strong>solum</strong></span> <span class='ocrx_word' id='word_1_59' title='bbox 829 1659 968 1724; x_wconf 82' lang='lat' dir='ltr'><strong>sint</strong></span> <span class='ocrx_word' id='word_1_60' title='bbox 1009 1659 1212 1746; x_wconf 85' lang='lat' dir='ltr'><strong>signa,</strong></span> <span class='ocrx_word' id='word_1_61' title='bbox 1260 1657 1376 1723; x_wconf 89' lang='lat' dir='ltr'><strong>sed</strong></span> <span class='ocrx_word' id='word_1_62' title='bbox 1419 1657 1674 1743; x_wconf 86' lang='lat' dir='ltr'><strong>aliquid</strong></span> <span class='ocrx_word' id='word_1_63' title='bbox 1715 1657 1963 1722; x_wconf 74' lang='lat' dir='ltr'><strong>faciant</strong></span> <span class='ocrx_word' id='word_1_64' title='bbox 2006 1657 2080 1723; x_wconf 92' lang='lat' dir='ltr'><strong>in</strong></span> <span class='ocrx_word' id='word_1_65' title='bbox 2124 1656 2530 1724; x_wconf 82' lang='lat' dir='ltr'><strong>excitando.”</strong></span> 
     </span>
    </p>

    <p class='ocr_par' dir='ltr' id='par_1_3' title="bbox 475 1763 2617 4805">
     <span class='ocr_line' id='line_1_9' title="bbox 579 1763 2589 1852; baseline -0.001 -22"><span class='ocrx_word' id='word_1_66' title='bbox 579 1765 865 1831; x_wconf 84' lang='lat' dir='ltr'><strong>Rursum</strong></span> <span class='ocrx_word' id='word_1_67' title='bbox 909 1764 1196 1852; x_wconf 74' lang='lat' dir='ltr'><strong>planetae</strong></span> <span class='ocrx_word' id='word_1_68' title='bbox 1240 1764 1325 1830; x_wconf 90' lang='lat' dir='ltr'><strong>ab</strong></span> <span class='ocrx_word' id='word_1_69' title='bbox 1371 1765 1782 1842; x_wconf 72' lang='lat' dir='ltr'><strong>astronomia,</strong></span> <span class='ocrx_word' id='word_1_70' title='bbox 1832 1784 1995 1849; x_wconf 87' lang='lat' dir='ltr'><strong>quos</strong></span> <span class='ocrx_word' id='word_1_71' title='bbox 2040 1763 2341 1830; x_wconf 85' lang='lat' dir='ltr'><strong>vindicat</strong></span> <span class='ocrx_word' id='word_1_72' title='bbox 2394 1763 2589 1840; x_wconf 81' lang='lat' dir='ltr'><strong>BacO,</strong></span> 
     </span>
     <span class='ocr_line' id='line_1_10' title="bbox 488 1864 2591 1953; baseline -0.001 -20"><span class='ocrx_word' id='word_1_73' title='bbox 488 1873 812 1933; x_wconf 82' lang='lat' dir='ltr'><strong>vocantur</strong></span> <span class='ocrx_word' id='word_1_74' title='bbox 872 1868 1104 1953; x_wconf 84' lang='lat' dir='ltr'><strong>signa3</strong></span> <span class='ocrx_word' id='word_1_75' title='bbox 1192 1869 1538 1952; x_wconf 88' lang='lat' dir='ltr'><strong>propterea</strong></span> <span class='ocrx_word' id='word_1_76' title='bbox 1601 1864 1758 1952; x_wconf 88' lang='lat' dir='ltr'><strong>quia</strong></span> <span class='ocrx_word' id='word_1_77' title='bbox 1833 1887 1953 1930; x_wconf 87' lang='lat' dir='ltr'><strong>nos</strong></span> <span class='ocrx_word' id='word_1_78' title='bbox 2016 1865 2089 1930; x_wconf 89' lang='lat' dir='ltr'><strong>in</strong></span> <span class='ocrx_word' id='word_1_79' title='bbox 2152 1865 2591 1952; x_wconf 72' lang='lat' dir='ltr'><strong>cognitionem</strong></span> 
     </span>
     <span class='ocr_line' id='line_1_11' title="bbox 491 1965 2617 2053; baseline -0.001 -19"><span class='ocrx_word' id='word_1_80' title='bbox 491 1969 742 2036; x_wconf 88' lang='lat' dir='ltr'><strong>ducunt</strong></span> <span class='ocrx_word' id='word_1_81' title='bbox 784 1990 1028 2049; x_wconf 87' lang='lat' dir='ltr'><strong>eorum,</strong></span> <span class='ocrx_word' id='word_1_82' title='bbox 1075 1989 1224 2053; x_wconf 83' lang='lat' dir='ltr'><strong>quae</strong></span> <span class='ocrx_word' id='word_1_83' title='bbox 1301 1967 1481 2033; x_wconf 83' lang='lat' dir='ltr'><strong>Deus</strong></span> <span class='ocrx_word' id='word_1_84' title='bbox 1548 1967 1636 2033; x_wconf 87' lang='lat' dir='ltr'><strong>ab</strong></span> <span class='ocrx_word' id='word_1_85' title='bbox 1699 1973 1950 2033; x_wconf 85' lang='lat' dir='ltr'><strong>aeterno</strong></span> <span class='ocrx_word' id='word_1_86' title='bbox 1994 1966 2358 2032; x_wconf 88' lang='lat' dir='ltr'><strong>constituit.</strong></span> <span class='ocrx_word' id='word_1_87' title='bbox 2454 1965 2617 2032; x_wconf 80' lang='lat' dir='ltr'><strong>Hc·-</strong></span> 
     </span>
     <span class='ocr_line' id='line_1_12' title="bbox 489 2069 2595 2156; baseline -0.001 -20"><span class='ocrx_word' id='word_1_88' title='bbox 489 2093 641 2137; x_wconf 90' lang='lat' dir='ltr'><strong>rum</strong></span> <span class='ocrx_word' id='word_1_89' title='bbox 681 2071 756 2136; x_wconf 87' lang='lat' dir='ltr'><strong>in</strong></span> <span class='ocrx_word' id='word_1_90' title='bbox 799 2091 1072 2136; x_wconf 87' lang='lat' dir='ltr'><strong>numero</strong></span> <span class='ocrx_word' id='word_1_91' title='bbox 1117 2070 1454 2156; x_wconf 82' lang='lat' dir='ltr'><strong>signorum</strong></span> <span class='ocrx_word' id='word_1_92' title='bbox 1517 2069 1710 2136; x_wconf 82' lang='lat' dir='ltr'><strong>stella</strong></span> <span class='ocrx_word' id='word_1_93' title='bbox 1776 2069 1895 2134; x_wconf 85' lang='lat' dir='ltr'><strong>illa</strong></span> <span class='ocrx_word' id='word_1_94' title='bbox 1966 2069 2118 2149; x_wconf 88' lang='lat' dir='ltr'><strong>fuit,</strong></span> <span class='ocrx_word' id='word_1_95' title='bbox 2164 2090 2329 2154; x_wconf 81' lang='lat' dir='ltr'><strong>quae,</strong></span> <span class='ocrx_word' id='word_1_96' title='bbox 2372 2072 2454 2133; x_wconf 90' lang='lat' dir='ltr'><strong>ut</strong></span> <span class='ocrx_word' id='word_1_97' title='bbox 2496 2069 2595 2134; x_wconf 89' lang='lat' dir='ltr'><strong>ait</strong></span> 
     </span>
     <span class='ocr_line' id='line_1_13' title="bbox 497 2168 2599 2260; baseline -0.001 -22"><span class='ocrx_word' id='word_1_98' title='bbox 497 2173 691 2255; x_wconf 81' lang='lat' dir='ltr'><strong>BacO,</strong></span> <span class='ocrx_word' id='word_1_99' title='bbox 737 2195 882 2260; x_wconf 84' lang='lat' dir='ltr'><strong>pag.</strong></span> <span class='ocrx_word' id='word_1_100' title='bbox 939 2173 1084 2250; x_wconf 80' lang='lat'><strong>126,</strong></span> <span class='ocrx_word' id='word_1_101' title='bbox 1131 2170 1470 2238; x_wconf 68' lang='lat' dir='ltr'><strong>Proestitit</strong></span> <span class='ocrx_word' id='word_1_102' title='bbox 1527 2170 1817 2258; x_wconf 66' lang='lat' dir='ltr'><strong>signum</strong></span> <span class='ocrx_word' id='word_1_103' title='bbox 1874 2169 1961 2238; x_wconf 77' lang='grc' dir='ltr'><strong>’ἱπ</strong></span> <span class='ocrx_word' id='word_1_104' title='bbox 2022 2169 2285 2237; x_wconf 53' lang='lat' dir='ltr'><strong>Cher-teti</strong></span> <span class='ocrx_word' id='word_1_105' title='bbox 2336 2168 2599 2238; x_wconf 67' lang='lat' dir='ltr'><strong>nativi-</strong></span> 
     </span>
     <span class='ocr_line' id='line_1_14' title="bbox 491 2270 2597 2343; baseline -0.002 0"><span class='ocrx_word' id='word_1_106' title='bbox 491 2283 626 2343; x_wconf 79' lang='lat' dir='ltr'><strong>tate</strong></span> <span class='ocrx_word' id='word_1_107' title='bbox 671 2325 686 2342; x_wconf 94' lang='lat'><strong>.</strong></span> <span class='ocrx_word' id='word_1_108' title='bbox 734 2325 748 2341; x_wconf 88' lang='lat'><strong>.</strong></span> <span class='ocrx_word' id='word_1_109' title='bbox 793 2325 810 2342; x_wconf 88' lang='lat'><strong>.</strong></span> <span class='ocrx_word' id='word_1_110' title='bbox 856 2325 871 2341; x_wconf 90' lang='lat'><em>.</em></span> <span class='ocrx_word' id='word_1_111' title='bbox 918 2279 976 2340; x_wconf 77' lang='lat' dir='ltr'><strong>et</strong></span> <span class='ocrx_word' id='word_1_112' title='bbox 1053 2272 1238 2340; x_wconf 71' lang='lat' dir='ltr'><strong>siout</strong></span> <span class='ocrx_word' id='word_1_113' title='bbox 1309 2279 1548 2340; x_wconf 69' lang='lat' dir='ltr'><strong>comm</strong></span> <span class='ocrx_word' id='word_1_114' title='bbox 1613 2279 1954 2340; x_wconf 75' lang='lat' dir='ltr'><strong>naturam</strong></span> <span class='ocrx_word' id='word_1_115' title='bbox 2026 2270 2125 2338; x_wconf 79' lang='lat' dir='ltr'><strong>eol</strong></span> <span class='ocrx_word' id='word_1_116' title='bbox 2198 2271 2597 2338; x_wconf 67' lang='lat' dir='ltr'><strong>obscuratae</strong></span> 
     </span>
     <span class='ocr_line' id='line_1_15' title="bbox 475 2373 2597 2464; baseline -0.002 -19"><span class='ocrx_word' id='word_1_117' title='bbox 475 2377 634 2464; x_wconf 75' lang='lat' dir='ltr'><strong>fuit</strong></span> <span class='ocrx_word' id='word_1_118' title='bbox 727 2377 816 2444; x_wconf 75' lang='lat' dir='ltr'><strong>in</strong></span> <span class='ocrx_word' id='word_1_119' title='bbox 911 2375 1231 2462; x_wconf 53' lang='lat' dir='ltr'><strong>passione</strong></span> <span class='ocrx_word' id='word_1_120' title='bbox 1253 2399 1286 2455; x_wconf 88' lang='lat'><em>;</em></span> <span class='ocrx_word' id='word_1_121' title='bbox 1365 2381 1650 2462; x_wconf 70' lang='lat' dir='ltr'><strong>propter</strong></span> <span class='ocrx_word' id='word_1_122' title='bbox 1745 2373 1929 2462; x_wconf 80' lang='lat' dir='ltr'><strong>quod</strong></span> <span class='ocrx_word' id='word_1_123' title='bbox 1994 2373 2389 2462; x_wconf 69' lang='lat' dir='ltr'><strong>philosophi</strong></span> <span class='ocrx_word' id='word_1_124' title='bbox 2460 2373 2597 2441; x_wconf 80' lang='grc' dir='ltr'><strong><em>Ιιωο</em></strong></span> 
     </span>
     <span class='ocr_line' id='line_1_16' title="bbox 493 2474 2597 2564; baseline -0.002 -18"><span class='ocrx_word' id='word_1_125' title='bbox 493 2478 796 2546; x_wconf 73' lang='lat' dir='ltr'><strong>videntes</strong></span> <span class='ocrx_word' id='word_1_126' title='bbox 857 2477 1205 2555; x_wconf 74' lang='lat' dir='ltr'><strong>dixerumt,</strong></span> <span class='ocrx_word' id='word_1_127' title='bbox 1261 2477 1444 2564; x_wconf 79' lang='lat' dir='ltr'><strong>quod</strong></span> <span class='ocrx_word' id='word_1_128' title='bbox 1516 2483 1642 2542; x_wconf 80' lang='lat' dir='ltr'><strong>aut</strong></span> <span class='ocrx_word' id='word_1_129' title='bbox 1716 2474 1999 2562; x_wconf 76' lang='lat' dir='ltr'><strong>aliquid</strong></span> <span class='ocrx_word' id='word_1_130' title='bbox 2058 2475 2246 2542; x_wconf 72' lang='lat' dir='ltr'><strong>Deua</strong></span> <span class='ocrx_word' id='word_1_131' title='bbox 2318 2483 2597 2542; x_wconf 71' lang='lat' dir='ltr'><strong>natm-ce</strong></span> 
     </span>
     <span class='ocr_line' id='line_1_17' title="bbox 487 2576 2595 2668; baseline -0.001 -20"><span class='ocrx_word' id='word_1_132' title='bbox 487 2579 902 2668; x_wconf 78' lang='lat' dir='ltr'><strong>patiebatur,</strong></span> <span class='ocrx_word' id='word_1_133' title='bbox 963 2585 1091 2646; x_wconf 82' lang='lat' dir='ltr'><strong>aut</strong></span> <span class='ocrx_word' id='word_1_134' title='bbox 1165 2585 1306 2646; x_wconf 80' lang='lat' dir='ltr'><strong>tota</strong></span> <span class='ocrx_word' id='word_1_135' title='bbox 1363 2578 1628 2645; x_wconf 74' lang='lat' dir='ltr'><strong>mundi</strong></span> <span class='ocrx_word' id='word_1_136' title='bbox 1701 2577 2035 2645; x_wconf 73' lang='lat' dir='ltr'><strong>machina</strong></span> <span class='ocrx_word' id='word_1_137' title='bbox 2108 2576 2595 2646; x_wconf 67' lang='lat' dir='ltr'><strong>dissolveretur.</strong></span> 
     </span>
     <span class='ocr_line' id='line_1_18' title="bbox 496 2679 2593 2769; baseline -0.001 -20"><span class='ocrx_word' id='word_1_138' title='bbox 496 2683 800 2769; x_wconf 85' lang='lat' dir='ltr'><strong>Utroque</strong></span> <span class='ocrx_word' id='word_1_139' title='bbox 864 2683 989 2748; x_wconf 89' lang='lat' dir='ltr'><strong>hoc</strong></span> <span class='ocrx_word' id='word_1_140' title='bbox 1055 2701 1252 2746; x_wconf 86' lang='lat' dir='ltr'><strong>sensu</strong></span> <span class='ocrx_word' id='word_1_141' title='bbox 1319 2681 1618 2768; x_wconf 78' lang='lat' dir='ltr'><strong>planetas</strong></span> <span class='ocrx_word' id='word_1_142' title='bbox 1693 2679 1883 2768; x_wconf 80' lang='lat' dir='ltr'><strong>signa</strong></span> <span class='ocrx_word' id='word_1_143' title='bbox 1955 2679 2329 2746; x_wconf 84' lang='lat' dir='ltr'><strong>nominavit</strong></span> <span class='ocrx_word' id='word_1_144' title='bbox 2402 2679 2593 2759; x_wconf 68' lang='lat' dir='ltr'><strong>Bam,</strong></span> 
     </span>
     <span class='ocr_line' id='line_1_19' title="bbox 494 2781 2597 2870; baseline -0.001 -19"><span class='ocrx_word' id='word_1_145' title='bbox 494 2807 570 2851; x_wconf 87' lang='lat' dir='ltr'><strong>ac</strong></span> <span class='ocrx_word' id='word_1_146' title='bbox 637 2807 715 2851; x_wconf 82' lang='lat' dir='ltr'><strong>ea</strong></span> <span class='ocrx_word' id='word_1_147' title='bbox 778 2784 953 2850; x_wconf 82' lang='lat' dir='ltr'><strong>dixit</strong></span> <span class='ocrx_word' id='word_1_148' title='bbox 1017 2804 1165 2870; x_wconf 82' lang='lat' dir='ltr'><strong>quae</strong></span> <span class='ocrx_word' id='word_1_149' title='bbox 1232 2804 1458 2849; x_wconf 86' lang='lat' dir='ltr'><strong>censor</strong></span> <span class='ocrx_word' id='word_1_150' title='bbox 1501 2803 1652 2848; x_wconf 92' lang='lat' dir='ltr'><strong>cum</strong></span> <span class='ocrx_word' id='word_1_151' title='bbox 1715 2781 2119 2847; x_wconf 83' lang='lat' dir='ltr'><strong>Londinensi</strong></span> <span class='ocrx_word' id='word_1_152' title='bbox 2186 2781 2436 2848; x_wconf 87' lang='lat' dir='ltr'><strong>editore</strong></span> <span class='ocrx_word' id='word_1_153' title='bbox 2482 2783 2597 2848; x_wconf 85' lang='lat' dir='ltr'><strong>ob·</strong></span> 
     </span>
     <span class='ocr_line' id='line_1_20' title="bbox 484 2884 2599 2975; baseline -0.001 -22"><span class='ocrx_word' id='word_1_154' title='bbox 484 2889 652 2975; x_wconf 90' lang='lat' dir='ltr'><strong>jicit‚</strong></span> <span class='ocrx_word' id='word_1_155' title='bbox 699 2910 844 2975; x_wconf 85' lang='lat' dir='ltr'><strong>pag.</strong></span> <span class='ocrx_word' id='word_1_156' title='bbox 879 2888 1008 2957; x_wconf 82' lang='lat'><strong>27:</strong></span> <span class='ocrx_word' id='word_1_157' title='bbox 1059 2893 1096 2923; x_wconf 88' lang='lat'><strong><em>“</em></strong></span> <span class='ocrx_word' id='word_1_158' title='bbox 1116 2885 1351 2951; x_wconf 85' lang='lat' dir='ltr'><strong>Voluit</strong></span> <span class='ocrx_word' id='word_1_159' title='bbox 1380 2907 1534 2972; x_wconf 85' lang='lat' dir='ltr'><strong>ergo</strong></span> <span class='ocrx_word' id='word_1_160' title='bbox 1567 2884 1750 2951; x_wconf 85' lang='lat' dir='ltr'><strong>Deus</strong></span> <span class='ocrx_word' id='word_1_161' title='bbox 1794 2906 1900 2951; x_wconf 86' lang='lat' dir='ltr'><strong>res</strong></span> <span class='ocrx_word' id='word_1_162' title='bbox 1944 2906 2095 2950; x_wconf 80' lang='lat' dir='ltr'><strong>suas</strong></span> <span class='ocrx_word' id='word_1_163' title='bbox 2138 2886 2233 2951; x_wconf 85' lang='lat' dir='ltr'><strong>sic</strong></span> <span class='ocrx_word' id='word_1_164' title='bbox 2277 2884 2599 2965; x_wconf 84' lang='lat' dir='ltr'><strong>ordinare,</strong></span> 
     </span>
     <span class='ocr_line' id='line_1_21' title="bbox 495 2986 2601 3076; baseline -0 -22"><span class='ocrx_word' id='word_1_165' title='bbox 495 2996 532 3027; x_wconf 88' lang='lat'><strong>“</strong></span> <span class='ocrx_word' id='word_1_166' title='bbox 579 2996 656 3056; x_wconf 90' lang='lat' dir='ltr'><strong>ut</strong></span> <span class='ocrx_word' id='word_1_167' title='bbox 700 2988 1004 3076; x_wconf 80' lang='lat' dir='ltr'><strong>quaedam</strong></span> <span class='ocrx_word' id='word_1_168' title='bbox 1067 3008 1216 3074; x_wconf 78' lang='lat' dir='ltr'><strong>quae</strong></span> <span class='ocrx_word' id='word_1_169' title='bbox 1277 2986 1504 3053; x_wconf 86' lang='lat' dir='ltr'><strong>futura</strong></span> <span class='ocrx_word' id='word_1_170' title='bbox 1563 2988 1948 3075; x_wconf 83' lang='lat' dir='ltr'><strong>praeviderit</strong></span> <span class='ocrx_word' id='word_1_171' title='bbox 1992 2986 2099 3051; x_wconf 87' lang='lat' dir='ltr'><strong>vel</strong></span> <span class='ocrx_word' id='word_1_172' title='bbox 2172 2986 2601 3075; x_wconf 69' lang='lat' dir='ltr'><strong>praedestina·</strong></span> 
     </span>
     <span class='ocr_line' id='line_1_22' title="bbox 498 3088 2599 3175; baseline 0 -20"><span class='ocrx_word' id='word_1_173' title='bbox 498 3098 535 3128; x_wconf 91' lang='lat'>“</span> <span class='ocrx_word' id='word_1_174' title='bbox 579 3092 752 3157; x_wconf 87' lang='lat' dir='ltr'><strong>verit</strong></span> <span class='ocrx_word' id='word_1_175' title='bbox 795 3090 1298 3156; x_wconf 73' lang='lat' dir='ltr'><strong>rationabilibus</strong></span> <span class='ocrx_word' id='word_1_176' title='bbox 1341 3110 1458 3175; x_wconf 88' lang='lat' dir='ltr'><strong>per</strong></span> <span class='ocrx_word' id='word_1_177' title='bbox 1525 3089 1823 3175; x_wconf 85' lang='lat' dir='ltr'><strong>planetas</strong></span> <span class='ocrx_word' id='word_1_178' title='bbox 1889 3088 2405 3170; x_wconf 80' lang='lat' dir='ltr'><strong>ostenderentur,</strong></span> <span class='ocrx_word' id='word_1_179' title='bbox 2450 3089 2599 3155; x_wconf 88' lang='lat' dir='ltr'><strong>ideo</strong></span> 
     </span>
     <span class='ocr_line' id='line_1_23' title="bbox 497 3189 2602 3277; baseline -0.002 -17"><span class='ocrx_word' id='word_1_180' title='bbox 497 3200 535 3230; x_wconf 90' lang='lat'><strong>“</strong></span> <span class='ocrx_word' id='word_1_181' title='bbox 578 3216 680 3274; x_wconf 69' lang='lat' dir='ltr'><strong>sc„</strong></span> <span class='ocrx_word' id='word_1_182' title='bbox 749 3198 828 3257; x_wconf 90' lang='lat' dir='ltr'><strong>ut</strong></span> <span class='ocrx_word' id='word_1_183' title='bbox 893 3212 1079 3256; x_wconf 84' lang='lat' dir='ltr'><strong>mens</strong></span> <span class='ocrx_word' id='word_1_184' title='bbox 1145 3191 1436 3256; x_wconf 79' lang='lat' dir='ltr'><strong>humana</strong></span> <span class='ocrx_word' id='word_1_185' title='bbox 1497 3189 1626 3255; x_wconf 90' lang='lat' dir='ltr'><strong>Dei</strong></span> <span class='ocrx_word' id='word_1_186' title='bbox 1691 3190 1967 3255; x_wconf 83' lang='lat' dir='ltr'><strong>mirifica</strong></span> <span class='ocrx_word' id='word_1_187' title='bbox 2006 3210 2462 3277; x_wconf 81' lang='lat' dir='ltr'><strong>recognoscens</strong></span> <span class='ocrx_word' id='word_1_188' title='bbox 2529 3192 2602 3256; x_wconf 91' lang='lat' dir='ltr'><strong>in</strong></span> 
     </span>
     <span class='ocr_line' id='line_1_24' title="bbox 501 3288 2604 3365; baseline -0.001 -6"><span class='ocrx_word' id='word_1_189' title='bbox 501 3302 536 3330; x_wconf 89' lang='lat'><strong>“</strong></span> <span class='ocrx_word' id='word_1_190' title='bbox 580 3315 868 3359; x_wconf 84' lang='lat' dir='ltr'><strong>amorem</strong></span> <span class='ocrx_word' id='word_1_191' title='bbox 935 3293 1040 3356; x_wconf 88' lang='lat' dir='ltr'><strong>sui</strong></span> <span class='ocrx_word' id='word_1_192' title='bbox 1083 3289 1440 3365; x_wconf 76' lang='lat' dir='ltr'><strong>conditoris</strong></span> <span class='ocrx_word' id='word_1_193' title='bbox 1503 3310 1811 3355; x_wconf 84' lang='lat' dir='ltr'><strong>succensa</strong></span> <span class='ocrx_word' id='word_1_194' title='bbox 1852 3288 2305 3355; x_wconf 83' lang='lat' dir='ltr'><strong>excresceret.”</strong></span> <span class='ocrx_word' id='word_1_195' title='bbox 2392 3290 2604 3357; x_wconf 74' lang='lat' dir='ltr'><strong>caete-</strong></span> 
     </span>
     <span class='ocr_line' id='line_1_25' title="bbox 499 3392 2601 3474; baseline -0.001 -15"><span class='ocrx_word' id='word_1_196' title='bbox 499 3418 665 3474; x_wconf 82' lang='lat' dir='ltr'><strong>rum,</strong></span> <span class='ocrx_word' id='word_1_197' title='bbox 731 3400 811 3459; x_wconf 87' lang='lat' dir='ltr'><strong>ut</strong></span> <span class='ocrx_word' id='word_1_198' title='bbox 877 3397 1035 3457; x_wconf 81' lang='lat' dir='ltr'><strong>ante</strong></span> <span class='ocrx_word' id='word_1_199' title='bbox 1109 3392 1496 3467; x_wconf 55' lang='lat' dir='ltr'><strong>monuimus„</strong></span> <span class='ocrx_word' id='word_1_200' title='bbox 1544 3411 1680 3456; x_wconf 90' lang='lat' dir='ltr'><strong>non</strong></span> <span class='ocrx_word' id='word_1_201' title='bbox 1725 3392 1947 3456; x_wconf 87' lang='lat' dir='ltr'><strong>omnia</strong></span> <span class='ocrx_word' id='word_1_202' title='bbox 1988 3392 2601 3459; x_wconf 71' lang='lat' dir='ltr'><strong>mathematicorum</strong></span> 
     </span>
     <span class='ocr_line' id='line_1_26' title="bbox 499 3490 2600 3583; baseline -0.001 -22"><span class='ocrx_word' id='word_1_203' title='bbox 499 3500 814 3583; x_wconf 84' lang='lat' dir='ltr'><strong>figmenta</strong></span> <span class='ocrx_word' id='word_1_204' title='bbox 858 3499 928 3559; x_wconf 88' lang='lat' dir='ltr'><strong>et</strong></span> <span class='ocrx_word' id='word_1_205' title='bbox 973 3493 1230 3559; x_wconf 86' lang='lat' dir='ltr'><strong>somnia</strong></span> <span class='ocrx_word' id='word_1_206' title='bbox 1295 3490 1623 3579; x_wconf 83' lang='lat' dir='ltr'><strong>probavit,</strong></span> <span class='ocrx_word' id='word_1_207' title='bbox 1685 3492 1805 3559; x_wconf 84' lang='lat' dir='ltr'><strong>sed</strong></span> <span class='ocrx_word' id='word_1_208' title='bbox 1846 3491 2049 3558; x_wconf 83' lang='lat' dir='ltr'><strong>verba</strong></span> <span class='ocrx_word' id='word_1_209' title='bbox 2110 3493 2371 3559; x_wconf 89' lang='lat' dir='ltr'><strong>illorum</strong></span> <span class='ocrx_word' id='word_1_210' title='bbox 2416 3500 2600 3559; x_wconf 85' lang='lat' dir='ltr'><strong>tran-</strong></span> 
     </span>
     <span class='ocr_line' id='line_1_27' title="bbox 497 3593 2597 3684; baseline -0 -20"><span class='ocrx_word' id='word_1_211' title='bbox 497 3598 758 3684; x_wconf 86' lang='lat' dir='ltr'><strong>scripsit</strong></span> <span class='ocrx_word' id='word_1_212' title='bbox 819 3596 1049 3673; x_wconf 84' lang='lat' dir='ltr'><strong>solum,</strong></span> <span class='ocrx_word' id='word_1_213' title='bbox 1097 3594 1213 3680; x_wconf 92' lang='lat' dir='ltr'><strong>qui</strong></span> <span class='ocrx_word' id='word_1_214' title='bbox 1277 3594 1612 3681; x_wconf 84' lang='lat' dir='ltr'><strong>religionis</strong></span> <span class='ocrx_word' id='word_1_215' title='bbox 1681 3593 2079 3661; x_wconf 79' lang='lat' dir='ltr'><strong>Christianae</strong></span> <span class='ocrx_word' id='word_1_216' title='bbox 2144 3594 2597 3663; x_wconf 82' lang='lat' dir='ltr'><strong>excellentiam</strong></span> 
     </span>
     <span class='ocr_line' id='line_1_28' title="bbox 500 3695 2599 3785; baseline 0 -19"><span class='ocrx_word' id='word_1_217' title='bbox 500 3700 636 3767; x_wconf 87' lang='lat' dir='ltr'><strong>solo</strong></span> <span class='ocrx_word' id='word_1_218' title='bbox 683 3698 960 3765; x_wconf 84' lang='lat' dir='ltr'><strong>rationis</strong></span> <span class='ocrx_word' id='word_1_219' title='bbox 1005 3698 1211 3763; x_wconf 89' lang='lat' dir='ltr'><strong>ductu</strong></span> <span class='ocrx_word' id='word_1_220' title='bbox 1284 3717 1658 3783; x_wconf 83' lang='lat' dir='ltr'><strong>cognovere.</strong></span> <span class='ocrx_word' id='word_1_221' title='bbox 1753 3695 1964 3784; x_wconf 90' lang='lat' dir='ltr'><strong>quue</strong></span> <span class='ocrx_word' id='word_1_222' title='bbox 2008 3702 2375 3784; x_wconf 86' lang='lat' dir='ltr'><strong>propterea,</strong></span> <span class='ocrx_word' id='word_1_223' title='bbox 2422 3702 2599 3785; x_wconf 92' lang='lat' dir='ltr'><strong>quod</strong></span> 
     </span>
     <span class='ocr_line' id='line_1_29' title="bbox 501 3798 2601 3889; baseline 0 -22"><span class='ocrx_word' id='word_1_224' title='bbox 501 3802 776 3889; x_wconf 82' lang='lat' dir='ltr'><strong>quisque</strong></span> <span class='ocrx_word' id='word_1_225' title='bbox 843 3799 1240 3886; x_wconf 72' lang='lat' dir='ltr'><strong>intelligeret</strong></span> <span class='ocrx_word' id='word_1_226' title='bbox 1288 3798 1539 3865; x_wconf 76' lang='lat' dir='ltr'><strong>Christi</strong></span> <span class='ocrx_word' id='word_1_227' title='bbox 1585 3798 1964 3865; x_wconf 82' lang='lat' dir='ltr'><strong>societatem</strong></span> <span class='ocrx_word' id='word_1_228' title='bbox 2010 3800 2118 3865; x_wconf 83' lang='lat' dir='ltr'><strong>vel</strong></span> <span class='ocrx_word' id='word_1_229' title='bbox 2182 3800 2363 3887; x_wconf 86' lang='lat' dir='ltr'><strong>apud</strong></span> <span class='ocrx_word' id='word_1_230' title='bbox 2426 3802 2601 3868; x_wconf 88' lang='lat' dir='ltr'><strong>Gen·</strong></span> 
     </span>
     <span class='ocr_line' id='line_1_30' title="bbox 501 3900 2600 3990; baseline 0 -20"><span class='ocrx_word' id='word_1_231' title='bbox 501 3905 648 3970; x_wconf 83' lang='lat' dir='ltr'><strong>tiles</strong></span> <span class='ocrx_word' id='word_1_232' title='bbox 715 3924 973 3968; x_wconf 86' lang='lat' dir='ltr'><strong>summo</strong></span> <span class='ocrx_word' id='word_1_233' title='bbox 1015 3901 1090 3965; x_wconf 91' lang='lat' dir='ltr'><strong>in</strong></span> <span class='ocrx_word' id='word_1_234' title='bbox 1133 3902 1346 3987; x_wconf 88' lang='lat' dir='ltr'><strong>pretio</strong></span> <span class='ocrx_word' id='word_1_235' title='bbox 1411 3900 1707 3966; x_wconf 77' lang='lat' dir='ltr'><strong>habitam</strong></span> <span class='ocrx_word' id='word_1_236' title='bbox 1776 3900 1988 3967; x_wconf 84' lang='lat' dir='ltr'><strong>fuisse.</strong></span> <span class='ocrx_word' id='word_1_237' title='bbox 2080 3902 2188 3968; x_wconf 90' lang='lat' dir='ltr'><strong>En</strong></span> <span class='ocrx_word' id='word_1_238' title='bbox 2231 3925 2361 3990; x_wconf 92' lang='lat' dir='ltr'><strong>quo</strong></span> <span class='ocrx_word' id='word_1_239' title='bbox 2404 3904 2600 3971; x_wconf 89' lang='lat' dir='ltr'><strong>modo</strong></span> 
     </span>
     <span class='ocr_line' id='line_1_31' title="bbox 501 4002 2602 4091; baseline 0 -19"><span class='ocrx_word' id='word_1_240' title='bbox 501 4006 715 4073; x_wconf 89' lang='lat' dir='ltr'><strong>voluit</strong></span> <span class='ocrx_word' id='word_1_241' title='bbox 759 4005 950 4081; x_wconf 82' lang='lat' dir='ltr'><strong>BacO,</strong></span> <span class='ocrx_word' id='word_1_242' title='bbox 998 4008 1078 4068; x_wconf 86' lang='lat' dir='ltr'><strong>ut</strong></span> <span class='ocrx_word' id='word_1_243' title='bbox 1123 4002 1502 4069; x_wconf 87' lang='lat' dir='ltr'><strong>Christiana</strong></span> <span class='ocrx_word' id='word_1_244' title='bbox 1543 4002 1773 4091; x_wconf 83' lang='lat' dir='ltr'><strong>religio</strong></span> <span class='ocrx_word' id='word_1_245' title='bbox 1840 4002 2091 4091; x_wconf 84' lang='lat' dir='ltr'><strong>aliquid</strong></span> <span class='ocrx_word' id='word_1_246' title='bbox 2157 4005 2359 4072; x_wconf 86' lang='lat' dir='ltr'><strong>etiam</strong></span> <span class='ocrx_word' id='word_1_247' title='bbox 2420 4008 2602 4073; x_wconf 90' lang='lat' dir='ltr'><strong>utili-</strong></span> 
     </span>
     <span class='ocr_line' id='line_1_32' title="bbox 500 4103 2599 4175; baseline 0.001 -2"><span class='ocrx_word' id='word_1_248' title='bbox 500 4108 662 4174; x_wconf 83' lang='lat' dir='ltr'><strong>tatis</strong></span> <span class='ocrx_word' id='word_1_249' title='bbox 723 4110 1010 4171; x_wconf 85' lang='lat' dir='ltr'><strong>sumeret</strong></span> <span class='ocrx_word' id='word_1_250' title='bbox 1069 4127 1154 4171; x_wconf 86' lang='lat' dir='ltr'><strong>ex</strong></span> <span class='ocrx_word' id='word_1_251' title='bbox 1197 4104 1418 4169; x_wconf 87' lang='lat' dir='ltr'><strong>studio</strong></span> <span class='ocrx_word' id='word_1_252' title='bbox 1494 4109 1564 4170; x_wconf 88' lang='lat' dir='ltr'><strong>et</strong></span> <span class='ocrx_word' id='word_1_253' title='bbox 1628 4103 1907 4171; x_wconf 87' lang='lat' dir='ltr'><strong>lectione</strong></span> <span class='ocrx_word' id='word_1_254' title='bbox 1974 4106 2599 4175; x_wconf 83' lang='lat' dir='ltr'><strong>mathematicormn.</strong></span> 
     </span>
     <span class='ocr_line' id='line_1_33' title="bbox 503 4206 2601 4297; baseline 0 -22"><span class='ocrx_word' id='word_1_255' title='bbox 503 4209 570 4275; x_wconf 92' lang='lat' dir='ltr'>N</span> <span class='ocrx_word' id='word_1_256' title='bbox 572 4232 658 4288; x_wconf 89' lang='lat' dir='ltr'><strong>ec,</strong></span> <span class='ocrx_word' id='word_1_257' title='bbox 705 4209 996 4295; x_wconf 82' lang='lat' dir='ltr'><strong>inquam,</strong></span> <span class='ocrx_word' id='word_1_258' title='bbox 1051 4206 1272 4271; x_wconf 88' lang='lat' dir='ltr'><strong>omnia</strong></span> <span class='ocrx_word' id='word_1_259' title='bbox 1315 4206 1596 4293; x_wconf 87' lang='lat' dir='ltr'><strong>probata</strong></span> <span class='ocrx_word' id='word_1_260' title='bbox 1641 4206 1881 4273; x_wconf 86' lang='lat' dir='ltr'><strong>habuit</strong></span> <span class='ocrx_word' id='word_1_261' title='bbox 1926 4207 2101 4274; x_wconf 88' lang='lat' dir='ltr'><strong>Baco</strong></span> <span class='ocrx_word' id='word_1_262' title='bbox 2129 4232 2148 4290; x_wconf 72' lang='grc' dir='ltr'><strong><em>ς</em></strong></span> <span class='ocrx_word' id='word_1_263' title='bbox 2190 4230 2345 4275; x_wconf 88' lang='lat' dir='ltr'><strong>nam</strong></span> <span class='ocrx_word' id='word_1_264' title='bbox 2389 4210 2601 4297; x_wconf 88' lang='lat' dir='ltr'><strong>philo-</strong></span> 
     </span>
     <span class='ocr_line' id='line_1_34' title="bbox 501 4308 2604 4398; baseline 0 -21"><span class='ocrx_word' id='word_1_265' title='bbox 501 4312 854 4398; x_wconf 86' lang='lat' dir='ltr'><strong>sophorum</strong></span> <span class='ocrx_word' id='word_1_266' title='bbox 917 4309 1096 4377; x_wconf 82' lang='lat' dir='ltr'><strong>dicta</strong></span> <span class='ocrx_word' id='word_1_267' title='bbox 1139 4308 1232 4373; x_wconf 79' lang='lat' dir='ltr'><strong>sic</strong></span> <span class='ocrx_word' id='word_1_268' title='bbox 1291 4308 1496 4394; x_wconf 83' lang='lat' dir='ltr'><strong>accipi</strong></span> <span class='ocrx_word' id='word_1_269' title='bbox 1548 4308 1783 4389; x_wconf 83' lang='lat' dir='ltr'><strong>voluit,</strong></span> <span class='ocrx_word' id='word_1_270' title='bbox 1826 4314 1909 4375; x_wconf 89' lang='lat' dir='ltr'><strong>ut</strong></span> <span class='ocrx_word' id='word_1_271' title='bbox 1962 4310 2129 4375; x_wconf 87' lang='lat' dir='ltr'><strong>nihil</strong></span> <span class='ocrx_word' id='word_1_272' title='bbox 2170 4331 2290 4398; x_wconf 89' lang='lat' dir='ltr'><strong>pro</strong></span> <span class='ocrx_word' id='word_1_273' title='bbox 2332 4332 2489 4378; x_wconf 82' lang='lat' dir='ltr'><strong>vero</strong></span> <span class='ocrx_word' id='word_1_274' title='bbox 2534 4318 2604 4378; x_wconf 90' lang='lat' dir='ltr'><strong>ct</strong></span> 
     </span>
     <span class='ocr_line' id='line_1_35' title="bbox 503 4408 2601 4499; baseline 0 -21"><span class='ocrx_word' id='word_1_275' title='bbox 503 4420 680 4479; x_wconf 88' lang='lat' dir='ltr'><strong>certo</strong></span> <span class='ocrx_word' id='word_1_276' title='bbox 723 4412 1098 4491; x_wconf 84' lang='lat' dir='ltr'><strong>habeamus,</strong></span> <span class='ocrx_word' id='word_1_277' title='bbox 1165 4408 1328 4496; x_wconf 90' lang='lat' dir='ltr'><strong>quin</strong></span> <span class='ocrx_word' id='word_1_278' title='bbox 1387 4408 1572 4495; x_wconf 84' lang='lat' dir='ltr'><strong>prius</strong></span> <span class='ocrx_word' id='word_1_279' title='bbox 1615 4412 1702 4477; x_wconf 82' lang='lat' dir='ltr'><strong>ad</strong></span> <span class='ocrx_word' id='word_1_280' title='bbox 1749 4411 1907 4477; x_wconf 91' lang='lat' dir='ltr'><strong>fidei</strong></span> <span class='ocrx_word' id='word_1_281' title='bbox 1948 4412 2209 4499; x_wconf 85' lang='lat' dir='ltr'><strong>regulas</strong></span> <span class='ocrx_word' id='word_1_282' title='bbox 2266 4412 2601 4487; x_wconf 67' lang='lat' dir='ltr'><strong>redacmm</strong></span> 
     </span>
     <span class='ocr_line' id='line_1_36' title="bbox 502 4510 2605 4603; baseline 0 -23"><span class='ocrx_word' id='word_1_283' title='bbox 502 4515 604 4580; x_wconf 84' lang='lat' dir='ltr'><strong>sit.</strong></span> <span class='ocrx_word' id='word_1_284' title='bbox 697 4522 734 4549; x_wconf 91' lang='lat'><strong>“</strong></span> <span class='ocrx_word' id='word_1_285' title='bbox 759 4513 892 4579; x_wconf 90' lang='lat' dir='ltr'><strong>Sed</strong></span> <span class='ocrx_word' id='word_1_286' title='bbox 936 4511 1248 4599; x_wconf 86' lang='lat' dir='ltr'><strong>quicquid</strong></span> <span class='ocrx_word' id='word_1_287' title='bbox 1307 4510 1539 4577; x_wconf 90' lang='lat' dir='ltr'><strong>dicunt</strong></span> <span class='ocrx_word' id='word_1_288' title='bbox 1581 4512 1654 4577; x_wconf 89' lang='lat' dir='ltr'><strong>in</strong></span> <span class='ocrx_word' id='word_1_289' title='bbox 1697 4512 1821 4578; x_wconf 79' lang='lat' dir='ltr'><strong>hac</strong></span> <span class='ocrx_word' id='word_1_290' title='bbox 1862 4518 2071 4600; x_wconf 85' lang='lat' dir='ltr'><strong>parte,</strong></span> <span class='ocrx_word' id='word_1_291' title='bbox 2119 4513 2239 4579; x_wconf 91' lang='lat' dir='ltr'><strong>hoc</strong></span> <span class='ocrx_word' id='word_1_292' title='bbox 2282 4514 2369 4580; x_wconf 82' lang='lat' dir='ltr'><strong>ad</strong></span> <span class='ocrx_word' id='word_1_293' title='bbox 2410 4538 2605 4603; x_wconf 87' lang='lat' dir='ltr'><strong>regu-</strong></span> 
     </span>
     <span class='ocr_line' id='line_1_37' title="bbox 506 4610 2603 4692; baseline 0.001 -11"><span class='ocrx_word' id='word_1_294' title='bbox 506 4626 542 4651; x_wconf 90' lang='lat'><strong>“</strong></span> <span class='ocrx_word' id='word_1_295' title='bbox 585 4617 718 4681; x_wconf 82' lang='lat' dir='ltr'><strong>lam</strong></span> <span class='ocrx_word' id='word_1_296' title='bbox 782 4614 936 4679; x_wconf 89' lang='lat' dir='ltr'><strong>fidei</strong></span> <span class='ocrx_word' id='word_1_297' title='bbox 1003 4610 1444 4679; x_wconf 86' lang='lat' dir='ltr'><strong>reducendum</strong></span> <span class='ocrx_word' id='word_1_298' title='bbox 1512 4617 1632 4692; x_wconf 85' lang='lat' dir='ltr'><strong>est,</strong></span> <span class='ocrx_word' id='word_1_299' title='bbox 1695 4620 1774 4679; x_wconf 91' lang='lat' dir='ltr'><strong>ut</strong></span> <span class='ocrx_word' id='word_1_300' title='bbox 1835 4638 1879 4679; x_wconf 80' lang='lat' dir='ltr'><strong>a</strong></span> <span class='ocrx_word' id='word_1_301' title='bbox 1938 4614 2253 4681; x_wconf 84' lang='lat' dir='ltr'><strong>catholica</strong></span> <span class='ocrx_word' id='word_1_302' title='bbox 2318 4618 2603 4684; x_wconf 86' lang='lat' dir='ltr'><strong>veritate</strong></span> 
     </span>
     <span class='ocr_line' id='line_1_38' title="bbox 507 4714 2087 4805; baseline 0 -22"><span class='ocrx_word' id='word_1_303' title='bbox 507 4726 542 4753; x_wconf 90' lang='lat'><strong>“</strong></span> <span class='ocrx_word' id='word_1_304' title='bbox 589 4738 724 4783; x_wconf 85' lang='lat' dir='ltr'><strong>non</strong></span> <span class='ocrx_word' id='word_1_305' title='bbox 769 4714 1154 4793; x_wconf 87' lang='lat' dir='ltr'><strong>discordet,’&#39;</strong></span> <span class='ocrx_word' id='word_1_306' title='bbox 1199 4716 1460 4802; x_wconf 80' lang='lat' dir='ltr'><strong>scripsit</strong></span> <span class='ocrx_word' id='word_1_307' title='bbox 1505 4714 1698 4793; x_wconf 84' lang='lat' dir='ltr'><strong>Baco,</strong></span> <span class='ocrx_word' id='word_1_308' title='bbox 1745 4738 1893 4805; x_wconf 84' lang='lat' dir='ltr'><strong>pag.</strong></span> <span class='ocrx_word' id='word_1_309' title='bbox 1942 4720 2087 4785; x_wconf 81' lang='lat'><strong>126.</strong></span> 
     </span>
    </p>
   </div>
  </div>
 </body>
</html>
