3517 5750
535 915 636 1004 x]
1200 929 1664 982 contemnum
1707 929 1965 982 stupu.
2504 912 2635 983 507

529 1105 710 1192 quod
753 1105 862 1173 hie
904 1107 1130 1185 oritur,
1161 1107 1454 1174 adhaeret
1499 1106 1709 1173 vocali
1755 1105 2077 1192 sequenti,
2105 1103 2353 1170 scilicet
2393 1103 2523 1190 ipsi
2552 1125 2639 1184 a;

533 1210 604 1274 et
643 1205 792 1274 ideo
853 1208 928 1274 in
993 1231 1120 1276 usu
1183 1209 1572 1276 latinorum
1617 1209 1819 1275 debet
1858 1229 1915 1274 u
1956 1207 2201 1274 vocalis
2260 1204 2639 1292 syllabica-ri

531 1329 684 1388 cum
725 1329 776 1376 a
816 1309 1010 1377 litera
1073 1317 1142 1378 et
1193 1332 1332 1378 non
1391 1333 1542 1377 cum
1605 1327 1652 1377 e.
1764 1310 2103 1387 Similiter,
2164 1309 2431 1396 quando
2488 1312 2639 1395 post

531 1409 760 1499 ypeilo
803 1415 1103 1500 sequitur
1169 1411 1380 1480 labda
1437 1415 1548 1480 vel
1611 1433 1711 1495 νο,
1778 1417 1941 1480 tunc
1986 1413 2201 1480 Groeci
2245 1409 2641 1497 syllabicant

530 1513 820 1580 vocalem
863 1515 1338 1602 praecedentem
1383 1536 1502 1603 per
1545 1535 1631 1594 se,
1661 1520 1745 1581 ut
1840 1562 1857 1581 .
1948 1563 1965 1579 .
2054 1563 2071 1582 .
2164 1513 2251 1579 In
2294 1513 2419 1578 hec
2462 1514 2639 1578 enim

529 1615 820 1682 dictione
849 1637 884 1682 e
925 1638 1044 1704 per
1085 1639 1156 1684 se
1201 1617 1667 1704 syllabicatur;
1711 1637 1773 1695 v,
1806 1637 2169 1683 consonans
2211 1615 2641 1702 syllabicatur

531 1737 682 1783 cum
745 1715 952 1786 labda
1015 1724 1088 1786 et
1151 1739 1206 1786 0.
1322 1719 1414 1786 Et
1477 1713 1784 1785 similite}
1850 1716 2115 1805 quando
2182 1739 2263 1784 ‘ro
2322 1719 2638 1804 sequitur,

527 1825 612 1884 ut
695 1871 716 1887 .
802 1871 820 1887 .
910 1871 926 1888 .
1014 1867 1033 1888 .
1125 1821 1260 1888 Sed
1319 1821 1598 1888 Iatinus
1656 1821 1823 1888 dicit
1882 1843 2044 1888 aura
2108 1842 2226 1909 per
2282 1820 2642 1909 diphthon-

529 1942 709 2008 gum,
783 1943 966 1990 more
1041 1921 1445 1990 Latinorum.
1536 1923 1750 1990 Aura
1816 1923 1995 1989 enim
2070 1923 2375 1989 Graecum
2450 1943 2641 1989 voce-

530 2023 763 2090 bulum
809 2029 925 2106 eet,
975 2045 1106 2112 qno
1151 2024 1376 2092 Latini
1419 2030 1705 2091 utuntur
1746 2025 1819 2090 in
1872 2025 2099 2091 eadem
2161 2024 2639 2112 significatione

534 2147 665 2212 qua
707 2131 778 2192 et
823 2126 1051 2205 Graeci,
1100 2127 1218 2194 sed
1261 2127 1458 2193 aliter
1501 2128 1953 2214 pronuntiant.
2048 2125 2183 2192 Sed
2236 2125 2459 2192 Latini
2503 2149 2639 2194 non

529 2229 778 2296 habent
818 2235 926 2296 tot
967 2229 1425 2318 diphthongos.
1521 2230 1825 2311 Quatnor
1864 2249 2025 2296 vero
2068 2233 2336 2295 tantum
2382 2228 2456 2294 in
2512 2250 2639 2294 usu

533 2331 942 2412 hminem,
975 2331 1226 2400 scilicet
1267 2353 1341 2414 ω,
1387 2351 1459 2411 ce,
1509 2353 1624 2411 au,
1661 2337 1738 2398 et·
1775 2353 1876 2398 ew.
1968 2331 2061 2397 Et
2105 2353 2256 2398 cum
2300 2331 2575 2397 additur
2604 2354 2638 2397 e

529 2434 619 2498 ad
665 2453 712 2500 a
753 2438 950 2516 sonet
991 2455 1043 2512 e,
1087 2439 1170 2500 ut
1211 2434 1465 2501 caelum
1509 2439 1702 2500 sonat
1745 2434 1974 2500 celum.
2050 2433 2145 2500 Et
2188 2455 2339 2500 cum
2368 2433 2639 2500 additur

529 2555 564 2602 e
608 2537 696 2602 ad
738 2557 778 2602 o
819 2543 1014 2602 sonat
1057 2560 1108 2618 e,
1153 2540 1234 2602 ut
1287 2537 1506 2624 coepit
1558 2541 1753 2602 sonat
1820 2537 2006 2624 cepit.
2101 2536 2369 2602 Graecus
2429 2536 2639 2623 igitur

528 2637 719 2704 addit
759 2638 906 2705 iota
949 2639 1036 2705 ad
1079 2638 1296 2726 alpha
1339 2645 1410 2705 et
1451 2660 1532 2720 o;
1595 2644 1667 2705 et
1725 2639 2007 2704 latinus
2066 2636 2141 2703 in
2186 2637 2442 2704 Latinis
2504 2639 2639 2704 dic-

528 2740 825 2808 tionibus
868 2741 1060 2808 addit
1102 2763 1136 2808 c
1180 2741 1268 2808 ad
1310 2761 1360 2808 a
1401 2748 1472 2808 et
1522 2741 1610 2808 ad
1653 2761 1705 2807 ο.
1808 2741 1901 2807 Et
1962 2761 2113 2808 cum
2178 2742 2449 2808 additur
2490 2742 2638 2808 iota

528 2843 615 2911 ed
687 2843 901 2931 abpha
964 2845 1324 2913 secundum
1400 2844 1721 2927 Graemm,
1767 2845 1879 2911 vel
1930 2863 1965 2911 e
2016 2841 2103 2911 ad
2164 2867 2212 2912 a
2277 2847 2635 2913 secundum

529 2946 867 3026 Latinum,
899 2947 1182 3015 habetur
1225 2947 1401 3014 idem
1447 2968 1662 3027 sonus,
1709 2948 2024 3033 qnoniam
2068 2953 2341 3015 sonatur
2381 2970 2431 3015 c.
2502 2948 2636 3015 Sed

529 3069 662 3115 non
734 3048 830 3114 eie
901 3050 1244 3117 additione
1283 3049 1320 3117 i
1365 3050 1452 3116 ad
1505 3070 1545 3115 ο
1597 3050 1955 3116 secundum
2019 3050 2340 3133 Graecum,
2408 3056 2479 3117 et
2552 3052 2636 3117 de

528 3152 866 3218 additione
908 3172 942 3217 e
1006 3153 1094 3216 ad
1160 3174 1200 3219 o
1260 3153 1615 3219 semmdum
1694 3152 2024 3219 Latinum.
2116 3153 2183 3219 N
2184 3174 2293 3219 am
2369 3154 2635 3221 Graecus

527 3258 720 3319 sonat
761 3276 810 3341 y
852 3254 1171 3333 Graecum,
1201 3253 1496 3321 Latinus
1537 3259 1734 3322 sonat
1774 3276 1823 3321 e.
1914 3254 2004 3320 In
2054 3256 2203 3321 aliis
2252 3276 2411 3323 vero
2474 3256 2633 3323 due-

527 3356 654 3423 bus
721 3356 1154 3446 diphthongis
1209 3356 1618 3435 Latinorum,
1697 3358 1945 3423 scilieet
2018 3380 2119 3424 au
2192 3363 2265 3424 et
2336 3380 2425 3425 eu
2497 3382 2633 3426 non

523 3458 806 3526 resultat
849 3480 1048 3527 sonus
1098 3459 1296 3525 unius
1338 3460 1600 3539 vocalis,
1647 3460 1764 3526 sed
1830 3480 2027 3526 sonus
2090 3462 2487 3547 compositus
2546 3484 2632 3527 ex

527 3561 782 3628 duabus
854 3584 1004 3630 cum
1079 3562 1326 3629 dicitur
1369 3582 1472 3629 aa
1524 3568 1595 3629 et
1638 3582 1738 3628 cu.
1834 3561 1965 3627 Sed
2024 3562 2289 3628 Graeeus
2348 3563 2421 3629 in
2479 3584 2629 3630 con-

523 3664 851 3731 similibus
917 3664 1350 3755 diphthongis
1424 3665 1666 3754 accipit
1723 3684 1769 3731 v
1833 3686 1955 3752 pro
2029 3671 2427 3732 consonante
2494 3688 2631 3732 non

521 3788 644 3855 pro
687 3768 916 3851 vocali,
963 3768 1149 3855 cnjus
1192 3790 1390 3835 sonus
1432 3768 1712 3835 resultat
1752 3786 1839 3833 ex
1883 3767 2221 3835 additione
2286 3768 2511 3857 ype‘blo
2544 3770 2629 3835 ad

521 3891 570 3937 α
611 3874 683 3937 et
725 3890 775 3949 e,
822 3874 890 3936 et
933 3876 1094 3937 tunc
1137 3872 1416 3938 resultat
1459 3892 1656 3938 sonus
1700 3894 1790 3937 ex
1833 3872 2047 3939 vocali
2100 3876 2171 3937 et
2213 3878 2629 3953 consonante,

519 3978 600 4039 nt
629 3972 724 4061 as,
767 3973 878 4041 vel
921 3972 999 4061 es}
1044 3972 1156 4041 vel
1197 3972 1281 4061 is,
1326 3974 1498 4041 sicut
1539 3974 1793 4041 dietum
1838 3980 1953 4042 est.

1407 4368 1568 4436 CAP.
1629 4368 1754 4435 XI.

608 4576 746 4642 Hls
801 4576 1052 4645 habitis
1123 4577 1594 4645 convenienter
1670 4582 1893 4667 posset
1984 4578 2131 4645 fieri
2208 4600 2419 4647 sermo
2480 4581 2623 4648 lon-
2644 4592 2920 4660 syllabica·

515 4678 661 4767 εἱσι·
715 4679 800 4747 de
859 4681 1112 4766 syllaba
1185 4686 1258 4747 et
1327 4683 1586 4749 ratione
1644 4681 2091 4769 syllabioendi,
2154 4684 2271 4751 sed
2326 4683 2619 4752 breviter
2639 4660 2875 4795 {iffi

519 4787 805 4865 transeo,
877 4784 1032 4870 quia
1096 4804 1182 4853 ex
1228 4784 1564 4853 Prisciano
1629 4786 1925 4853 multum·
1988 4790 2179 4875 patet
2242 4786 2619 4876 conjunctio
