3517 5750
560 1918 809 1983 Propone·

558 1988 645 2037 the
660 1992 871 2039 teuton-

560 2052 721 2105 ofthe

904 814 1032 877 242
1654 824 1912 875 nocam
1957 823 2253 876 sAcoms
2827 805 3000 893 [off.

900 1003 1215 1087 temporis
1254 1022 1391 1066 non
1440 1000 1695 1067 utimur
1756 1000 2194 1079 circumflexo,
2241 1000 2357 1065 sed
2420 1020 2570 1087 quae
2631 998 3006 1084 antiquitus

898 1102 1595 1181 circumflectebantur,
1662 1123 1786 1169 nos
1838 1104 2150 1182 emimus,
2217 1124 2374 1189 ergo
2435 1102 2562 1169 hoo
2619 1100 3010 1167 adverbium

900 1204 1001 1271 eia
1066 1204 1519 1271 similitudinis
1582 1204 1784 1271 debet
1845 1206 1992 1271 acui
2037 1205 2112 1271 in
2157 1203 2492 1283 oratione3
2555 1208 2628 1270 et
2689 1203 2790 1271 ita
2853 1203 3005 1271 duae

898 1312 1113 1373 soutae
1184 1308 1383 1375 simul
1454 1328 1589 1373 esse
1662 1310 1956 1393 possunt.
2057 1306 2150 1373 Et
2223 1306 2577 1375 dicendum
2650 1310 2753 1371 est
2827 1304 3007 1390 quod

898 1410 1113 1497 primo
1176 1432 1295 1497 per
1358 1408 1825 1476 auctoritatem
1894 1408 2214 1475 Prisciani
2274 1429 2412 1475 non
2473 1407 2800 1475 accideret
2859 1406 2998 1484 hoc,

898 1510 1031 1575 nisi
1072 1510 1147 1577 in
1190 1512 1313 1578 hoc
1358 1512 1535 1599 quod
1578 1510 1725 1576 dico
1771 1509 1886 1577 sic.
1980 1511 2074 1577 Et
2113 1510 2172 1577 si
2216 1510 2394 1597 quod
2435 1510 2618 1577 aliud
2663 1514 2767 1575 est
2809 1530 3006 1577 cause

898 1612 1305 1692 differentiae,
1352 1613 1732 1680 acuendum.
1827 1610 1920 1678 Et
1961 1612 2110 1679 ideo
2155 1618 2386 1681 contra
2427 1610 2834 1679 Priscianum
2879 1612 3005 1677 erit

898 1716 1074 1800 quod
1118 1714 1241 1781 hoc
1282 1737 1524 1785 nomen
1568 1712 1709 1801 qui,
1756 1719 1828 1783 et
1869 1714 2004 1781 alia
2047 1714 2480 1795 dcclinabilia,
2543 1714 3006 1783 universaliter

894 1822 1231 1885 acuantur.

984 1918 1285 1985 Secundo
1326 1922 1517 2007 patet
1560 1918 1738 2005 quod
1783 1940 1902 2005 per
1945 1940 2232 1985 errorem
2297 1924 2598 1986 nostrum
2659 1924 2762 1987 est
2823 1918 3002 2007 quod

892 2042 1027 2086 non
1071 2022 1321 2087 utimur
1364 2020 1781 2087 circumflexo
1825 2026 2112 2087 accentu.
2207 2020 2613 2095 Deberemus
2655 2022 2838 2087 enim
2879 2022 3002 2087 hoc

559 2118 866 2173 cimumflex.
888 2122 1101 2189 facere
1142 2124 1315 2189 sicut
1356 2122 1617 2207 antiqui
1659 2127 1729 2188 et
1771 2122 1942 2189 sicut
2009 2122 2262 2204 Graeci3
2325 2122 2482 2210 quia
2539 2123 3002 2191 circumflexus

890 2230 1195 2291 accentus
1254 2229 1356 2291 est
1414 2246 1590 2290 unus
1652 2224 1896 2312 gradus
1957 2224 2277 2291 naturalis
2361 2230 2763 2305 accentuum,
2829 2226 3001 2293 siout

890 2329 1113 2414 gravis
1186 2333 1256 2394 et
1328 2331 1606 2406 acutum
1694 2330 1765 2393 et
1837 2328 2083 2393 multas
2171 2326 2540 2395 evidentias
2627 2326 2998 2414 proferendi

890 2431 1151 2511 faceret,
1194 2429 1255 2495 si
1312 2451 1389 2495 eo
1464 2434 1814 2495 uteremur.
1933 2429 2130 2511 Quod
2143 2428 2165 2467 ¹
2239 2429 2450 2515 igitur
2521 2451 2639 2516 per
2709 2451 2996 2497 errorem

890 2532 1182 2612 facimus,
1256 2552 1392 2597 non
1467 2530 1665 2597 debet
1738 2530 2010 2617 allegari
2083 2529 2168 2597 ed
2232 2530 2650 2618 probandum
2725 2531 2995 2618 aliquid,

892 2634 1071 2719 quod
1128 2634 1234 2699 tot
1285 2634 1661 2699 auctoribus
1728 2637 1800 2698 et
1859 2632 2232 2699 rationibus
2293 2632 2701 2701 contradicit.
2794 2634 2996 2701 Unde

892 2756 1029 2800 non
1102 2734 1299 2801 debet
1394 2734 1495 2801 sic
1578 2733 2032 2801 similitudinis
2121 2734 2285 2814 anui,
2364 2734 2627 2820 quando
2729 2741 3000 2803 acutum

892 2836 1217 2922 praecedit,
1281 2836 1441 2924 quia
1502 2837 1651 2904 duae
1710 2843 1922 2904 acutae
1979 2858 2118 2905 non
2175 2836 2373 2902 simul
2431 2838 2866 2919 concordant3
2927 2843 2998 2906 et

892 2939 1103 3024 magis
1144 2939 1389 3006 vitium
1450 2948 1551 3007 est
1594 2962 1793 3028 quam
1839 2940 2017 3026 quod
2079 2961 2276 3006 causa
2336 2940 2726 3008 differentiis
2791 2941 3000 3028 possit

890 3063 1216 3110 excusare.
1308 3045 1401 3109 Et
1451 3049 1668 3132 potest
1708 3042 2104 3108 sufficienter
2147 3063 2264 3129 per
2305 3063 2569 3109 sensum
2613 3043 2994 3124 dictionum,

886 3144 1127 3230 quibus
1191 3145 1317 3212 hoc
1360 3146 1747 3213 adverbium
1813 3143 1915 3214 εἰσ
1973 3145 2378 3230 adjungitur,
2445 3145 2668 3211 notari
2735 3145 2998 3232 quando

884 3250 989 3312 est
1030 3248 1484 3314 similitudinis
1528 3253 1598 3314 et
1642 3245 1905 3333 quando
1940 3245 2228 3332 jurandi.
2321 3245 2520 3314 Unde
2584 3245 2762 3332 quod
2809 3246 2998 3312 ⁴auti-

885 3349 1115 3434 quitus
1160 3349 1816 3427 circumflectebatur‚
1862 3347 1988 3412 hoc
2029 3347 2162 3412 fuit
2206 3347 2287 3413 de
2331 3348 2502 3414 bene
2543 3369 2702 3431 esse,
2745 3369 2885 3414 non
2913 3349 2998 3416 de

883 3454 1297 3520 necessitate.
1390 3453 1485 3518 Et
1528 3451 1753 3518 omnia
1797 3471 1947 3536 quae
1991 3449 2174 3515 dicta
2223 3455 2384 3516 sunt
2442 3457 2720 3537 possunt
2783 3451 3000 3519 adhuc

886 3556 1283 3621 confimari.
1396 3553 1577 3620 Nam
1650 3575 1802 3620 eum
1835 3602 1856 3612 -.
1877 3551 2024 3617 dico
2093 3549 2224 3638 quse:
2283 3549 2438 3630 ait?
2505 3574 2646 3620 non
2717 3558 2996 3640 possunt

886 3679 1121 3724 acuere
1162 3679 1398 3724 sonum
1444 3656 1643 3741 hujus
1694 3653 2004 3720 dictionis
2025 3649 2053 3689 ³
2095 3652 2244 3741 qui,
2289 3659 2592 3740 respectu
2635 3657 2992 3740 sequentis,

884 3759 1019 3822 nisi
1064 3759 1270 3825 altius
1314 3759 1613 3824 elevetur
1656 3778 1858 3844 quam
1924 3755 2141 3842 prima
2197 3755 2461 3841 syllaba
2518 3778 2817 3843 sequens,
2876 3761 2998 3824 aut

884 3859 1006 3924 illa
1046 3859 1305 3944 syllaba
1346 3881 1623 3947 sequens
1672 3857 2081 3946 gravabitur.
2173 3857 2269 3922 Et
2330 3859 2455 3924 hoc
2512 3865 2782 3946 negant,
2843 3859 2999 3947 quia

888 3964 1127 4025 contra
1169 3961 1542 4046 generalem
1586 3960 1886 4048 regulam
1930 3959 2366 4026 accentuandi
2409 3964 2600 4042 esset,
2629 3962 2774 4028 sine
2803 3983 3001 4028 causa

888 4065 959 4126 et
1002 4062 1279 4128 ratione.
1372 4061 1465 4127 Et
1508 4064 1667 4150 quia
1716 4061 1873 4128 finis
1938 4061 2203 4148 dignior
2267 4067 2387 4141 est,
2432 4066 2515 4128 ut
2573 4062 2828 4130 dictum
2895 4068 2998 4130 est

890 4163 1095 4250 prius,
1142 4185 1297 4253 ergo
1342 4169 1635 4232 acuetur.
1724 4164 1860 4232 Sed
1901 4164 1979 4230 in
2021 4162 2234 4252 acuto]
2251 4185 2391 4230 non
2433 4169 2536 4230 est
2579 4165 2996 4248 differentia3

888 4287 1049 4332 nam
1094 4289 1270 4333 unus
1314 4274 1547 4335 acutus
1590 4273 1902 4334 accentus
1945 4287 2083 4332 non
2125 4271 2228 4332 est
2287 4266 2420 4333 alio
2481 4268 2762 4349 acutior,
2823 4270 2996 4336 sicut

890 4391 1011 4436 nec
1054 4392 1230 4437 unus
1273 4371 1497 4461 gravis
1540 4371 1848 4459 gravior3
1891 4391 2014 4435 nec
2054 4389 2350 4456 unquam
2393 4369 2480 4436 ab
2539 4370 2765 4458 aliquo
2825 4371 2995 4440 dioe-

956 4615 975 4646 *
1004 4615 1172 4682 Quod]
1212 4617 1358 4679 Quin,
1382 4619 1445 4668 '1'-
1887 4617 1905 4760 ι
2059 4623 2086 4654 ¹
2105 4621 2357 4692 ᾱεοεεοηεε]
2396 4639 2494 4677 om.
2531 4624 2594 4678 Τ.

958 4695 980 4725 ²
1000 4698 1086 4760 qut‘
1106 4696 1208 4762 ait]
1246 4695 1331 4761 qui
1352 4703 1455 4756 aut,
1476 4695 1539 4746 Β.
