3517 5750
1408 866 1581 915 orus
1626 864 1862 915 11111118
2559 851 2687 917 335

585 1041 625 1073 “
670 1035 865 1102 1110ᾶο
896 1035 1242 1113 convertit,
1276 1036 1461 1121 cujus
1490 1036 1782 1102 editione
1822 1036 2216 1122 generaliter
2245 1056 2467 1101 omnes
2497 1036 2691 1101 eccle-

587 1145 624 1175 “
668 1140 783 1205 siae
812 1143 1119 1219 utuntur,
1150 1160 1269 1224 pro
1310 1158 1389 1203 eo
1434 1139 1609 1223 quod
1654 1138 1950 1204 veracior
1991 1138 2081 1204 sit
2124 1139 2196 1203 in
2226 1138 2575 1203 sententiis
2618 1141 2686 1204 et

588 1248 623 1277 “
668 1241 903 1307 clarior
946 1240 1021 1305 in
1060 1240 1341 1319 verbis,'’
1394 1262 1512 1325 per
1556 1240 1963 1325 exemplaria
2013 1242 2224 1305 sancti
2273 1240 2578 1327 Gregorii
2621 1244 2692 1305 et
2779 1308 2787 1317 ,

586 1341 755 1428 regis
802 1341 1051 1407 Karoli.
1148 1341 1241 1407 Et
1284 1340 1798 1407 innumerabiles
1843 1341 1990 1408 aliae
2037 1341 2272 1407 Bibliae
2315 1364 2433 1428 per
2476 1342 2694 1406 diver-

586 1466 693 1510 sas
765 1445 1081 1530 regiones,
1152 1464 1301 1528 quse
1378 1443 1647 1509 fuerunt
1724 1448 2016 1529 tempore
2089 1444 2330 1509 Isidori
2393 1448 2480 1509 et·
2538 1448 2693 1509 ante

588 1568 758 1626 eum,
792 1547 1009 1613 adhuc
1054 1551 1445 1632 permanent
1489 1546 1629 1609 sine
1676 1547 2092 1632 corruptione
2125 1571 2144 1627 3
2189 1552 2260 1614 et
2288 1547 2362 1611 in
2391 1547 2694 1611 omnibus

587 1648 999 1725 concordant,
1051 1648 1183 1712 nisi
1231 1647 1326 1712 sit
1373 1646 1616 1713 vitium
1665 1647 2014 1733 scriptoris,
2066 1665 2196 1733 quo
2248 1648 2428 1713 nulla
2477 1648 2692 1733 Scrip-

586 1754 743 1815 tura
790 1771 1005 1815 carere
1055 1753 1290 1836 potest.
1386 1748 1802 1836 Quapropter
1831 1748 1886 1814 si
1917 1753 2208 1835 tempore
2241 1749 2477 1815 Isidori
2508 1772 2644 1817 usae
2671 1748 2690 1786 ¹

590 1856 750 1915 sunt
803 1873 1026 1917 omnes
1056 1850 1343 1916 ecclesiae
1390 1850 1788 1937 generaliter
1815 1851 2249 1926 translatione
2281 1852 2692 1939 Hieronymi,

590 1958 849 2039 oportet
909 1953 1087 2038 quod
1148 1952 1366 2018 adhuc
1418 1953 1647 2018 eadem
1695 1953 1786 2017 sit
1834 1953 2178 2020 translatio
2226 1954 2298 2019 in
2357 1976 2498 2033 usu,
2546 1976 2694 2019 cum

588 2057 817 2121 eadem
862 2056 1261 2141 exemplaria
1306 2060 1377 2121 et
1422 2055 1665 2121 similia
1708 2060 2050 2121 remanent
2093 2056 2352 2140 ubique.

681 2157 952 2237 Iterum,
1002 2158 1075 2221 in
1108 2156 1453 2223 Chronicis
1498 2178 1647 2242 quae
1692 2157 1998 2237 Eusebi0‚
2038 2161 2108 2223 et
2142 2156 2572 2244 Hieronym0‚
2626 2162 2696 2224 et

588 2280 813 2325 eorum
858 2259 1333 2325 successoribus
1392 2258 1832 2335 ascribuntur,
1881 2280 2180 2345 expresse
2235 2259 2477 2325 dicitur
2521 2260 2696 2345 quod

590 2362 895 2445 quamvis
948 2360 1077 2425 viri
1126 2359 1447 2439 catholici,
1504 2364 1575 2425 et
1618 2362 1847 2437 sancti,
1901 2364 1970 2425 et
2021 2360 2273 2425 literati
2339 2381 2510 2447 aegre
2571 2360 2697 2425 fer-

588 2466 741 2530 rent
803 2462 979 2547 quod
1022 2461 1370 2527 translatio
1432 2465 1629 2527 vetus
1676 2462 1936 2527 caderet
2011 2462 2097 2526 ab
2169 2482 2298 2527 usu
2362 2461 2695 2541 Hebraici,

591 2569 819 2629 tamen
858 2562 1105 2628 veritas
1149 2562 1501 2649 praevaluit
1530 2584 1729 2648 quam
1764 2563 2216 2649 Hieronymus
2245 2554 2693 2630 transtulerat.

593 2664 687 2729 Et
730 2664 853 2730 hoc
900 2664 1257 2731 certissime
1302 2665 1569 2750 probari
1612 2670 1833 2751 potest
1875 2688 1992 2751 per
2035 2666 2438 2731 diversarum
2482 2672 2700 2733 trans-

594 2766 921 2833 lationum
968 2765 1564 2835 considerationem.
1665 2766 1842 2836 Nam
1899 2768 2346 2853 Hieronymus
2373 2774 2443 2833 et
2474 2790 2698 2833 omnes

595 2869 995 2938 concordant
1024 2868 1097 2933 in
1126 2868 1265 2946 hoc,
1299 2868 1477 2954 quod
1504 2872 1770 2934 tantum
1809 2868 2080 2936 fuerunt
2127 2873 2274 2937 octo
2325 2870 2698 2938 translatio-

594 2993 711 3037 nes
784 2970 1174 3058 principales
1250 2971 1607 3039 secundum
1690 2971 2148 3036 diversitatem
2237 2972 2694 3060 interpretum,

591 3079 949 3159 antequam
980 3072 1431 3158 Hieronymus
1474 3095 1659 3140 suam
1708 3073 1919 3138 edidit
1964 3096 2048 3139 ex
2079 3074 2382 3142 Hebraeo.
2475 3075 2698 3140 Prima

595 3176 724 3240 fuit
784 3175 907 3242 sub
962 3175 1345 3240 Alexandro
1414 3175 1732 3262 Principe,
1780 3176 1964 3242 nulla
2007 3177 2275 3243 virtute.
2377 3177 2697 3255 Secunda,

594 3282 674 3343 ut
702 3279 801 3343 ait
829 3277 877 3342 J
879 3277 1177 3363 osephus‚
1208 3299 1326 3362 per
1358 3275 1799 3364 Septuaginta
1829 3278 2222 3364 interpretes
2251 3279 2578 3364 expedita,
2611 3279 2695 3344 ad

596 3380 987 3466 petitionem
1032 3378 1381 3446 Ptolomaei
1426 3378 1858 3465 Philadelphi,
1905 3381 2076 3466 regis
2111 3380 2550 3460 Alexandriae,
2583 3403 2700 3466 per

594 3480 837 3545 multos
895 3481 1279 3546 centesimos
1342 3502 1667 3546 annorum
1740 3485 1898 3546 ante
1961 3480 2490 3547 Incarnationem
2551 3482 2697 3548 fuit.

592 3582 819 3648 Tertia
877 3581 1137 3668 Aquilae
1198 3587 1429 3668 postea
1488 3580 1885 3649 Theodosii,2
1977 3582 2235 3662 Quarta
2295 3582 2694 3669 Symmachi.

596 3683 865 3764 Quinta,
893 3689 974 3750 ut
1017 3684 1179 3749 dicit
1222 3684 1460 3752 beatus
1490 3685 1922 3770 Augustinus,
1953 3684 2350 3751 octodecimo
2381 3685 2485 3750 De
2516 3685 2697 3752 Civi-

594 3791 735 3852 tate
788 3783 966 3867 Dei,³
1016 3785 1149 3853 fuit
1194 3785 1657 3872 interpretatio
1700 3785 1888 3872 cujus
1933 3792 2160 3854 auctor
2205 3809 2338 3852 non
2376 3795 2648 3874 apparet
2681 3815 2699 3870 3

595 3892 665 3954 et
707 3889 793 3954 ab
837 3887 974 3967 hoc,
1006 3887 1159 3954 aime
1204 3888 1493 3956 nomime
1534 3886 1950 3975 mametis,
1996 3893 2461 3975 nuncupatui-3
2502 3911 2699 3976 quam

595 3990 682 4054 ab
713 3989 983 4076 Origine
1037 3989 1270 4056 dicunt
1310 3991 1651 4058 inventam
1703 3991 1904 4058 fuisse
1956 3990 2030 4056 in
2073 3991 2270 4058 Actio
2327 3992 2572 4075 littore,
2622 3998 2701 4059 ut

598 4091 1051 4177 Hieronymus
1113 4093 1187 4156 in
1250 4093 1553 4180 Epistola
1574 4091 1598 4130 ⁴
1659 4093 1745 4157 ad
1812 4093 2131 4180 Magnum
2200 4093 2564 4174 Oratorem,
2631 4101 2698 4161 et

600 4193 881 4259 Rufinus
898 4191 925 4232 ⁵
969 4193 1287 4260 adversus
1316 4194 1806 4281 Hieronymum
1838 4195 2177 4276 scribunt3
2222 4198 2527 4283 quamvis
2556 4198 2700 4262 Ma-

668 4432 683 4461 ¹
706 4432 832 4497 asoe]
860 4431 953 4491 usi,
978 4431 1093 4484 MS.
1767 4434 1788 4464 ⁸
1808 4431 1894 4482 De
1923 4431 2136 4482 Civitate
2158 4432 2288 4498 Dei]
2329 4450 2373 4486 0.
2401 4440 2483 4485 43.

663 4511 685 4541 ²
713 4509 993 4577 Theodosii]
1032 4511 1197 4576 “lege
1220 4509 1475 4560 translatio
1496 4508 1602 4560 alia
1767 4511 1786 4540 ⁴
1807 4508 2066 4575 Epistola]
2104 4511 2198 4575 Ep.
2215 4512 2321 4562 lxx.
2349 4531 2409 4551 =
2429 4519 2508 4563 84.

597 4594 629 4620 “
648 4590 764 4654 suit
782 4589 992 4654 Aquiloe,
1024 4598 1196 4656 postea
1225 4590 1603 4649 Theodotioniae,”
1769 4590 1790 4618 ⁸
1810 4590 2051 4655 Rufinus]
2101 4589 2178 4642 Cf.
2229 4591 2480 4656 Apologia
2517 4589 2699 4644 Hiero-

598 4669 769 4802 ξίέἰγ.
836 4667 1227 4722 Translatioam
1247 4667 1459 4737 Aquila,
1494 4671 1603 4732 &c.,
1701 4667 1847 4736 nymi
1870 4669 1982 4721 adv.
2013 4669 2076 4721 Β.
2100 4669 2152 4720 ii.
2179 4668 2313 4736 526,
2332 4673 2414 4721 39.
