3517 5750
537 839 644 927 η]
1371 852 1728 904 APPmme
1772 855 1817 904 1.
2509 838 2641 912 527

533 1031 636 1097 De
697 1029 1179 1097 characteribus
1237 1029 1443 1117 igitur
1502 1029 1716 1116 primo
1782 1028 2217 1114 judicandum
2295 1031 2468 1096 sicut
2555 1032 2638 1098 de

533 1132 940 1200 orationibus
1001 1133 1252 1199 dictum
1297 1137 1412 1198 est.
1535 1131 1637 1196 De
1681 1131 1983 1197 secundis
2010 1131 2029 1168 ¹
2099 1137 2323 1198 autem
2385 1135 2441 1200 si
2498 1157 2635 1199 non

531 1237 698 1302 fiant
779 1236 1185 1323 temporibus
1260 1233 1530 1312 electis,2
1606 1233 1861 1302 nullam
1936 1235 2205 1322 penitus
2278 1233 2637 1304 efficaciam

531 1339 772 1406 habere
814 1344 1188 1405 noscuntur.
1281 1339 1373 1402 Et
1417 1337 1564 1403 ideo
1610 1337 1724 1422 qui
1770 1337 1931 1403 facit
1976 1359 2054 1404 ea
2098 1338 2268 1404 sicut
2334 1340 2407 1404 in
2449 1339 2639 1405 libris

530 1442 914 1519 formantur,
993 1463 1129 1508 non
1187 1439 1535 1527 respiciens
1609 1441 1738 1504 nisi
1797 1441 2001 1506 solam
2078 1441 2358 1528 figuram
2438 1465 2639 1529 quam

530 1549 958 1632 repraesentat
973 1543 1000 1582 ³
1057 1545 1144 1610 ad
1188 1543 1538 1630 exemplar,
1598 1541 1771 1608 nihil
1814 1542 2023 1608 facere
2084 1544 2171 1608 ab
2232 1545 2415 1610 omni
2460 1547 2635 1632 sapi-

529 1655 682 1714 ente
731 1647 1084 1733 judicatur.
1209 1645 1340 1726 Qui
1413 1651 1637 1712 autem
1697 1645 1917 1712 sciunt
1976 1646 2049 1710 in
2110 1646 2635 1714 constellationi-

527 1751 652 1816 bus
711 1751 953 1817 debitis
997 1771 1194 1837 opera
1234 1749 1444 1815 facere
1491 1748 1580 1813 ad
1639 1748 1869 1814 vultus
1930 1750 2265 1828 coelorum,
2334 1749 2436 1815 illi
2499 1773 2636 1816 non

526 1854 738 1918 solum
799 1854 1212 1931 characteres,
1275 1851 1390 1917 sed
1450 1851 1673 1916 omnia
1733 1873 1934 1937 opera
1996 1874 2117 1917 sua
2176 1857 2461 1938 possunt
2506 1853 2635 1918 dis—

531 1978 784 2044 ponere,
848 1962 991 2023 tam
1053 1955 1232 2032 artis,
1297 1976 1496 2042 quam
1549 1958 1829 2032 naturae,
1892 1955 2253 2022 secundum
2306 1955 2457 2021 coeli
2504 1957 2636 2022 vir-

531 2065 760 2126 tutem.-
855 2059 988 2124 Sed
1058 2059 1214 2144 quia
1274 2055 1532 2123 difficile
1592 2062 1694 2122 est
1751 2055 2216 2124 certitudinem
2274 2057 2637 2124 coelestium

531 2165 874 2251 percipere,
925 2161 1074 2227 ideo
1112 2162 1186 2225 in
1229 2160 1333 2225 his
1377 2160 1629 2226 multus
1674 2163 1777 2226 est
1817 2181 1995 2226 error
2040 2161 2217 2247 apud
2260 2161 2521 2240 multos,
2570 2168 2639 2228 et

529 2266 722 2352 pauci
769 2271 926 2330 sunt
977 2265 1090 2351 qui
1135 2263 1386 2349 aliquid
1429 2261 1686 2328 utiliter
1737 2265 1809 2328 et
1840 2263 2161 2328 veraciter
2204 2264 2419 2328 sciant
2466 2263 2641 2330 ordi-

533 2391 704 2434 nare.
817 2367 910 2432 Et
955 2365 1334 2456 propterea⁴
1385 2365 1623 2452 vulgus
1670 2365 2287 2430 mathematicorum
2338 2366 2639 2451 judican-

532 2472 703 2537 tium
749 2477 818 2536 et
863 2469 1276 2557 operantium
1335 2490 1450 2554 per
1495 2467 1720 2533 stellas
1792 2489 2079 2554 magnas,
2147 2490 2284 2532 non
2352 2470 2637 2535 multum

533 2569 930 2662 proficiunt,⁶
974 2578 1091 2638 aut
1152 2569 1402 2656 aliquid
1463 2570 1630 2637 utile
1674 2568 1967 2650 faciunt3
2035 2571 2337 2656 quamvis
2380 2572 2641 2658 peritis-

534 2677 700 2754 simi,
765 2682 834 2742 et
894 2682 1104 2740 artem
1175 2673 1571 2738 sufficienter
1647 2673 1985 2751 habentes,
2049 2679 2314 2760 possent
2396 2675 2640 2740 multas

533 2780 856 2845 utilitates
915 2777 1143 2855 facere,
1205 2781 1349 2842 tam
1409 2797 1527 2862 per
1574 2775 1828 2863 judicia
1888 2797 2085 2862 quam
2144 2798 2263 2863 per
2320 2799 2517 2866 opera
2568 2778 2639 2844 in

535 2882 940 2969 temporibus
998 2879 1236 2946 electis.

628 2983 1188 3051 Considerandum
1238 2984 1339 3047 est
1379 2986 1622 3060 tamen,
1673 2982 1851 3068 quod
1909 2982 2200 3048 medicus
2251 2985 2519 3071 peritus,
2571 2988 2639 3053 et
2663 3000 2797 3053 How
2818 3000 2898 3051 far

536 3088 907 3174 quicunque
953 3086 1122 3151 alius
1170 3086 1284 3171 qui
1331 3084 1536 3150 habet
1587 3080 1915 3151 animam⁰
1968 3086 2270 3165 excitare,
2333 3108 2452 3174 per
2497 3110 2635 3153 car-
2654 3067 2933 3184 {ffgffih

536 3192 718 3256 mina
777 3195 845 3256 et
919 3190 1317 3254 characteres
1391 3187 1548 3253 licet
1619 3186 1825 3266 fictos,
1916 3188 2173 3254 utiliter
2246 3188 2634 3277 (secundum
2659 3201 2787 3252 cine.

538 3294 1052 3359 Constantinum
1119 3288 1478 3377 medicum)
1549 3294 1772 3376 potest
1832 3290 2194 3371 adhibere3
2270 3314 2405 3357 non
2482 3295 2637 3379 quia

535 3395 661 3483 ipsi
723 3396 1122 3461 characteres
1181 3398 1250 3459 et
1320 3390 1610 3457 carmina
1669 3392 1920 3478 aliquid
1983 3400 2347 3479 operentur,
2397 3395 2514 3461 sed
2563 3401 2641 3462 ut

537 3498 842 3565 devotius
917 3501 986 3562 et
1058 3494 1322 3561 avidius
1395 3494 1723 3559 medicina
1798 3494 2167 3581 recipiatur,
2232 3500 2304 3561 et
2380 3497 2640 3563 animus

535 3600 855 3689 patientis
919 3600 1261 3675 excitetur,
1327 3604 1396 3662 et
1456 3594 1748 3663 confidat
1817 3596 2107 3679 uberius,
2161 3602 2231 3663 et
2280 3605 2514 3687 speret,
2570 3604 2641 3667 et

537 3703 983 3791 congaudeat3
1048 3700 1360 3788 quoniam
1377 3698 1402 3736 ⁷
1471 3698 1695 3765 anima
1756 3700 2050 3766 excitata
2091 3704 2311 3787 potest
2362 3702 2435 3767 in
2502 3724 2640 3769 cor-

535 3827 691 3893 pore
750 3804 1016 3894 proprio
1033 3800 1058 3839 ⁸
1129 3802 1343 3868 multa
1403 3824 1738 3881 renovare,
1810 3806 1889 3868 ut
1948 3802 2029 3867 de
2088 3802 2481 3871 infirmitate
2556 3806 2643 3871 ad

537 3908 892 3973 sanitatem
939 3906 1364 3985 convalescat,
1400 3926 1486 3969 ex
1526 3904 1773 3992 gaudio
1811 3910 1879 3971 et
1924 3906 2335 3973 confidentia.
2415 3906 2488 3975 Si
2518 3908 2641 3995 igi-

535 4016 647 4079 tur
692 4010 982 4077 medicus
1029 4008 1115 4073 ad
1165 4007 1727 4095 magnificandum
1774 4030 1938 4097 opus
1982 4030 2193 4089 suum,
2249 4015 2330 4077 ut
2380 4011 2641 4099 patiens

1268 4236 1962 4244 -—--——--——-—-—————

605 4370 618 4400 ¹
642 4368 890 4435 mundis]
929 4368 1112 4434 sigillis
1134 4375 1302 4418 sutem
1336 4375 1387 4419 et
1421 4368 1538 4419 cha·
1700 4369 1720 4397 ⁵
1733 4368 2028 4434 proficiunt]
2055 4368 2321 4427 excedunt,
2338 4367 2469 4429 MS..
2489 4375 2537 4419 et
2558 4375 2645 4419 aut

533 4450 808 4501 rectoribus
831 4450 1052 4501 secundo
1072 4449 1222 4499 modo
1245 4448 1360 4511 nisi,
1383 4448 1442 4501 Ο.
1467 4448 1535 4502 Η.
1636 4446 1830 4511 aliquid
1862 4447 1987 4497 utile
2017 4446 2227 4506 faciunt,
2260 4462 2359 4497 om.

603 4528 826 4596 ’electi-e]
865 4528 986 4592 suis,
1010 4528 1068 4581 C.
1699 4528 1720 4556 ⁸
1741 4526 1977 4591 animm]
2020 4524 2273 4587 animalis,
2311 4524 2427 4577 MS.

601 4612 622 4640 ³
643 4610 985 4676 representat]
1023 4608 1252 4669 fabricat,
1287 4608 1346 4659 0.
1702 4607 1721 4634 '‘
1742 4604 1993 4669 quonian]
2022 4606 2127 4667 sed,
2150 4605 2265 4656 MS.

600 4690 620 4717 ⁴
633 4688 920 4757 propterea]
947 4696 1208 4755 proptu-ea
1227 4688 1374 4751 ultra,
1395 4686 1534 4749 MS.;
1699 4688 1720 4716 ⁸
1737 4684 1967 4753 proprio]
1996 4699 2095 4737 om.
2117 4682 2229 4737 MS.

531 4778 732 4835 propter
764 4770 876 4831 hoc,
899 4766 956 4821 C.
981 4768 1048 4821 Η.
1761 4756 1769 4763 ’
