3517 5750
494 2018 746 2139 3233?-

816 840 949 907 248
1578 852 1838 905 nosnm
1885 850 2180 905 mooms
2749 834 2932 925 [car.

818 1030 1021 1097 habet
1078 1028 1457 1097 debiliorem
1522 1048 1757 1095 sonum
1817 1048 2018 1115 quam
2075 1026 2358 1109 vocalis;
2417 1031 2688 1115 propter
2747 1028 2930 1113 quod

820 1132 1093 1221 ponitur
1147 1131 1459 1219 aspiratio
1504 1130 1716 1197 vocali
1767 1152 1811 1196 a
1861 1135 2049 1217 parte
2099 1134 2276 1211 ante,
2327 1133 2401 1195 et
2449 1130 2835 1195 consonanti
2885 1153 2930 1195 a

822 1238 1008 1321 parte
1050 1237 1217 1321 post.
1307 1233 1419 1299 Sic
1492 1232 1702 1320 igitur
1787 1231 2054 1297 infinita
2129 1231 2316 1318 quasi
2392 1235 2552 1297 sunt
2629 1231 2932 1317 exempla

822 1336 907 1404 de
952 1334 1366 1422 corruptione
1413 1334 1882 1400 vocabulorum
1919 1334 1994 1399 in
2037 1354 2236 1399 sensu
2281 1336 2350 1399 et
2399 1332 2606 1410 litera„
2661 1337 2934 1419 propter

824 1438 947 1505 hoc
1034 1436 1211 1523 quod
1300 1434 1677 1523 hujusmodi
1771 1434 2248 1523 aspirationum
2339 1433 2704 1523 proprietas
2797 1456 2938 1503 non

826 1544 1143 1609 servatur.
1216 1536 1371 1607 .Sed
1420 1544 1687 1606 transeo
1746 1536 1836 1603 ad
1895 1537 2044 1605 alia.

1670 1828 1832 1895 CAP.
1880 1826 2100 1893 LXII.

922 2020 1337 2087 LONGITUDO
1412 2040 1571 2086 vero
1644 2024 1715 2085 et
1789 2018 2080 2084 brevitas
2151 2014 2670 2105 penultimarum
2737 2014 2936 2103 sylla-

834 2120 1067 2189 barum
1112 2120 1472 2209 requiritur
1509 2120 1584 2185 in
1631 2140 1845 2208 prosa,
1875 2119 1994 2185 sed
2039 2140 2175 2185 non
2218 2119 2514 2185 aliarum.
2603 2118 2738 2185 Sed
2781 2119 2938 2205 quia

832 2224 923 2289 ad
972 2224 1314 2290 metricam
1358 2222 1675 2289 musicam
1719 2222 2075 2309 pertinent,
2123 2222 2270 2287 ideo
2330 2242 2534 2307 usque
2577 2220 2676 2285 ibi
2719 2220 2940 2286 differ-

835 2325 1029 2393 enda.
1125 2324 1531 2411 Hujusmodi
1590 2323 1802 2411 igitur
1869 2323 2208 2410 prosodiae,
2274 2344 2422 2409 quae
2483 2327 2806 2399 accentus,
2857 2325 2940 2387 ut

834 2428 1089 2495 dictum
1164 2432 1282 2507 est,
1337 2431 1675 2506 vocantur,
1732 2424 2052 2491 sumendo
2103 2430 2444 2490 accentum
2503 2422 2940 2489 communiter

832 2530 921 2595 ad
964 2536 1157 2596 tonos
1201 2532 1271 2595 et
1314 2533 1691 2617 pneumata,
1738 2532 1809 2595 et
1851 2526 2299 2614 longitudines
2343 2532 2413 2593 et
2469 2524 2938 2605 brevitudines,

836 2630 1080 2697 debent
1122 2630 1373 2696 servari
1418 2630 1587 2697 circa
1628 2629 1872 2709 literas,
1919 2633 1990 2695 et
2021 2625 2041 2665 ¹
2089 2628 2391 2714 syllabas,
2438 2632 2510 2693 et
2556 2625 2896 2693 dictiones
2925 2646 2942 2705 ;

836 2754 995 2797 nam
1040 2730 1453 2819 originaliter
1511 2732 1724 2797 literis
1769 2737 1841 2797 et
1884 2730 2155 2817 syllabis
2213 2729 2554 2807 debentur,
2602 2732 2674 2794 et
2715 2750 2940 2795 secun-

838 2834 1023 2900 dario
1070 2832 1483 2900 dictionibus.
1598 2832 1733 2900 Sed
1779 2832 2192 2900 orationibus
2233 2832 2546 2920 prosaicis
2589 2830 2740 2898 aliae
2791 2850 2942 2918 pro-

835 2935 1287 3002 nuntiationes
1347 2935 1687 3016 debentur,
1767 2957 1916 3022 quae
1985 2935 2212 3002 Graece
2285 2937 2610 3000 vocantur
2670 2953 2940 3008 comma,

834 3037 1036 3116 colon,
1102 3035 1423 3124 periodus,
1500 3037 1856 3103 secundum
1922 3035 2265 3114 Isidorum,
2327 3035 2828 3121 Hieronymum,
2873 3039 2944 3100 et

833 3159 1059 3206 omnes
1095 3159 1111 3218 ;
1172 3159 1318 3224 quae
1378 3137 1435 3204 si
1487 3137 1615 3205 rite
1676 3159 1817 3204 non
1882 3137 2071 3220 fiant,
2140 3142 2440 3206 mutatur
2499 3158 2728 3204 sensus
2793 3157 2943 3203 cum

836 3239 1397 3332 pronuntiatione.

927 3341 1303 3410 Secundum
1360 3341 1687 3410 Isidorum
1763 3347 1834 3408 et
1907 3346 2204 3408 auctores
2279 3347 2563 3422 caeteros,
2639 3339 2947 3429 periodus

836 3445 1081 3512 dicitur
1146 3443 1265 3512 ubi
1328 3467 1558 3512 versus
1624 3444 1827 3510 debet
1893 3444 2054 3524 fieri,
2126 3443 2374 3512 scilicet
2437 3444 2556 3509 ubi
2617 3443 2947 3510 sententia

840 3545 1123 3636 perfecte
1168 3547 1584 3630 terminatur,
1631 3553 1701 3613 et
1744 3545 1828 3612 fit
1871 3551 2158 3632 punctus
2202 3567 2278 3612 ac
2320 3545 2642 3632 pausati0,
2687 3549 2768 3610 ut
2810 3567 2947 3610 una

838 3649 1171 3717 sententia
1233 3648 1319 3714 ab
1376 3649 1507 3714 alia
1570 3647 2044 3736 distinguatur,
2112 3669 2198 3712 ne
2263 3646 2746 3713 sententiarum
2825 3646 2948 3711 fiat

838 3749 1131 3816 confusio
1176 3749 1629 3830 diversarum3
1674 3753 1744 3814 et
1788 3769 1928 3814 non
1969 3749 2168 3814 debet
2208 3749 2353 3816 fieri
2395 3753 2551 3814 ante
2593 3747 2944 3836 perfectam

838 3850 1253 3916 sententiam.
1374 3849 1508 3916 Sed
1566 3848 1820 3937 reliqua
1865 3851 1997 3916 duo
2057 3851 2232 3916 fiunt
2293 3856 2450 3917 ante
2511 3871 2674 3928 eam,
2728 3849 2948 3916 differ-

840 3953 1027 4015 enter
1070 3954 1311 4016 tamen.
1404 3949 1585 4015 Nam
1629 3951 1688 4018 si
1732 3951 1808 4016 in
1851 3974 1986 4019 uno
2029 3973 2226 4020 versu
2269 3953 2517 4020 cadunt
2533 3951 2562 3989 ⁹
2603 3953 2744 4018 haee
2795 3951 2943 4030 tria,

838 4053 1001 4116 tunc
1062 4070 1317 4116 comma
1381 4051 1462 4117 fit
1525 4051 1757 4138 primo,
1827 4053 1948 4120 ubi
2009 4056 2368 4142 semiplena
2439 4059 2544 4120 est
2615 4054 2949 4121 sententia

838 4149 1047 4218 totius
1075 4171 1303 4216 versus
1330 4175 1347 4233 ;
1393 4157 1464 4218 et
1506 4151 1625 4219 ubi
1668 4153 1958 4221 decurrit
2001 4157 2346 4235 sententia,
2387 4177 2524 4221 non
2565 4161 2793 4221 tamen
2831 4155 2948 4220 ad-

840 4251 967 4319 huc
1010 4251 1262 4332 finitur,
1296 4253 1413 4320 sed
1456 4253 1545 4320 ad
1588 4255 1772 4322 aliud
1815 4257 2137 4338 tenditur,
2169 4259 2250 4324 fit
2279 4257 2484 4324 colon.
2575 4257 2667 4324 Et
2695 4279 2948 4324 comma

838 4355 1041 4422 habet
1083 4355 1537 4442 pausationem
1580 4377 1816 4444 parum
1857 4357 2119 4438 flexam,
2163 4359 2351 4426 colon
2394 4381 2553 4426 vero
2597 4359 2944 4439 elevatam,

839 4457 1142 4546 periodus
1185 4457 1471 4545 perfecte
1514 4457 1865 4526 descendit.
1961 4459 2052 4532 Et
2095 4460 2221 4527 hoc
2263 4466 2504 4543 totum,
2549 4461 2726 4548 quod
2767 4482 2947 4528 nunc

908 4713 1021 4782 ἱιιι]
1057 4727 1157 4766 om.
1178 4713 1241 4765 Β.
1887 4711 1898 4784 ι
2003 4718 2024 4749 ²
2042 4716 2251 4784 eadunt]
2287 4719 2484 4780 aaut,
2507 4717 2572 4770 Β.
