3517 5750
550 867 721 960 μιν]
1325 879 1501 933 orus
1544 879 1867 933 mrmn.
2527 860 2660 935 207

552 1056 682 1127 Sed
740 1058 1017 1145 longum
1059 1060 1232 1125 esset
1287 1056 1412 1125 hoc
1455 1057 1751 1136 scribere,
1799 1062 1870 1125 et
1927 1056 2078 1125 ideo
2123 1056 2394 1125 dimitto
2453 1076 2662 1145 usque
2739 1094 2742 1097 ·

554 1162 639 1229 ad
682 1162 1043 1249 pleniorem
1085 1160 1499 1248 scripturam.

643 1262 747 1330 De
810 1264 1005 1329 annis
1075 1284 1235 1329 vero
1310 1262 1681 1329 Salomonis
1771 1261 2104 1329 dubitatio
2192 1260 2316 1328 est¹
2395 1262 2615 1349 gravis
2642 1286 2659 1343 3
2686 1264 2797 1315 The
2817 1279 2962 1329 50⁸¹*

550 1388 705 1432 nam
764 1366 814 1431 J
818 1367 1097 1453 osephus
1162 1366 1237 1431 in
1310 1370 1545 1433 octavo
1604 1366 2117 1453 Antiquitatum
2185 1363 2406 1443 libro?
2465 1385 2661 1452 super
2684 1332 2996 1385 ⁰ffi⁰¹⁰¹¹¹⁰¹¹⁰

548 1490 745 1555 quem
789 1490 1015 1535 omnes
1072 1470 1283 1535 sancti
1334 1472 1405 1535 et
1461 1468 1759 1535 historiae
1818 1468 2328 1535 fimdamentum
2388 1467 2657 1549 habent,

552 1571 715 1639 dicit
787 1572 965 1660 quod
986 1570 1013 1609 ³
1085 1576 1384 1637 mortuus
1458 1574 1564 1637 est
1636 1570 1951 1637 Salomon
2024 1570 2224 1637 valde
2297 1570 2656 1659 longaevae,

550 1678 623 1740 et
678 1673 987 1761 regnavit
1036 1673 1373 1761 octoginta
1432 1674 1637 1740 annis.
1730 1673 1823 1739 Et
1881 1674 2242 1740 secundum
2302 1673 2425 1739 hoc
2483 1674 2662 1739 texit
2753 1662 2762 1671 ⁶

549 1774 891 1841 historiam
950 1797 1215 1843 sacram.
1308 1775 1442 1842 Sed
1500 1778 1729 1841 textus
1789 1780 2014 1843 noster
2070 1796 2210 1841 non
2269 1776 2475 1841 habet
2531 1776 2660 1840 nisi

553 1878 993 1945 medietatem.
1106 1878 1321 1945 Baasa
1384 1898 1543 1943 vero
1600 1898 1740 1958 rex,
1803 1878 1989 1945 tertii
2051 1878 2311 1966 Regum
2370 1878 2662 1965 capitulo

558 1997 689 2062 xv„
760 1980 1005 2047 dicitur
1077 1980 1151 2045 in
1224 1980 1428 2047 tertio
1502 2001 1677 2047 anno
1694 1980 1719 2019 ⁴
1793 1980 1934 2048 Asa
1991 1982 2308 2068 incepisse
2365 2002 2660 2067 regnare,

556 2088 625 2149 et
681 2081 931 2168 viginti
1005 2085 1292 2169 quatuor
1364 2082 1557 2149 annis
1616 2104 1934 2171 regnasse.
2057 2084 2236 2171 Ergo
2310 2104 2518 2169 usque
2577 2083 2664 2148 ad

555 2184 950 2271 vigesimum
1013 2187 1279 2250 sextum
1344 2184 1551 2272 ipsius
1610 2186 1766 2266 Asa,
1815 2186 1901 2251 ad
1961 2184 2110 2273 plus
2168 2185 2515 2271 regnavit3
2592 2190 2662 2251 et

556 2285 679 2353 hoc
727 2290 915 2373 patet
970 2308 1088 2374 per
1145 2287 1282 2354 xvi.
1326 2286 1717 2375 capitulum,
1779 2287 1899 2353 ubi
1959 2287 2203 2353 dicitur
2262 2286 2441 2373 quod
2489 2307 2662 2352 anno

555 2388 865 2455 vicesimo
927 2393 1115 2455 sexto
1178 2388 1317 2453 Asa
1376 2390 1683 2475 regnavit
1746 2388 1924 2454 Hela
1987 2388 2164 2454 filius
2227 2387 2485 2470 Bassa3
2548 2389 2664 2454 sed

557 2491 843 2558 secundo
904 2491 1455 2579 Paralipomenon
1528 2492 1663 2558 xvi.
1728 2491 1993 2571 dicitur,
2056 2492 2235 2579 quod
2309 2512 2483 2556 anno
2545 2492 2666 2557 tri-

555 2593 801 2681 gesimo
860 2598 1051 2659 sexto
1110 2594 1299 2681 regni
1342 2594 1483 2659 Asa
1540 2593 1836 2661 ascendit
1894 2594 2122 2661 Bassa.
2213 2592 2535 2661 Similiter
2593 2594 2664 2659 in

556 2695 864 2761 vicesimo
907 2696 1119 2783 primo
1172 2696 1477 2782 capitu10,
1525 2696 1796 2763 secundi
1857 2696 2421 2783 Paralipomenon,
2465 2696 2664 2763 habe-

556 2801 711 2864 tur:
780 2798 829 2864 J
832 2819 1014 2864 oram
1075 2797 1207 2864 fuit
1266 2797 1549 2888 triginta
1615 2798 1748 2864 duo
1795 2820 2119 2864 annorum
2177 2820 2326 2865 cum
2391 2820 2666 2888 regnare

553 2901 875 2988 coepisset,
904 2905 975 2967 et
1003 2906 1151 2968 octo
1196 2902 1390 2966 annis
1418 2903 1727 2990 regnavit
1755 2902 1830 2967 in
1861 2902 2319 2984 Hierusalem3
2382 2925 2662 2990 quorum

554 3025 814 3070 summa
873 3009 976 3070 est
1041 3003 1482 3091 quadraginta
1546 3005 1722 3070 anni.
1813 3005 1906 3070 Et
1971 3005 2046 3070 in
2110 3005 2432 3093 principio
2500 3007 2663 3072 xxii.

554 3105 801 3173 dicitur
829 3107 1005 3196 quod
1026 3107 1205 3173 filius
1234 3107 1393 3195 ejus,
1432 3107 1718 3187 Ocozias,
1754 3111 1901 3172 erat
1922 3108 2367 3196 quadraginta
2384 3109 2664 3175 duorum

556 3231 882 3276 annorum
926 3231 1077 3276 cum
1134 3231 1411 3298 regnare
1472 3210 1791 3297 coepisset,
1837 3215 1910 3277 et
1961 3231 2096 3276 uno
2149 3231 2324 3276 anno
2360 3211 2668 3298 regnavit

552 3313 625 3378 in
658 3313 1091 3379 Hierusalem.
1139 3313 1247 3378 Ex
1277 3333 1409 3399 quo
1454 3312 1755 3400 sequitur
1782 3312 1963 3399 quod
1993 3311 2266 3378 Ocozias
2287 3313 2421 3379 fuit
2464 3317 2663 3378 natus

552 3420 709 3482 ante
751 3421 1011 3502 patrem
1054 3437 1249 3482 suum
1291 3437 1412 3503 per
1454 3414 1818 3494 biennium,
1852 3413 2032 3500 quod
2075 3414 2246 3478 nihil
2289 3419 2392 3480 est
2434 3414 2634 3482 dictu.

647 3518 971 3585 Eusebius
1034 3539 1193 3585 vero
1268 3523 1339 3584 et
1398 3513 1615 3583 Beda⁶
1672 3537 1811 3582 non
1872 3519 2134 3603 ponunt
2191 3515 2324 3582 nisi
2383 3517 2666 3604 triginta

556 3642 764 3687 annos
822 3621 1231 3708 captivitatis
1305 3619 1710 3707 Babyloniae,
1789 3639 1940 3684 cum
2013 3624 2240 3685 tamen
2307 3620 2665 3686 secundum

558 3723 967 3790 Hieremiam
1028 3723 1337 3789 videatur
1409 3722 1588 3811 quod
1660 3719 1947 3789 debeant
2020 3721 2181 3808 poni
2241 3722 2666 3810 septuaginta

558 3825 688 3891 duo
732 3827 905 3906 anni,
967 3847 1175 3914 usque
1219 3826 1305 3891 ad
1365 3825 1759 3892 solutionem
1820 3823 2246 3911 captivitatis,
2294 3846 2442 3912 quae
2501 3847 2666 3912 pree-

556 3927 736 3992 dicta
777 3925 997 3994 fuerat
1037 3949 1155 4015 per
1200 3927 1452 4014 Cyrum
1514 3926 1753 3992 debere
1817 3925 2088 4014 impleri.
2199 3926 2292 3993 Et
2349 3927 2488 3994 haec
2563 3933 2666 3994 est

558 4030 921 4096 communis
962 4030 1312 4110 sententia,
1344 4029 1591 4098 scilicet
1636 4027 1816 4115 quod
1860 4029 2286 4115 septuaginta
2327 4030 2460 4096 duo
2505 4031 2664 4098 anni

559 4131 974 4219 captivitatis
1047 4131 1333 4200 fuerunt.
1443 4131 1617 4198 Sunt
1692 4135 1916 4196 autem
1990 4130 2122 4196 alia
2195 4154 2344 4219 quse
2417 4131 2666 4199 habent

561 4232 1011 4300 dubitationes
1054 4233 1438 4313 consimiles,
1469 4234 1591 4299 vix
1634 4233 2068 4300 numerabilia
2099 4257 2116 4314 3
2162 4235 2276 4332 sed
2319 4234 2459 4301 haec
2488 4235 2666 4301 suffi-

560 4335 741 4403 ciant
784 4359 905 4424 pro
950 4338 1281 4424 exemplis.
1392 4336 1518 4403 Est
1560 4335 1773 4424 igitur
1829 4335 2190 4403 necessaria
2233 4337 2665 4404 consideratio

630 4611 645 4642 ¹
681 4611 779 4676 en]
816 4625 914 4660 om.
945 4609 1007 4662 T.
1701 4609 1721 4638 ⁴
1753 4607 1908 4673 anno]
1945 4609 2106 4673 regni,
2140 4607 2202 4659 T.

627 4688 651 4720 ¹
669 4687 819 4756 libro]
856 4688 967 4742 viii.
986 4691 1037 4744 7.
1060 4689 1091 4756 ξ
1114 4694 1163 4742 8.
1702 4688 1721 4718 ⁸
1742 4685 1915 4752 Beda]
1969 4687 2050 4738 De
2083 4687 2390 4754 Temporum
2433 4687 2662 4755 Ratione,

629 4765 651 4796 ⁸
681 4765 833 4832 quod]
872 4779 970 4819 om.
994 4765 1059 4818 Τ.
1638 4771 1751 4828 535,
1775 4767 1852 4819 ed.
1875 4765 2068 4832 Migne.
