3517 5750
1373 875 1549 927 orus
1590 875 1830 927 mnus.
2519 864 2652 929 365

551 1048 836 1115 virtutes
866 1049 1177 1128 coelesteS,
1204 1050 1318 1115 sed
1348 1049 1605 1117 eductae
1636 1050 1717 1115 dc
1748 1048 2052 1137 potentia
2071 1047 2370 1114 materiae
2393 1073 2412 1134 ;
2451 1072 2656 1135 quare

554 1172 673 1216 nec
735 1151 948 1216 forma
1008 1152 1223 1217 mixti.
1319 1151 1491 1218 Item
1562 1152 1900 1239 generatio
1959 1151 2160 1217 mixti
2217 1151 2299 1215 fit
2356 1151 2467 1217 vel
2527 1152 2657 1217 erit

553 1252 637 1317 de
680 1253 979 1339 potentia
1022 1254 1320 1319 materiae
1348 1277 1365 1334 3
1428 1253 1545 1319 sed
1588 1254 1869 1319 materia
1910 1252 2020 1317 hic
2065 1258 2164 1317 est
2210 1253 2494 1319 essentia
2535 1254 2658 1317 ali-

551 1356 739 1441 cujus
779 1357 1057 1442 generis,
1119 1362 1190 1423 et
1256 1357 1471 1422 omnis
1538 1357 1824 1423 essentia
1888 1355 2144 1442 generis
2206 1355 2274 1419 in
2340 1356 2652 1442 praedica-

554 1462 777 1523 mento
822 1459 1215 1525 substantiae
1260 1464 1363 1525 est
1408 1459 1768 1545 composita
1811 1478 1897 1523 ex
1941 1458 2224 1523 materia
2260 1458 2658 1544 incompleta

551 1564 621 1624 et
664 1558 875 1624 forma
916 1560 1329 1646 incompleta,
1374 1560 1561 1645 cujus
1620 1560 1834 1625 forma
1897 1580 2018 1645 per
2077 1558 2398 1625 virtutem
2463 1581 2656 1646 gene-

550 1661 761 1725 rantis
804 1661 982 1727 cedit
1008 1662 1085 1727 in
1111 1661 1389 1727 formam
1418 1661 1804 1748 specificam,
1837 1660 2242 1747 completam,
2275 1665 2346 1726 et
2373 1662 2654 1727 materia

554 1762 627 1825 in
668 1764 1033 1843 materiam,
1080 1768 1161 1829 ut
1226 1762 1662 1849 compositum
1730 1762 2098 1849 specificum
2157 1768 2524 1849 generetur,
2585 1770 2654 1830 et

552 1886 729 1929 nova
774 1864 1053 1931 materia
1079 1865 1381 1951 specifica
1408 1870 1478 1930 et
1505 1885 1683 1929 nova
1711 1863 1938 1943 forma,
1986 1864 2158 1929 sicut
2197 1864 2468 1930 docetur
2513 1886 2660 1950 sep-

556 1966 721 2029 timo
762 1965 1407 2054 Metaphysicorum,¹
1460 1966 1579 2032 ubi
1630 1966 1870 2052 probat
1899 1966 2076 2051 quod
2128 1987 2262 2031 non
2299 1971 2656 2053 generatur

554 2066 765 2133 forma
806 2074 1092 2149 tantum,
1149 2069 1265 2135 sed
1310 2068 1745 2153 compositum
1791 2088 1876 2133 ex
1919 2068 2200 2133 materia
2242 2067 2541 2152 specifica
2584 2071 2656 2132 et

553 2168 765 2233 forma
836 2170 1150 2257 specifica.
1258 2170 1353 2234 Et
1425 2170 1593 2234 illud
1665 2173 1768 2232 est
1841 2169 2275 2247 verissimum,
2350 2173 2422 2233 et
2492 2168 2654 2233 alibi

552 2272 763 2357 magis
804 2273 1311 2337 certificandum.
1402 2269 1817 2357 Quapropter
1859 2270 2158 2356 specifica
2199 2268 2412 2335 forma
2453 2271 2654 2335 mixti

553 2372 937 2457 producitur
980 2374 1063 2439 de
1109 2375 1321 2439 forma
1364 2373 1688 2459 completa
1730 2371 1950 2457 priori.
2043 2370 2177 2437 Sed
2220 2371 2344 2437 hoc
2393 2393 2530 2436 non
2571 2373 2654 2438 fit

555 2494 673 2558 per
714 2475 1125 2540 additionem
1171 2474 1449 2560 alicujus
1509 2473 1885 2553 extrinseci,
1927 2477 2007 2538 ut
2051 2471 2440 2537 Aristoteles
2492 2473 2654 2539 dicit

553 2593 730 2639 nono
752 2574 1369 2660 Metaphysicorum,
1402 2581 1473 2640 et
1504 2579 1741 2659 quarto
1778 2573 2228 2659 Physicorum‚
2253 2574 2540 2659 capitulo
2572 2575 2652 2641 de

554 2673 795 2740 Vacuo.
887 2674 1019 2743 Sed
1080 2698 1217 2741 una
1260 2682 1329 2742 et
1398 2674 1629 2742 eadem
1692 2675 1978 2743 essentia
2023 2696 2387 2761 numquam
2450 2676 2654 2742 habet

554 2796 691 2841 esse
754 2776 1145 2864 incomplete
1204 2766 1435 2863 postea
1514 2777 1918 2863 completiuS,
1979 2798 2128 2843 cum
2187 2776 2506 2842 educatur
2573 2779 2654 2842 de

554 2879 856 2962 potentia
898 2880 1199 2946 materiae
1242 2900 1361 2966 per
1389 2901 1591 2966 agens
1634 2879 1708 2943 in
1752 2884 1977 2944 actum
2022 2879 2434 2966 completum,
2483 2879 2656 2945 sicut

554 2980 779 3044 eadem
821 3001 926 3046 res
970 2986 1074 3047 est
1117 2982 1407 3066 emerO,
1454 3001 1617 3066 puer
1658 2985 1727 3045 et
1775 2979 1898 3059 vir,
1945 2986 2014 3047 et
2055 2979 2242 3044 vadit
2285 2980 2368 3046 de
2409 2981 2654 3045 incom-

556 3079 731 3163 pleto
776 3102 915 3148 esse
974 3083 1061 3147 ad
1127 3083 1694 3169 complementum.
1799 3080 2216 3146 Manifestum
2282 3081 2491 3168 igitur
2553 3085 2653 3148 est

554 3180 731 3264 quod
775 3187 993 3248 totum
1038 3184 1326 3249 mixtum
1372 3189 1475 3249 est
1503 3182 1587 3249 de
1615 3188 1860 3248 natura
1903 3182 2302 3248 elementari.
2364 3183 2459 3248 Et
2503 3183 2652 3248 ideo

557 3281 767 3348 forma
808 3285 951 3369 ejus
996 3291 1095 3352 est
1162 3286 1245 3351 de
1310 3285 1537 3350 formis
1582 3285 2076 3365 elementorum,
2123 3290 2194 3349 et
2247 3284 2527 3350 materia
2569 3285 2652 3350 de

558 3385 859 3450 materiis».

646 3485 839 3566 Quod
882 3492 1107 3552 autem
1164 3487 1554 3554 Aristoteles
1615 3487 1780 3554 dicit
1841 3485 2123 3571 septimo
2169 3483 2655 3571 Metaphysico-

556 3607 719 3662 rum,
773 3585 976 3651 habet
1018 3608 1281 3654 sensum
1325 3611 1517 3655 suum
1576 3587 1998 3652 manifestum
2045 3608 2130 3652 ex
2170 3586 2406 3665 litera3
2493 3609 2651 3653 nam

554 3686 693 3770 ipse
736 3687 1032 3774 loquitur
1081 3689 1180 3755 ibi
1231 3690 1313 3756 de
1356 3690 1641 3756 veritate
1689 3687 2036 3774 cujuslibet
2097 3688 2452 3773 compositi,
2516 3711 2652 3754 non

554 3795 777 3855 tamen
843 3791 1043 3856 mixti
1110 3791 1193 3857 de
1254 3813 1385 3877 quo
1445 3791 1776 3878 loquimur
1841 3789 1964 3854 hic.
2054 3787 2145 3856 Et
2205 3790 2446 3874 quaerit
2490 3813 2650 3876 quo-

554 3889 747 3954 modo
798 3893 1045 3977 poterit
1092 3913 1229 3959 esse
1280 3915 1507 3975 unum,
1554 3898 1626 3959 et
1669 3891 2040 3957 materialia
2085 3890 2410 3978 principia
2456 3899 2650 3960 vocat

553 3990 893 4070 elementa,
926 3993 1287 4059 secundum
1336 3994 1513 4081 quod
1564 3995 1637 4060 in
1690 3993 1974 4062 secundo
2006 3992 2648 4081 Metaphysicormn²

555 4093 897 4158 materiam
940 4100 1133 4161 vocat
1172 4098 1585 4176 elementum,
1634 4096 1896 4180 quando
1947 4095 2108 4161 dicit
2151 4096 2328 4182 quod
2371 4097 2649 4164 elemen-

554 4199 699 4258 tum
744 4200 849 4260 est
890 4196 1056 4261 illud
1102 4199 1277 4282 quod
1322 4203 1425 4263 est
1470 4197 1780 4262 ultimum
1827 4197 1898 4261 in
1943 4197 2341 4264 resolutione
2386 4201 2495 4264 rei.
2556 4199 2650 4263 Et

558 4293 677 4360 hoc
741 4307 841 4360 est
914 4298 1257 4364 materiale
1330 4297 1727 4384 principium
1803 4297 1980 4382 quod
2055 4301 2156 4364 est
2215 4299 2500 4384 primum
2575 4301 2648 4362 in

551 4397 969 4479 generatione
1038 4398 1177 4484 ejus
1244 4403 1315 4465 et
1374 4399 1587 4466 radix.
1705 4398 2124 4463 Elementum
2184 4399 2396 4486 igitur
2455 4403 2650 4466 vocat

620 4723 633 4755 ¹
658 4727 859 4792 septimo
880 4721 1351 4793 Metaphysicorum]
1376 4725 1465 4778 vii.
1492 4729 1537 4778 7.
1586 4724 1600 4792 Ι
1694 4725 1715 4756 ⁸
1733 4723 1938 4776 secundo
1959 4723 2424 4792 Melaphysicorum]
2449 4725 2503 4778 ii.
2527 4731 2574 4777 4.
