3517 5750
1416 872 1591 921 orus
1632 870 1870 921 mnus,
2559 859 2694 931 :377

590 1049 739 1112 tum
790 1045 873 1109 de
918 1048 1193 1131 argento
1238 1042 1395 1109 vivo
1440 1048 1510 1110 et
1552 1066 1788 1131 parum
1832 1044 1916 1110 de
1959 1044 2284 1132 sulphure.
2373 1044 2468 1111 Et
2529 1046 2694 1114 dicit

590 1147 802 1233 primo
845 1145 1014 1210 libro
1058 1146 1235 1231 quod
1279 1149 1627 1231 argentum
1670 1143 1952 1211 efficitur
1993 1148 2209 1232 primo
2271 1146 2352 1211 de
2413 1153 2690 1233 argento

589 1247 747 1312 vivo
790 1246 980 1324 claro,
1026 1251 1097 1311 et
1140 1246 1223 1310 de
1267 1245 1577 1333 sulphure
1631 1266 1868 1325 croceo,
1931 1251 2116 1313 cocto
2159 1269 2278 1334 per
2319 1250 2694 1314 centenaria.

588 1369 927 1413 annorum.
1020 1346 1111 1413 Et
1156 1352 1506 1433 argentum
1551 1352 1653 1413 est
1698 1347 1989 1424 crudum,
2044 1370 2182 1414 non
2224 1348 2393 1415 bene
2437 1356 2690 1416 coctum

588 1450 757 1516 sicut
832 1470 1082 1526 aurum,
1158 1449 1313 1535 quia
1387 1450 1561 1515 color
1652 1448 1808 1515 solis
1853 1460 2034 1515 'non
2121 1450 2384 1515 decoxit
2471 1452 2689 1538 ipsum

588 1551 872 1621 omnino.
966 1549 1099 1619 Sed
1164 1551 1381 1617 virtus
1440 1549 1617 1617 lunae
1684 1554 1960 1636 operate
2003 1555 2106 1617 est
2164 1551 2504 1639 principio.
2597 1554 2690 1618 Et

588 1650 737 1717 ideo
781 1656 883 1717 est
925 1649 1274 1717 humidum
1320 1654 1391 1717 et
1432 1649 1749 1738 ffigidum
1811 1651 1983 1717 sicut
2046 1646 2414 1739 complexio
2465 1652 2690 1733 lunae3

586 1753 781 1833 unde‚·
812 1751 1169 1819 secundum
1200 1752 1615 1819 Avicennam
1660 1756 1729 1818 et
1759 1774 2002 1834 omnes,
2035 1760 2137 1822 est
2181 1753 2264 1821 de
2309 1756 2690 1841 operatione

586 1854 776 1921 lunae.
867 1854 959 1920 Et
1025 1854 1175 1919 ideo
1240 1876 1377 1920 non
1434 1858 1653 1941 potest
1706 1854 1838 1919 dici
1897 1856 2074 1942 quod
2116 1856 2205 1921 sit
2247 1854 2560 1942 frigidum
2620 1861 2689 1922 et

584 1957 841 2036 siccum,
874 1960 955 2021 ut
998 1956 1259 2041 antiqui
1303 1954 1637 2021 dixerunt.
1728 1954 1822 2019 Et
1865 1956 1939 2021 in
1982 1955 2314 2043 aliquibus
2358 1957 2688 2043 exempla-

585 2058 771 2123 ribus
813 2056 969 2122 libri
1026 2057 1369 2123 medicinae
1414 2056 1778 2123 Avicennae
1835 2056 1910 2121 in
1969 2058 2252 2125 secundo
2303 2058 2688 2151 inveni-tun

587 2159 703 2223 sed
745 2157 983 2223 falsum
1029 2163 1145 2235 est,
1192 2158 1363 2225 sicut
1408 2158 1806 2225 auctoritate
1849 2158 1988 2243 ejus
2055 2159 2129 2224 in
2190 2157 2363 2223 libro
2423 2159 2686 2245 proprio

587 2258 674 2323 ed
718 2259 841 2325 hoc
883 2260 957 2324 in
984 2256 1315 2344 alchymie
1359 2258 1563 2324 docet.
1660 2258 1753 2323 Et
1797 2279 2022 2325 omnes
2049 2258 2362 2344 alkymise
2393 2260 2686 2325 doctores

584 2357 763 2425 idem
822 2360 1067 2425 dicunt.
1144 2358 1237 2425 Et
1281 2358 1462 2445 quod
1534 2379 1671 2424 non
1736 2364 1840 2425 est
1899 2359 2070 2426 bene
2137 2364 2395 2425 coctum
2460 2364 2683 2427 totum

582 2464 805 2546 potest
869 2460 1119 2527 destrui
1178 2464 1247 2525 et
1320 2461 1663 2547 corrumpi,
1730 2482 1886 2525 nem
1949 2464 2126 2525 terra
2189 2460 2368 2527 delet
2451 2461 2686 2548 ipsum,

580 2566 662 2626 ut
739 2561 901 2627 dicit
958 2560 1339 2641 Avicenna3
1414 2566 1483 2627 et
1556 2561 1753 2627 aliter
1820 2561 2133 2627 distincte
2207 2561 2281 2627 in
2345 2560 2532 2641 libro,
2603 2562 2686 2627 de

584 2660 945 2748 Spiritibus
988 2667 1057 2728 et
1104 2661 1515 2748 Corporibus,
1587 2662 1848 2739 dicitur,
1895 2661 2070 2748 quod
2129 2662 2568 2749 corrumpitur
2617 2664 2691 2728 in

582 2761 855 2828 humido
900 2766 969 2827 et
1011 2762 1155 2827 loco
1197 2764 1487 2841 humid0‚
1536 2768 1605 2828 et
1647 2763 1720 2827 in
1765 2763 1919 2849 igne
1963 2762 2304 2840 minuitur,
2336 2767 2405 2828 et
2448 2762 2690 2830 dicitur

584 2864 682 2931 ibi
724 2862 903 2949 quod
946 2863 1160 2930 multa
1201 2864 1377 2930 mala
1437 2864 1743 2931 aocidunt
1794 2864 1858 2931 ei
1923 2864 2054 2930 cito
2123 2864 2430 2951 quoniam
2488 2864 2688 2931 nimis

586 2973 688 3033 est
716 2971 915 3032 tenue
944 2972 1015 3032 et
1057 2966 1371 3031 timidmn
1413 2971 1484 3032 et
1528 2967 1884 3054 impatiens
1929 2987 2169 3032 eorum.
2231 2965 2541 3053 Sulphur,
2574 2989 2686 3047 aes,

584 3069 843 3147 ferrum,
874 3072 945 3134 et
989 3072 1302 3154 stagnum
1348 3073 1507 3134 sunt
1550 3066 1692 3154 ejus
1735 3067 2008 3145 inimici,
2055 3067 2118 3132 ei
2161 3087 2446 3152 namque
2489 3067 2689 3134 infer-

586 3173 745 3235 runt
786 3169 977 3248 mala,
1024 3189 1145 3234 nec
1188 3174 1347 3235 sunt
1390 3169 1451 3234 ei
1496 3167 1972 3234 convenientia.

672 3271 1045 3355 Argentum
1131 3273 1375 3348 autem,
1466 3275 1545 3335 ut
1618 3269 1800 3348 dicit,
1883 3272 1984 3334 est
2058 3287 2292 3354 corpus
2363 3267 2685 3333 mundum

586 3371 805 3436 minus
846 3375 1074 3436 tamen
1124 3391 1303 3448 auro,
1348 3373 1421 3435 et
1471 3369 1613 3456 ejus
1673 3368 1930 3455 pondus
1983 3371 2084 3432 est
2137 3367 2357 3432 minus
2401 3368 2686 3454 pondere

586 3472 749 3551 auri,
793 3476 861 3538 et
920 3471 1061 3557 ejus
1105 3493 1300 3559 sapor
1341 3475 1443 3537 est
1486 3470 1725 3548 acidus,
1773 3473 1842 3536 et
1885 3471 2157 3555 excepto
2201 3487 2360 3532 auro
2427 3469 2684 3534 nullum

586 3592 817 3657 corpus
890 3577 991 3638 est
1056 3573 1345 3638 nobilius
1417 3591 1513 3648 e0‚
1575 3574 1645 3636 et
1714 3570 1932 3656 ipsum
2005 3572 2108 3634 est
2165 3567 2450 3634 vicinius
2523 3589 2682 3635 auro

585 3671 890 3737 omnibus
951 3674 1371 3760 corporibus3
1430 3671 1573 3737 auri
1620 3669 1798 3736 enim
1843 3669 2171 3735 exteriora
2221 3674 2381 3734 sunt
2423 3671 2684 3756 argenti

584 3764 940 3839 interiora:
1020 3774 1093 3838 in
1166 3772 1291 3839 hoc
1357 3793 1515 3838 vero
1576 3770 1728 3837 vult
1795 3770 2008 3836 dicere
2083 3768 2262 3856 quod
2334 3774 2680 3857 argentum

584 3879 685 3940 est
744 3874 817 3938 in
878 3873 1193 3962 potentia,
1258 3879 1331 3940 et
1387 3873 1642 3940 virtute
1704 3872 1976 3953 occulta,
2027 3871 2457 3959 propinquius
2519 3894 2680 3939 auro

584 3997 781 4060 quam
846 3975 1097 4063 aliquid
1156 3975 1355 4041 aliud.
1445 3975 1537 4040 Et
1604 3974 1743 4061 ej-us
1805 3973 2112 4040 conflatio
2178 3978 2249 4039 et
2313 3973 2684 4060 purificatio

583 4076 755 4141 fiunt
812 4098 930 4163 per
988 4077 1345 4163 plumbum,
1392 4079 1472 4140 ut
1532 4076 1743 4141 omnis
1799 4074 2080 4140 materia
2120 4073 2374 4142 vilioris
2431 4075 2684 4140 metalli

581 4181 919 4263 separetur
983 4177 1068 4242 ab
1127 4198 1223 4257 eo,
1290 4176 1464 4242 sicut
1521 4175 1774 4241 dictum
1839 4180 1940 4242 est
2013 4175 2096 4242 de
2160 4195 2335 4240 aur0.
2434 4175 2686 4261 Opere-

583 4278 799 4344 tiones
864 4279 1007 4364 ejus
1052 4299 1279 4365 paucae
1340 4277 1761 4363 assignantur
1817 4277 1891 4340 in
1936 4275 2122 4341 libris
2165 4276 2520 4362 Alkymiae,
2567 4276 2683 4341 sed

582 4377 927 4444 Avicenna
984 4379 1267 4446 secundo
1318 4377 1481 4444 dicit
1536 4375 2005 4462 Metaphysicse
2058 4377 2234 4460 quod
2292 4375 2680 4442 confortatio

580 4479 719 4566 ejus
794 4481 1047 4548 confert
1119 4481 1341 4548 foetori
1404 4480 1534 4545 oris
1596 4482 1665 4544 et
1727 4477 1960 4543 terrori
2022 4477 2249 4558 cordis,
2297 4480 2366 4541 et
2427 4475 2679 4542 confert

579 4581 905 4648 anhelitui
979 4588 1049 4650 et
1122 4581 1383 4668 pectori.
1515 4579 1691 4646 Sunt
1764 4577 1904 4664 ejus
1981 4575 2222 4664 species
2297 4581 2448 4654 tren,
2521 4599 2676 4642 nam

578 4704 715 4747 una
780 4687 883 4750 est
949 4682 1271 4750 naturalis
1330 4688 1399 4749 et
1458 4681 1539 4748 fit
1596 4682 1668 4746 in
1725 4683 1960 4748 ventre
2017 4682 2230 4756 terrae,
2293 4683 2370 4744 ut
2428 4677 2675 4744 dictum
