3517 5750
473 1931 586 1982 The
607 1931 720 1983 first

472 1997 720 2129 ffigtoogns

791 828 880 900 ⁸72
1559 839 1819 890 noenu
1864 837 2159 890 mcoms
2726 827 2917 914 [cun

793 1013 1092 1102 alicujus,
1151 1015 1220 1080 et
1275 1033 1427 1080 cnm
1487 1012 1905 1106 excusatione
1955 1005 2263 1080 hnmanae
2314 1005 2716 1100 fragilitatis,
2808 1013 2905 1080 Et

797 1117 1240 1205 exemplorum
1315 1113 1817 1182 multitudinem
1877 1113 2293 1196 declinemus,
2354 1119 2425 1180 et
2486 1115 2905 1182 consuetudi-

794 1243 949 1287 nem
1006 1241 1262 1307 semper
1319 1217 1682 1284 habeamus
1723 1221 2111 1305 suspectam,
2167 1221 2240 1283 et
2295 1217 2507 1284 simus
2547 1239 2635 1284 ex
2679 1219 2907 1306 paucis

795 1328 866 1390 et
925 1323 1008 1388 de
1067 1341 1348 1388 numero
1391 1320 1766 1408 sapientum
1820 1324 1890 1385 et
1936 1323 2319 1384 sanctorum
2386 1323 2713 1406 quantum
2758 1341 2907 1408 pos-

799 1445 1042 1504 sumus,
1071 1428 1150 1489 ut
1183 1443 1447 1489 sensum
1497 1420 1957 1488 multitudinis
2002 1421 2346 1512 evitemus.
2433 1421 2504 1488 Ν
2502 1444 2613 1489 am
2654 1443 2917 1510 semper

799 1549 842 1593 a
887 1524 1209 1614 principio
1267 1524 1502 1590 mundi
1559 1522 1891 1612 sapientes
1951 1543 2194 1603 omnes,
2249 1529 2331 1592 ut
2372 1525 2585 1591 sancti
2646 1529 2715 1591 et
2764 1527 2909 1592 veri

801 1626 1188 1716 philosophi,
1261 1629 1734 1714 separaverunt
1814 1647 1883 1691 se
1955 1647 1998 1690 a
2070 1645 2265 1691 sensu
2336 1626 2543 1714 vulgi,
2626 1632 2767 1694 tam
2840 1629 2915 1694 in

804 1731 1080 1797 scientia
1137 1751 1337 1816 quam
1389 1729 1460 1794 in
1511 1727 1698 1794 vita:
1766 1727 1923 1813 quia
1970 1727 2083 1793 ille
2129 1733 2209 1794 ut
2268 1727 2375 1794 in¹
2436 1729 2739 1816 pluribus
2812 1733 2915 1797 est

806 1853 1132 1914 erroneus,
1179 1836 1250 1898 et
1291 1851 1633 1917 nunquam
1675 1835 1779 1896 est
1821 1829 2159 1918 perfectus.

898 1933 1136 2002 Totam
1181 1955 1338 2001 vero
1381 1932 1662 2022 primam
1715 1937 1975 2020 partem
2020 1932 2293 2018 Majoris
2338 1932 2572 2022 Operis
2620 1932 2786 2000 facio
2830 1932 2915 1999 de

811 2037 936 2103 hac
1025 2036 1320 2116 materia,
1413 2037 1590 2124 quia,
1663 2035 1797 2100 nisi
1886 2035 2035 2101 istae
2110 2055 2325 2103 causae
2396 2035 2917 2117 excluderentur,

473 2129 648 2194 nujus
663 2145 754 2181 ⁰¹·
812 2139 998 2207 nulla,
1069 2136 1402 2226 persuasio
1476 2141 1696 2224 potest
1770 2137 1914 2202 fieri
1988 2137 2339 2220 veritatis3
2426 2157 2551 2204 nec
2621 2159 2927 2225 unquam

471 2196 720 2264 clusively

473 2263 687 2314 devoted

471 2335 528 2381 to
542 2328 643 2380 this

473 2395 681 2461 saneot.

814 2241 969 2310 volo
1037 2242 1426 2328 persuadere
1485 2239 1738 2306 homini
1800 2239 1911 2304 vel
1966 2237 2049 2305 de
2122 2238 2363 2322 studio,
2426 2241 2537 2307 vel
2595 2241 2679 2306 de
2752 2240 2923 2322 vita,

817 2345 946 2412 nisi
997 2345 1212 2432 primo
1263 2363 1565 2410 moneam
1609 2365 1761 2409 eum
1806 2343 1939 2409 ista
1980 2341 2305 2408 declinare
2356 2341 2530 2409 sicut
2572 2364 2926 2423 venenum,

815 2454 885 2516 et
928 2447 1104 2533 quod
1143 2447 1379 2514 saltem
1429 2448 1656 2512 teneat
1697 2445 1869 2511 hanc
1930 2444 2395 2511 auctoritatem
2455 2444 2541 2511 de
2582 2445 2753 2512 libro
2809 2443 2931 2510 Se-

813 2548 1178 2615 cundarum
1251 2546 1700 2636 Epistolarum
1715 2546 1744 2586 ²
1813 2546 2079 2613 Senecoe
2136 2546 2211 2613 in
2254 2547 2605 2614 memoria:
2679 2553 2715 2583 ‘⁸
2734 2545 2925 2614 Inter

817 2658 854 2688 “
898 2671 1124 2717 causas
1197 2649 1520 2716 malorum
1593 2653 1967 2714 nostrorum
2042 2653 2162 2730 est,
2238 2647 2417 2736 quod
2490 2648 2779 2714 vivimus
2836 2647 2925 2714 ad

818 2759 854 2790 “
899 2751 1240 2838 exemp1a3
1287 2772 1408 2816 nee
1465 2751 1721 2816 ratione
1768 2750 2233 2837 componimur,
2282 2747 2399 2816 sed
2458 2749 2925 2816 consuetudine

818 2861 857 2893 ‘⁸
901 2854 1303 2922 adducimur.
1417 2852 1611 2935 Quod
1673 2853 1731 2919 si
1789 2853 1983 2941 pauci
2038 2851 2345 2934 facerent,
2404 2851 2723 2919 nollemus
2782 2852 2928 2919 imi-

817 2964 856 2995 “
899 2956 1078 3039 tari;
1152 2978 1301 3023 cum
1358 2956 1578 3043 plures
1637 2955 1866 3038 facere,
1926 2956 2249 3043 coeperint
2304 2955 2462 3043 quia
2523 2954 2933 3041 frequentius

821 3066 858 3099 “
904 3059 1091 3146 quasi
1168 3058 1508 3125 honestius
1585 3056 1875 3123 facimus.
1984 3058 2179 3125 Reeti
2242 3057 2459 3125 locum
2525 3059 2704 3146 apud
2765 3080 2886 3125 nos
2904 3056 2931 3097 ³

823 3167 862 3200 “
907 3164 1094 3227 tenet
1125 3182 1324 3243 error,
1353 3160 1468 3227 ubi
1509 3160 1811 3248 publicus
1838 3160 2052 3228 factus
2080 3158 2239 3226 est.”
2313 3159 2400 3225 In
2428 3164 2579 3227 tota
2605 3159 2931 3247 sapientia

824 3263 1170 3352 theologiae
1183 3268 1287 3330 'et
1335 3263 1508 3349 juris
1551 3262 1847 3330 canonici
1890 3268 1961 3329 et
2017 3262 2463 3350 philosophiae,
2521 3284 2659 3329 non
2702 3268 2804 3329 est
2847 3262 2931 3330 de

823 3366 945 3433 hae
1002 3365 1280 3433 materia
1339 3370 1483 3432 tam
1540 3364 1815 3453 pulchra
1872 3363 2222 3443 sententia,
2281 3365 2440 3431 istas
2514 3370 2649 3430 tres
2706 3386 2934 3431 causas

823 3490 1120 3536 errorum
1176 3473 1554 3535 nostrorum
1613 3466 1927 3553 colligens
2001 3466 2073 3531 in
2132 3488 2271 3532 una
2327 3467 2723 3534 auctoritate
2782 3490 2932 3534 eon-

824 3570 1032 3638 tinua.
1169 3569 1518 3658 Optimum
1560 3570 1852 3648 verbum,
1918 3572 1989 3634 et
2046 3569 2228 3635 omni
2286 3568 2581 3657 sapiente
2640 3568 2931 3657 dignum,

826 3676 898 3739 et
957 3671 1044 3738 ab
1107 3672 1249 3758 ipso
1313 3672 1455 3738 Deo
1516 3673 1899 3738 revelatum.
2014 3670 2217 3738 Unde
2282 3671 2639 3759 Apostolus
2690 3672 2938 3740 Paulus

829 3772 994 3839 dicit
1051 3772 1125 3837 in
1183 3772 1462 3860 epistola
1519 3773 1604 3839 ad
1651 3772 1968 3840 Senecam
1992 3772 2048 3841 :⁴
2092 3778 2133 3811 “
2153 3774 2604 3861 praeprudenti
2661 3775 2792 3842 tibi
2836 3798 2937 3844 re-

832 3880 869 3910 “
914 3872 1138 3939 velata
1177 3878 1336 3940 sunt
1379 3896 1528 3961 quae
1569 3876 1795 3963 paucis
1834 3874 2171 3943 Divinitas
2212 3876 2588 3943 concessit.”

922 3974 995 4040 Si
1047 3974 1256 4061 igitur
1299 3975 1418 4041 has
1460 3981 1595 4042 tres
1645 3980 1863 4064 pestes
1919 3998 2069 4044 cum
2114 3988 2351 4066 quarta
2392 3980 2740 4066 principali
2780 3982 2943 4048 veli-

833 4098 980 4142 mus
1039 4076 1401 4160 excludere,
1461 4082 1624 4146 tunc
1683 4100 2027 4165 possumus
2083 4082 2438 4148 veritatem
2496 4081 2572 4147 in
2630 4082 2939 4151 omnibus

835 4177 1077 4257 videre,
1129 4184 1200 4245 et
1250 4202 1514 4246 omnem
1552 4180 1914 4248 falsitatem
1958 4183 2122 4250 vitae
2162 4187 2233 4249 et
2276 4184 2619 4271 sapientise
2670 4207 2713 4252 a
2750 4186 2944 4253 nobis

836 4280 1140 4369 relegare.
1279 4280 1370 4349 Et
1443 4282 1502 4349 si
1559 4282 1708 4348 aliis
1766 4306 2147 4371 praesumus,
2208 4288 2371 4352 tunc
2443 4308 2787 4375 possumus
2860 4288 2947 4357 ab

911 4588 926 4618 ¹
951 4584 1030 4652 ἔκ]
1069 4600 1167 4637 om.
1208 4585 1272 4637 Β.
1355 4661 1357 4663 q
2011 4589 2032 4621 ⁴
2058 4587 2317 4659 Senecam]
2357 4589 2567 4657 Among
2597 4590 2683 4644 the
2714 4590 2950 4661 Apocry-

907 4666 930 4696 ²
953 4662 1289 4717 &amdam
1297 4664 1659 4734 Epistola-um]
1685 4668 1845 4733 Epist.
1948 4668 2049 4733 pha
2084 4668 2143 4719 of
2178 4666 2266 4721 the
2308 4668 2439 4722 Nev
2482 4670 2783 4725 Testament-
2854 4674 2954 4729 See

843 4742 1017 4794 cxxiii.
1041 4760 1088 4808 p.
1114 4750 1227 4796 614.
1948 4763 1997 4813 p-
2022 4752 2139 4811 ⁵08,
2160 4748 2237 4800 ed.
2260 4748 2415 4803 Giles.

913 4824 933 4854 ⁸
954 4822 1092 4887 apud
1109 4822 1222 4889 nos]
1261 4838 1361 4877 om.
1383 4818 1455 4876 Τ.
