3517 5750
547 873 740 963 vnn]
1217 889 1680 942 consumunt
1725 889 1983 940 srmm.
2526 877 2659 943 493

545 1064 822 1142 tionum,
884 1068 956 1130 et
997 1063 1522 1150 computationes
1565 1085 1904 1143 annorum,
1968 1067 2039 1130 et
2096 1062 2535 1143 historiarum,
2591 1068 2661 1130 et

549 1167 908 1233 secundum
962 1187 1188 1232 omnes
1261 1170 1464 1244 actus,
1529 1169 1600 1232 et
1673 1167 2225 1233 considerationes
2299 1166 2661 1232 hominum.

555 1268 650 1334 Et
689 1269 782 1336 sic
813 1268 1102 1336 October
1149 1272 1252 1334 est
1300 1268 1558 1355 primus
1609 1268 1857 1334 mensis
1908 1271 1981 1334 et
2030 1267 2435 1356 principium
2480 1267 2663 1334 anni.

552 1370 646 1436 Et
689 1371 782 1438 sic
827 1370 1092 1457 Moyses
1135 1375 1206 1436 et
1248 1369 1297 1436 J
1299 1368 1478 1436 udaei
1519 1391 1563 1436 a
1605 1369 1929 1458 principio
1965 1371 2197 1436 mundi
2238 1391 2447 1458 usque
2485 1389 2663 1435 nunc

549 1479 980 1540 servaverunt
1035 1479 1408 1560 temporum
1465 1472 1839 1552 rationem;
1916 1476 2035 1538 aut
2090 1471 2346 1560 primus
2414 1472 2663 1538 mensis

552 1579 770 1662 potest
817 1575 949 1642 dici
1000 1579 1325 1662 quantum
1370 1575 1457 1640 ad
1503 1575 2011 1641 solemnitatem.
2107 1575 2203 1640 Et
2254 1575 2349 1640 sic
2408 1574 2660 1662 Aprilis

555 1683 655 1743 est
705 1677 1001 1764 primus3
1045 1677 1202 1764 quia
1251 1675 1323 1742 in
1353 1698 1430 1742 eo
1458 1675 1664 1742 fiebat
1700 1677 1915 1764 prima
1966 1676 2367 1759 solemnitate,
2416 1677 2665 1744 scilieet

555 1777 822 1856 Pascha,
882 1783 952 1846 et
1018 1784 1169 1866 post
1234 1779 1720 1866 quinquaginta
1782 1779 1923 1846 dies
1968 1778 2373 1858 Pentecoste,
2431 1783 2501 1846 et
2573 1779 2669 1844 sic

555 1882 846 1948 ulterius.
939 1881 1072 1948 Sed
1115 1883 1210 1948 sic
1253 1903 1393 1946 non
1458 1881 1910 1948 consideratur
1970 1881 2225 1968 primus
2290 1881 2531 1948 mensis
2592 1881 2666 1947 in

555 1990 880 2071 quantum
943 1991 1044 2052 est
1106 1984 1502 2072 principium
1561 1983 1865 2050 naturale
1928 1985 2245 2071 temporis
2320 1985 2479 2049 anni
2554 1983 2669 2048 sed

557 2087 780 2174 legale.
873 2087 1204 2168 Quoniam
1247 2086 1459 2173 igitur
1499 2085 1642 2152 haec
1685 2091 1920 2172 patent
1948 2087 2343 2153 auctoritate
2372 2084 2419 2151 J
2422 2085 2667 2173 osephi

557 2188 706 2255 ideo
752 2189 932 2275 quod
975 2189 1228 2255 dictum
1271 2193 1374 2256 est
1417 2187 1662 2254 sufficit
1705 2189 1795 2253 ad
1838 2189 2010 2254 hanc
2052 2189 2297 2256 horam.

651 2290 858 2357 Totus
931 2312 1090 2379 ergo
1161 2290 1268 2356 hic
1342 2311 1521 2356 error
1591 2289 2067 2378 theologorum,
2156 2295 2227 2357 et
2312 2291 2755 2413 glossarumth
2694 2295 2827 2347 This
2754 2295 3007 2414 2⁸1th

560 2393 1058 2480 magistralium,
1107 2397 1178 2460 et
1225 2391 1534 2480 Magistri
1579 2391 1899 2459 Historiae
1943 2393 2135 2460 venit
2180 2415 2265 2459 ex
2308 2394 2446 2473 hoc,
2494 2362 2755 2480 quodth

2696 2429 2959 2495 agreeable

561 2516 696 2560 non
729 2495 1117 2582 intelligunt
1145 2493 1192 2560 J
1195 2495 1527 2582 osephum
1560 2499 1829 2583 propter
1870 2495 2317 2584 ignorantiam
2350 2496 2673 2562 mensium
2697 2503 2752 2546 ω
2772 2495 2919 2547 other

2698 2561 3020 2628 punge-ot

563 2597 940 2664 Graecorum
1000 2602 1071 2664 et
1129 2597 1584 2676 Hebraeorum,
1633 2596 1876 2684 quibus
1940 2598 2161 2664 utitur
2218 2597 2419 2664 Sacra
2460 2597 2677 2686 Scrip-
2700 2629 2973 2694 Scriptura

561 2705 730 2778 tura,
779 2703 850 2766 et
907 2721 1184 2786 quorum
1242 2699 1554 2765 notitiam
1613 2699 1892 2786 requirit
1948 2700 2089 2788 ejus
2132 2700 2457 2787 expositio
2513 2700 2679 2787 legi-

562 2802 734 2867 tima
776 2806 846 2868 et
903 2801 1168 2868 sincera.
1261 2799 1394 2867 Sed
1441 2823 1528 2867 ex
1583 2801 1688 2867 his
1731 2801 1986 2890 majora
2026 2807 2406 2889 sequuntur.
2497 2803 2675 2868 Nam

565 2905 622 2969 si
650 2904 1048 2991 principium
1091 2902 1252 2969 anni
1293 2904 1500 2970 fuerit
1541 2904 1881 2971 lunatione
1927 2904 2247 2985 Octobris,
2294 2910 2457 2973 tunc
2499 2906 2679 2994 prin-

567 3006 810 3094 cipium
852 3006 1087 3072 mundi
1131 3006 1262 3073 fuit
1323 3006 1398 3072 in
1463 3006 1586 3071 tali
1629 3010 1941 3094 tempore.
2033 3007 2127 3073 Et
2168 3007 2323 3075 huic
2365 3013 2681 3075 consonat

567 3108 907 3195 Scriptura
937 3132 955 3189 ;
1027 3109 1338 3195 quoniam
1382 3114 1576 3175 terrae
1619 3109 1963 3175 nascentia
2004 3108 2079 3175 in
2125 3110 2366 3177 Genesi
2409 3110 2680 3177 fuerunt

567 3216 790 3276 creata
831 3210 907 3275 in
951 3231 1072 3275 sua
1114 3209 1562 3298 perfectione,
1547 3234 1564 3250 ·
1625 3215 1707 3275 ut
1749 3211 2017 3277 arbores
2072 3234 2223 3277 cum
2276 3212 2414 3277 suis
2463 3214 2678 3299 pomis

567 3318 638 3378 et
679 3312 1004 3379 fructibus
1048 3312 1346 3393 caeteris3
1390 3316 1459 3379 et
1488 3316 1744 3399 segetes
1786 3316 1859 3379 et
1903 3313 2123 3379 omnia
2166 3314 2238 3378 in
2282 3312 2679 3401 perfectione

569 3420 639 3480 et
679 3414 876 3501 plena
919 3414 1322 3491 maturitate,
1371 3414 1544 3479 sicut
1586 3418 1817 3479 textus
1877 3413 2017 3501 ipse
2078 3415 2253 3503 sapit
2317 3420 2389 3481 et
2454 3437 2681 3481 omnes

567 3508 856 3583 credunt.
948 3516 1040 3582 Et
1081 3538 1339 3582 necesse
1385 3521 1530 3597 est3
1575 3516 1733 3602 quia.
1764 3514 1891 3581 Dei
1934 3516 2221 3603 perfecta
2264 3521 2423 3583 sunt
2466 3538 2676 3605 opera.

571 3618 664 3684 Et
707 3617 924 3684 Adam
969 3622 1040 3683 et
1085 3618 1232 3684 Eva
1275 3616 1647 3683 debuerunt
1687 3616 1919 3683 statim
1964 3618 2301 3685 comedere
2364 3618 2447 3685 de
2508 3620 2678 3685 sruc-

569 3720 766 3799 tibus,
827 3726 1098 3808 propter
1142 3721 1320 3805 quod
1363 3741 1522 3807 opor
1523 3718 1658 3786 tuit
1701 3719 1879 3805 quod
1925 3724 2145 3786 essent
2188 3720 2447 3787 maturi.
2540 3721 2671 3789 Sed

567 3828 830 3910 tempus
890 3822 1300 3889 maturitatis
1344 3828 1415 3889 et
1459 3822 1857 3889 collectionis
1899 3822 2235 3889 fructuum
2277 3844 2411 3889 non
2457 3829 2558 3891 est
2600 3824 2675 3889 in

573 3924 790 4011 Aprili
845 3946 964 3991 nec
1029 3923 1108 3991 in
1162 3924 1424 4003 Martio,
1500 3925 1616 3991 sed
1687 3924 1761 3990 in
1834 3924 1966 3991 fine
2036 3926 2442 4014 Septembris
2487 3932 2556 3993 et
2598 3928 2672 3993 in

567 4026 888 4114 principio
921 4025 1240 4105 Octobris,
1288 4032 1357 4092 et
1400 4026 1578 4094 ultra
1605 4048 1787 4093 mare
1832 4028 2189 4094 secundum
2221 4028 2627 4117 Scripturam
2657 4054 2675 4111 3

569 4128 778 4215 igitur
841 4134 1004 4195 tunc
1044 4128 1178 4194 fuit
1240 4128 1638 4216 principium
1681 4129 1933 4195 mundi.
2024 4130 2095 4195 N
2096 4152 2169 4196 ec
2210 4132 2391 4197 valet
2452 4132 2667 4199 dicere

569 4230 746 4315 quod
821 4229 1004 4296 Deus
1093 4231 1316 4317 potuit
1387 4252 1592 4316 quum
1667 4231 1885 4297 voluit
1977 4232 2328 4319 producere
2423 4232 2677 4299 fructus

570 4337 862 4399 maturos
903 4332 978 4397 in
1031 4332 1367 4419 principi0‚
1438 4337 1508 4397 et
1572 4333 1671 4398 ita
1735 4333 1906 4399 bene
1974 4333 2049 4397 in
2094 4332 2309 4421 Aprili
2370 4334 2543 4401 sicut
2602 4335 2675 4401 in

575 4432 846 4500 Octobri
899 4439 970 4499 et
1015 4434 1404 4521 Septembri.
1497 4433 1609 4498 Ad
1675 4434 1855 4519 quod
1921 4433 2271 4499 dicendum
2336 4440 2452 4514 est,
2499 4438 2675 4523 quod

567 4536 726 4602 licet
767 4536 1067 4623 potentia
1096 4536 1222 4601 Dei
1265 4556 1402 4601 non
1443 4540 1750 4615 arctetur,
1798 4535 1957 4622 quia.
1996 4535 2262 4601 infinita
2306 4542 2422 4617 est,
2452 4545 2679 4605 tamen

570 4636 918 4704 voluntate
963 4638 1214 4705 creavit
1257 4638 1478 4703 omnia
1521 4644 1592 4705 et
1645 4638 1977 4725 produxit,
2037 4643 2107 4705 et
2158 4639 2468 4705 voluntas
2534 4642 2677 4729 ejus

571 4746 672 4807 est
714 4742 1071 4808 secundum
1115 4746 1362 4808 rectam
1405 4740 1730 4811 rationem
1776 4748 1847 4809 et
1906 4742 2273 4811 naturalem
2328 4742 2629 4811 ordinem
2657 4768 2676 4826 ;
