<?xml version="1.0" encoding="UTF-8"?>
<!DOCTYPE html PUBLIC "-//W3C//DTD XHTML 1.0 Transitional//EN"
    "http://www.w3.org/TR/xhtml1/DTD/xhtml1-transitional.dtd">
<html xmlns="http://www.w3.org/1999/xhtml" xml:lang="en" lang="en">
 <head>
  <title>
</title>
<meta http-equiv="Content-Type" content="text/html;charset=utf-8" />
  <meta name='ocr-system' content='tesseract 3.04.00' />
  <meta name='ocr-capabilities' content='ocr_page ocr_carea ocr_par ocr_line ocrx_word'/>
</head>
<body>
  <div class='ocr_page' id='page_1' title='image "./frrogeribaconop00brewgoog_0182.png"; bbox 0 0 3517 5750; ppageno 0'>
   <div class='ocr_carea' id='block_1_1' title="bbox 615 861 2721 952">
    <p class='ocr_par' dir='ltr' id='par_1_1' title="bbox 615 861 2721 952">
     <span class='ocr_line' id='line_1_1' title="bbox 615 861 2721 952; baseline 0.004 -21"><span class='ocrx_word' id='word_1_1' title='bbox 615 861 804 952; x_wconf 75' lang='lat' dir='ltr'><strong>xx1.]</strong></span> <span class='ocrx_word' id='word_1_2' title='bbox 1403 879 1578 931; x_wconf 72' lang='lat' dir='ltr'>opus</span> <span class='ocrx_word' id='word_1_3' title='bbox 1623 881 1943 933; x_wconf 66' lang='grc' dir='ltr'>Τιιιιιιυιι.</span> <span class='ocrx_word' id='word_1_4' title='bbox 2636 874 2721 940; x_wconf 86' lang='grc'>69</span> 
     </span>
    </p>
   </div>
   <div class='ocr_carea' id='block_1_2' title="bbox 617 1045 2827 2038">
    <p class='ocr_par' dir='ltr' id='par_1_2' title="bbox 617 1045 2827 2038">
     <span class='ocr_line' id='line_1_2' title="bbox 619 1045 2722 1142; baseline 0.004 -27"><span class='ocrx_word' id='word_1_5' title='bbox 619 1047 778 1116; x_wconf 86' lang='lat' dir='ltr'>dum</span> <span class='ocrx_word' id='word_1_6' title='bbox 841 1049 1142 1116; x_wconf 76' lang='lat' dir='ltr'><strong>ordinem</strong></span> <span class='ocrx_word' id='word_1_7' title='bbox 1185 1045 1396 1117; x_wconf 79' lang='lat' dir='ltr'>nosti-i</span> <span class='ocrx_word' id='word_1_8' title='bbox 1437 1050 1837 1132; x_wconf 48' lang='lat' dir='ltr'>intellectu&amp;</span> <span class='ocrx_word' id='word_1_9' title='bbox 1886 1057 1969 1120; x_wconf 89' lang='lat' dir='ltr'>ut</span> <span class='ocrx_word' id='word_1_10' title='bbox 2010 1053 2323 1142; x_wconf 79' lang='lat' dir='ltr'>incipiam</span> <span class='ocrx_word' id='word_1_11' title='bbox 2364 1077 2407 1121; x_wconf 84' lang='lat' dir='ltr'><strong>a</strong></span> <span class='ocrx_word' id='word_1_12' title='bbox 2450 1055 2722 1124; x_wconf 90' lang='lat' dir='ltr'>minori-</span> 
     </span>
     <span class='ocr_line' id='line_1_3' title="bbox 619 1151 2721 1246; baseline 0.004 -28"><span class='ocrx_word' id='word_1_13' title='bbox 619 1151 742 1218; x_wconf 84' lang='lat' dir='ltr'>bns</span> <span class='ocrx_word' id='word_1_14' title='bbox 785 1173 936 1240; x_wconf 81' lang='lat' dir='ltr'>quae</span> <span class='ocrx_word' id='word_1_15' title='bbox 980 1153 1192 1240; x_wconf 79' lang='lat' dir='ltr'>magis</span> <span class='ocrx_word' id='word_1_16' title='bbox 1255 1155 1622 1221; x_wconf 73' lang='lat' dir='ltr'>necessaria</span> <span class='ocrx_word' id='word_1_17' title='bbox 1683 1159 1845 1223; x_wconf 83' lang='lat' dir='ltr'>sunt</span> <span class='ocrx_word' id='word_1_18' title='bbox 1905 1157 2265 1224; x_wconf 82' lang='lat' dir='ltr'>secundum</span> <span class='ocrx_word' id='word_1_19' title='bbox 2333 1160 2721 1246; x_wconf 83' lang='lat' dir='ltr'>apostolum,</span> 
     </span>
     <span class='ocr_line' id='line_1_4' title="bbox 619 1255 2723 1342; baseline 0.005 -22"><span class='ocrx_word' id='word_1_20' title='bbox 619 1259 690 1320; x_wconf 87' lang='lat' dir='ltr'>et</span> <span class='ocrx_word' id='word_1_21' title='bbox 728 1255 941 1342; x_wconf 73' lang='lat' dir='ltr'>magis</span> <span class='ocrx_word' id='word_1_22' title='bbox 983 1255 1196 1335; x_wconf 73' lang='lat' dir='ltr'>utilia,</span> <span class='ocrx_word' id='word_1_23' title='bbox 1251 1255 1410 1323; x_wconf 86' lang='lat' dir='ltr'>lieet</span> <span class='ocrx_word' id='word_1_24' title='bbox 1470 1278 1606 1323; x_wconf 91' lang='lat' dir='ltr'>non</span> <span class='ocrx_word' id='word_1_25' title='bbox 1671 1261 1816 1324; x_wconf 77' lang='lat' dir='ltr'>tam</span> <span class='ocrx_word' id='word_1_26' title='bbox 1882 1259 2075 1326; x_wconf 81' lang='lat' dir='ltr'>bona..</span> <span class='ocrx_word' id='word_1_27' title='bbox 2168 1261 2343 1342; x_wconf 77' lang='lat' dir='ltr'>Quia.</span> <span class='ocrx_word' id='word_1_28' title='bbox 2386 1262 2570 1329; x_wconf 83' lang='lat' dir='ltr'>aliud</span> <span class='ocrx_word' id='word_1_29' title='bbox 2620 1270 2723 1331; x_wconf 86' lang='lat' dir='ltr'>est</span> 
     </span>
     <span class='ocr_line' id='line_1_5' title="bbox 617 1355 2827 1451; baseline 0.005 -29"><span class='ocrx_word' id='word_1_30' title='bbox 617 1355 800 1434; x_wconf 86' lang='lat' dir='ltr'>utile,</span> <span class='ocrx_word' id='word_1_31' title='bbox 846 1357 1034 1424; x_wconf 75' lang='lat' dir='ltr'>aliud</span> <span class='ocrx_word' id='word_1_32' title='bbox 1072 1357 1324 1425; x_wconf 86' lang='lat' dir='ltr'>bonum</span> <span class='ocrx_word' id='word_1_33' title='bbox 1367 1357 1684 1426; x_wconf 78' lang='lat' dir='ltr'>absolute.</span> <span class='ocrx_word' id='word_1_34' title='bbox 1778 1361 1953 1442; x_wconf 77' lang='lat' dir='ltr'>Quia.</span> <span class='ocrx_word' id='word_1_35' title='bbox 2014 1362 2179 1429; x_wconf 84' lang='lat' dir='ltr'>utile</span> <span class='ocrx_word' id='word_1_36' title='bbox 2240 1370 2345 1430; x_wconf 84' lang='lat' dir='ltr'>est</span> <span class='ocrx_word' id='word_1_37' title='bbox 2403 1366 2580 1451; x_wconf 90' lang='lat' dir='ltr'>quod</span> <span class='ocrx_word' id='word_1_38' title='bbox 2630 1367 2719 1433; x_wconf 80' lang='lat' dir='ltr'>ad</span> <span class='ocrx_word' id='word_1_39' title='bbox 2814 1415 2827 1424; x_wconf 76' lang='lat'><strong>.</strong></span> 
     </span>
     <span class='ocr_line' id='line_1_6' title="bbox 617 1457 2718 1553; baseline 0.005 -29"><span class='ocrx_word' id='word_1_40' title='bbox 617 1457 800 1525; x_wconf 73' lang='lat' dir='ltr'>aliud</span> <span class='ocrx_word' id='word_1_41' title='bbox 835 1458 1198 1539; x_wconf 79' lang='lat' dir='ltr'>ordinatur,</span> <span class='ocrx_word' id='word_1_42' title='bbox 1236 1462 1318 1526; x_wconf 88' lang='lat' dir='ltr'>ut</span> <span class='ocrx_word' id='word_1_43' title='bbox 1361 1481 1442 1527; x_wconf 79' lang='lat' dir='ltr'>ea</span> <span class='ocrx_word' id='word_1_44' title='bbox 1484 1482 1634 1547; x_wconf 82' lang='lat' dir='ltr'>quae</span> <span class='ocrx_word' id='word_1_45' title='bbox 1663 1467 1827 1530; x_wconf 88' lang='lat' dir='ltr'>sunt</span> <span class='ocrx_word' id='word_1_46' title='bbox 1866 1463 1954 1529; x_wconf 75' lang='lat' dir='ltr'>ad</span> <span class='ocrx_word' id='word_1_47' title='bbox 1992 1464 2194 1532; x_wconf 88' lang='lat' dir='ltr'>finem</span> <span class='ocrx_word' id='word_1_48' title='bbox 2223 1473 2522 1553; x_wconf 86' lang='lat' dir='ltr'>respectu</span> <span class='ocrx_word' id='word_1_49' title='bbox 2549 1469 2718 1536; x_wconf 87' lang='lat' dir='ltr'>finis.</span> 
     </span>
     <span class='ocr_line' id='line_1_7' title="bbox 617 1560 2719 1653; baseline 0.006 -27"><span class='ocrx_word' id='word_1_50' title='bbox 617 1560 714 1626; x_wconf 88' lang='lat' dir='ltr'>Et</span> <span class='ocrx_word' id='word_1_51' title='bbox 739 1561 882 1628; x_wconf 78' lang='lat' dir='ltr'>haeo</span> <span class='ocrx_word' id='word_1_52' title='bbox 915 1566 1076 1629; x_wconf 85' lang='lat' dir='ltr'>sunt</span> <span class='ocrx_word' id='word_1_53' title='bbox 1112 1560 1372 1628; x_wconf 79' lang='lat' dir='ltr'>minora</span> <span class='ocrx_word' id='word_1_54' title='bbox 1417 1568 1722 1650; x_wconf 86' lang='lat' dir='ltr'>respectu</span> <span class='ocrx_word' id='word_1_55' title='bbox 1768 1565 2108 1653; x_wconf 79' lang='lat' dir='ltr'>majorum.</span> <span class='ocrx_word' id='word_1_56' title='bbox 2200 1565 2462 1634; x_wconf 89' lang='lat' dir='ltr'>Bonum</span> <span class='ocrx_word' id='word_1_57' title='bbox 2492 1576 2719 1638; x_wconf 83' lang='lat' dir='ltr'>autem</span> 
     </span>
     <span class='ocr_line' id='line_1_8' title="bbox 617 1662 2721 1756; baseline 0.004 -26"><span class='ocrx_word' id='word_1_58' title='bbox 617 1662 996 1730; x_wconf 76' lang='lat' dir='ltr'>absolutum</span> <span class='ocrx_word' id='word_1_59' title='bbox 1062 1685 1200 1730; x_wconf 88' lang='lat' dir='ltr'>non</span> <span class='ocrx_word' id='word_1_60' title='bbox 1265 1666 1369 1730; x_wconf 85' lang='lat' dir='ltr'>est</span> <span class='ocrx_word' id='word_1_61' title='bbox 1424 1665 1555 1730; x_wconf 88' lang='lat' dir='ltr'>nisi</span> <span class='ocrx_word' id='word_1_62' title='bbox 1611 1665 1688 1732; x_wconf 89' lang='lat' dir='ltr'>in</span> <span class='ocrx_word' id='word_1_63' title='bbox 1745 1668 1897 1748; x_wconf 90' lang='lat' dir='ltr'>fine,</span> <span class='ocrx_word' id='word_1_64' title='bbox 1977 1674 2049 1735; x_wconf 87' lang='lat' dir='ltr'>et</span> <span class='ocrx_word' id='word_1_65' title='bbox 2106 1667 2323 1756; x_wconf 76' lang='lat' dir='ltr'>majus</span> <span class='ocrx_word' id='word_1_66' title='bbox 2392 1677 2495 1738; x_wconf 86' lang='lat' dir='ltr'>est</span> <span class='ocrx_word' id='word_1_67' title='bbox 2567 1673 2721 1740; x_wconf 85' lang='lat' dir='ltr'>finis</span> 
     </span>
     <span class='ocr_line' id='line_1_9' title="bbox 617 1765 2723 1859; baseline 0.004 -27"><span class='ocrx_word' id='word_1_68' title='bbox 617 1787 874 1853; x_wconf 81' lang='lat' dir='ltr'>semper</span> <span class='ocrx_word' id='word_1_69' title='bbox 929 1770 1233 1854; x_wconf 79' lang='lat' dir='ltr'>respectu</span> <span class='ocrx_word' id='word_1_70' title='bbox 1287 1765 1578 1834; x_wconf 85' lang='lat' dir='ltr'>minoris.</span> <span class='ocrx_word' id='word_1_71' title='bbox 1592 1766 1612 1806; x_wconf 83' lang='lat'>¹</span> <span class='ocrx_word' id='word_1_72' title='bbox 1707 1767 1803 1836; x_wconf 91' lang='lat' dir='ltr'>Et</span> <span class='ocrx_word' id='word_1_73' title='bbox 1845 1769 2003 1857; x_wconf 74' lang='lat' dir='ltr'>quia</span> <span class='ocrx_word' id='word_1_74' title='bbox 2051 1791 2175 1838; x_wconf 83' lang='lat' dir='ltr'>neo</span> <span class='ocrx_word' id='word_1_75' title='bbox 2232 1788 2574 1859; x_wconf 83' lang='lat' dir='ltr'>possumus</span> <span class='ocrx_word' id='word_1_76' title='bbox 2616 1776 2723 1840; x_wconf 91' lang='lat' dir='ltr'>in-</span> 
     </span>
     <span class='ocr_line' id='line_1_10' title="bbox 618 1866 2719 1966; baseline 0.006 -34"><span class='ocrx_word' id='word_1_77' title='bbox 618 1866 914 1955; x_wconf 82' lang='lat' dir='ltr'>telligere</span> <span class='ocrx_word' id='word_1_78' title='bbox 957 1889 1078 1934; x_wconf 84' lang='lat' dir='ltr'>neo</span> <span class='ocrx_word' id='word_1_79' title='bbox 1119 1867 1362 1935; x_wconf 81' lang='lat' dir='ltr'>habere</span> <span class='ocrx_word' id='word_1_80' title='bbox 1407 1868 1660 1956; x_wconf 78' lang='lat' dir='ltr'>majora</span> <span class='ocrx_word' id='word_1_81' title='bbox 1705 1869 1847 1939; x_wconf 86' lang='lat' dir='ltr'>sine</span> <span class='ocrx_word' id='word_1_82' title='bbox 1894 1871 2261 1940; x_wconf 86' lang='lat' dir='ltr'>minoribus</span> <span class='ocrx_word' id='word_1_83' title='bbox 2312 1873 2465 1944; x_wconf 88' lang='lat' dir='ltr'>ideo</span> <span class='ocrx_word' id='word_1_84' title='bbox 2506 1877 2719 1966; x_wconf 88' lang='lat' dir='ltr'>primo</span> 
     </span>
     <span class='ocr_line' id='line_1_11' title="bbox 620 1969 1382 2038; baseline 0 0"><span class='ocrx_word' id='word_1_85' title='bbox 620 1970 832 2038; x_wconf 75' lang='lat' dir='ltr'>dicam</span> <span class='ocrx_word' id='word_1_86' title='bbox 877 1971 962 2038; x_wconf 85' lang='lat' dir='ltr'>de</span> <span class='ocrx_word' id='word_1_87' title='bbox 1003 1969 1382 2038; x_wconf 86' lang='lat' dir='ltr'>minoribus.</span> 
     </span>
    </p>
   </div>
   <div class='ocr_carea' id='block_1_3' title="bbox 1450 2278 1889 2348">
    <p class='ocr_par' dir='ltr' id='par_1_3' title="bbox 1450 2278 1889 2348">
     <span class='ocr_line' id='line_1_12' title="bbox 1450 2278 1889 2348; baseline -0.007 0"><span class='ocrx_word' id='word_1_88' title='bbox 1450 2279 1609 2348; x_wconf 64' lang='lat' dir='ltr'>off.</span> <span class='ocrx_word' id='word_1_89' title='bbox 1655 2278 1889 2347; x_wconf 85' lang='lat' dir='ltr'>XXII.</span> 
     </span>
    </p>
   </div>
   <div class='ocr_carea' id='block_1_4' title="bbox 613 2451 3055 4387">
    <p class='ocr_par' dir='ltr' id='par_1_4' title="bbox 615 2451 3037 3465">
     <span class='ocr_line' id='line_1_13' title="bbox 709 2451 2996 2544; baseline 0 -24"><span class='ocrx_word' id='word_1_90' title='bbox 709 2452 1052 2521; x_wconf 74' lang='lat' dir='ltr'><strong>OOGITAVI</strong></span> <span class='ocrx_word' id='word_1_91' title='bbox 1094 2475 1252 2520; x_wconf 84' lang='lat' dir='ltr'>vero</span> <span class='ocrx_word' id='word_1_92' title='bbox 1304 2454 1481 2542; x_wconf 87' lang='lat' dir='ltr'>quod</span> <span class='ocrx_word' id='word_1_93' title='bbox 1523 2451 1899 2520; x_wconf 79' lang='lat' dir='ltr'>intellectus</span> <span class='ocrx_word' id='word_1_94' title='bbox 1942 2451 2272 2519; x_wconf 79' lang='lat' dir='ltr'>humanus</span> <span class='ocrx_word' id='word_1_95' title='bbox 2304 2451 2512 2520; x_wconf 78' lang='lat' dir='ltr'>habet</span> <span class='ocrx_word' id='word_1_96' title='bbox 2540 2475 2723 2544; x_wconf 85' lang='lat' dir='ltr'><strong>mag·</strong></span> <span class='ocrx_word' id='word_1_97' title='bbox 2746 2458 2857 2513; x_wconf 76' lang='lat' dir='ltr'>The</span> <span class='ocrx_word' id='word_1_98' title='bbox 2878 2463 2996 2514; x_wconf 73' lang='lat' dir='ltr'>tub-</span> 
     </span>
     <span class='ocr_line' id='line_1_14' title="bbox 619 2529 2997 2646; baseline 0.001 -24"><span class='ocrx_word' id='word_1_99' title='bbox 619 2557 812 2622; x_wconf 77' lang='lat' dir='ltr'>nam²</span> <span class='ocrx_word' id='word_1_100' title='bbox 865 2555 1398 2624; x_wconf 76' lang='lat' dir='ltr'>debilitationem</span> <span class='ocrx_word' id='word_1_101' title='bbox 1451 2577 1532 2623; x_wconf 89' lang='lat' dir='ltr'>ex</span> <span class='ocrx_word' id='word_1_102' title='bbox 1583 2577 1669 2634; x_wconf 83' lang='lat' dir='ltr'>se,</span> <span class='ocrx_word' id='word_1_103' title='bbox 1744 2561 1827 2622; x_wconf 88' lang='lat' dir='ltr'>ut</span> <span class='ocrx_word' id='word_1_104' title='bbox 1882 2555 2167 2644; x_wconf 85' lang='lat' dir='ltr'>quilibet</span> <span class='ocrx_word' id='word_1_105' title='bbox 2225 2557 2585 2644; x_wconf 84' lang='lat' dir='ltr'>experitur,</span> <span class='ocrx_word' id='word_1_106' title='bbox 2654 2563 2725 2624; x_wconf 89' lang='lat' dir='ltr'>et</span> <span class='ocrx_word' id='word_1_107' title='bbox 2744 2529 2997 2646; x_wconf 46' lang='lat' dir='ltr'>ffgss’f</span> 
     </span>
     <span class='ocr_line' id='line_1_15' title="bbox 617 2657 3037 2748; baseline 0 -22"><span class='ocrx_word' id='word_1_108' title='bbox 617 2659 832 2726; x_wconf 76' lang='lat' dir='ltr'>saneti</span> <span class='ocrx_word' id='word_1_109' title='bbox 893 2666 965 2726; x_wconf 90' lang='lat' dir='ltr'>et</span> <span class='ocrx_word' id='word_1_110' title='bbox 1006 2657 1384 2748; x_wconf 78' lang='lat' dir='ltr'>philosophi</span> <span class='ocrx_word' id='word_1_111' title='bbox 1458 2661 1961 2726; x_wconf 74' lang='lat' dir='ltr'>contestantur:</span> <span class='ocrx_word' id='word_1_112' title='bbox 2025 2680 2185 2725; x_wconf 79' lang='lat' dir='ltr'>nam</span> <span class='ocrx_word' id='word_1_113' title='bbox 2232 2679 2313 2725; x_wconf 77' lang='lat' dir='ltr'>ea</span> <span class='ocrx_word' id='word_1_114' title='bbox 2364 2681 2513 2746; x_wconf 78' lang='lat' dir='ltr'>quae</span> <span class='ocrx_word' id='word_1_115' title='bbox 2565 2664 2723 2727; x_wconf 88' lang='lat' dir='ltr'>sunt</span> <span class='ocrx_word' id='word_1_116' title='bbox 2743 2668 2909 2726; x_wconf 62' lang='grc' dir='ltr'>ΜΟ</span> <span class='ocrx_word' id='word_1_117' title='bbox 2876 2662 2937 2713; x_wconf 68' lang='lat'>⁰¹⁹</span> <span class='ocrx_word' id='word_1_118' title='bbox 2950 2661 3037 2714; x_wconf 71' lang='lat' dir='ltr'>the</span> 
     </span>
     <span class='ocr_line' id='line_1_16' title="bbox 617 2727 2928 2860; baseline 0.002 -34"><span class='ocrx_word' id='word_1_119' title='bbox 617 2761 929 2828; x_wconf 73' lang='lat' dir='ltr'>maximae</span> <span class='ocrx_word' id='word_1_120' title='bbox 976 2760 1374 2850; x_wconf 70' lang='lat' dir='ltr'>cognitionis</span> <span class='ocrx_word' id='word_1_121' title='bbox 1424 2757 1787 2829; x_wconf 79' lang='lat' dir='ltr'>secundum</span> <span class='ocrx_word' id='word_1_122' title='bbox 1839 2783 1929 2843; x_wconf 85' lang='lat' dir='ltr'>se,</span> <span class='ocrx_word' id='word_1_123' title='bbox 1958 2764 2119 2830; x_wconf 89' lang='lat' dir='ltr'>sunt</span> <span class='ocrx_word' id='word_1_124' title='bbox 2162 2760 2455 2830; x_wconf 81' lang='lat' dir='ltr'>minimae</span> <span class='ocrx_word' id='word_1_125' title='bbox 2502 2762 2722 2850; x_wconf 73' lang='lat' dir='ltr'>cogni-</span> <span class='ocrx_word' id='word_1_126' title='bbox 2742 2727 2928 2860; x_wconf 40' lang='grc' dir='ltr'>ἧμαι</span> 
     </span>
     <span class='ocr_line' id='line_1_17' title="bbox 619 2862 2725 2955; baseline 0.002 -24"><span class='ocrx_word' id='word_1_127' title='bbox 619 2862 820 2931; x_wconf 84' lang='lat' dir='ltr'>tionis</span> <span class='ocrx_word' id='word_1_128' title='bbox 861 2864 1084 2953; x_wconf 76' lang='lat' dir='ltr'>quoad</span> <span class='ocrx_word' id='word_1_129' title='bbox 1125 2886 1264 2945; x_wconf 85' lang='lat' dir='ltr'>nos,</span> <span class='ocrx_word' id='word_1_130' title='bbox 1310 2862 1416 2931; x_wconf 82' lang='lat' dir='ltr'>et⁸</span> <span class='ocrx_word' id='word_1_131' title='bbox 1467 2887 1505 2931; x_wconf 86' lang='lat' dir='ltr'>e</span> <span class='ocrx_word' id='word_1_132' title='bbox 1557 2884 1917 2947; x_wconf 74' lang='lat' dir='ltr'><strong>converse,</strong></span> <span class='ocrx_word' id='word_1_133' title='bbox 1962 2870 2043 2931; x_wconf 90' lang='lat' dir='ltr'>ut</span> <span class='ocrx_word' id='word_1_134' title='bbox 2080 2863 2510 2955; x_wconf 88' lang='lat' dir='ltr'>philosophus</span> <span class='ocrx_word' id='word_1_135' title='bbox 2558 2864 2725 2935; x_wconf 84' lang='lat' dir='ltr'>dicit</span> 
     </span>
     <span class='ocr_line' id='line_1_18' title="bbox 615 2965 2723 3055; baseline 0 -21"><span class='ocrx_word' id='word_1_136' title='bbox 615 2967 896 3055; x_wconf 82' lang='lat' dir='ltr'>septimo</span> <span class='ocrx_word' id='word_1_137' title='bbox 926 2965 1452 3055; x_wconf 79' lang='lat' dir='ltr'>Metaphysioae.⁴</span> <span class='ocrx_word' id='word_1_138' title='bbox 1539 2967 1632 3033; x_wconf 88' lang='lat' dir='ltr'>Et</span> <span class='ocrx_word' id='word_1_139' title='bbox 1661 2965 1813 3034; x_wconf 88' lang='lat' dir='ltr'>ideo</span> <span class='ocrx_word' id='word_1_140' title='bbox 1840 2966 2081 3035; x_wconf 86' lang='lat' dir='ltr'>sufficit</span> <span class='ocrx_word' id='word_1_141' title='bbox 2100 2966 2469 3035; x_wconf 83' lang='lat' dir='ltr'>intellectui</span> <span class='ocrx_word' id='word_1_142' title='bbox 2496 2974 2723 3035; x_wconf 84' lang='lat' dir='ltr'>nostro</span> 
     </span>
     <span class='ocr_line' id='line_1_19' title="bbox 619 3064 2723 3157; baseline 0 -22"><span class='ocrx_word' id='word_1_143' title='bbox 619 3090 742 3135; x_wconf 77' lang='lat' dir='ltr'>sua</span> <span class='ocrx_word' id='word_1_144' title='bbox 789 3069 1060 3157; x_wconf 80' lang='lat' dir='ltr'>propria.</span> <span class='ocrx_word' id='word_1_145' title='bbox 1106 3068 1484 3151; x_wconf 81' lang='lat' dir='ltr'>infirmitas,</span> <span class='ocrx_word' id='word_1_146' title='bbox 1533 3072 1614 3135; x_wconf 89' lang='lat' dir='ltr'>ut</span> <span class='ocrx_word' id='word_1_147' title='bbox 1659 3090 1797 3135; x_wconf 88' lang='lat' dir='ltr'>non</span> <span class='ocrx_word' id='word_1_148' title='bbox 1850 3064 2079 3137; x_wconf 87' lang='lat' dir='ltr'>demus</span> <span class='ocrx_word' id='word_1_149' title='bbox 2129 3070 2193 3137; x_wconf 88' lang='lat' dir='ltr'>ei</span> <span class='ocrx_word' id='word_1_150' title='bbox 2241 3068 2604 3137; x_wconf 74' lang='lat' dir='ltr'>occasiones</span> <span class='ocrx_word' id='word_1_151' title='bbox 2652 3073 2723 3137; x_wconf 89' lang='lat' dir='ltr'>et</span> 
     </span>
     <span class='ocr_line' id='line_1_20' title="bbox 618 3170 2725 3240; baseline 0 -2"><span class='ocrx_word' id='word_1_152' title='bbox 618 3193 844 3238; x_wconf 67' lang='lat' dir='ltr'>musas</span> <span class='ocrx_word' id='word_1_153' title='bbox 889 3172 1142 3239; x_wconf 85' lang='lat' dir='ltr'>erroris.</span> <span class='ocrx_word' id='word_1_154' title='bbox 1255 3171 1350 3237; x_wconf 91' lang='lat' dir='ltr'>Et</span> <span class='ocrx_word' id='word_1_155' title='bbox 1393 3170 1544 3239; x_wconf 86' lang='lat' dir='ltr'>ideo</span> <span class='ocrx_word' id='word_1_156' title='bbox 1594 3170 1781 3239; x_wconf 84' lang='lat' dir='ltr'>volui</span> <span class='ocrx_word' id='word_1_157' title='bbox 1838 3171 2182 3240; x_wconf 82' lang='lat' dir='ltr'><strong>excludere</strong></span> <span class='ocrx_word' id='word_1_158' title='bbox 2247 3193 2541 3238; x_wconf 82' lang='lat' dir='ltr'>errorum</span> <span class='ocrx_word' id='word_1_159' title='bbox 2598 3172 2725 3238; x_wconf 91' lang='lat' dir='ltr'>hu-</span> 
     </span>
     <span class='ocr_line' id='line_1_21' title="bbox 617 3272 2719 3391; baseline 0 -50"><span class='ocrx_word' id='word_1_160' title='bbox 617 3296 964 3341; x_wconf 74' lang='lat' dir='ltr'>manorum</span> <span class='ocrx_word' id='word_1_161' title='bbox 1009 3295 1252 3353; x_wconf 70' lang='lat' dir='ltr'>musas,</span> <span class='ocrx_word' id='word_1_162' title='bbox 1254 3272 1284 3313; x_wconf 78' lang='lat'>⁵</span> <span class='ocrx_word' id='word_1_163' title='bbox 1312 3272 1473 3391; x_wconf 76' lang='lat' dir='ltr'>quia</span> <span class='ocrx_word' id='word_1_164' title='bbox 1518 3272 1678 3340; x_wconf 86' lang='lat' dir='ltr'>dum</span> <span class='ocrx_word' id='word_1_165' title='bbox 1726 3274 1833 3341; x_wconf 82' lang='lat' dir='ltr'>hae</span> <span class='ocrx_word' id='word_1_166' title='bbox 1881 3272 2129 3340; x_wconf 78' lang='lat' dir='ltr'>durant</span> <span class='ocrx_word' id='word_1_167' title='bbox 2172 3274 2247 3339; x_wconf 88' lang='lat' dir='ltr'>in</span> <span class='ocrx_word' id='word_1_168' title='bbox 2298 3273 2489 3341; x_wconf 86' lang='lat' dir='ltr'>eorde</span> <span class='ocrx_word' id='word_1_169' title='bbox 2534 3273 2719 3341; x_wconf 90' lang='lat' dir='ltr'>hom-</span> 
     </span>
     <span class='ocr_line' id='line_1_22' title="bbox 617 3376 2273 3465; baseline -0.001 -22"><span class='ocrx_word' id='word_1_170' title='bbox 617 3376 748 3443; x_wconf 84' lang='lat' dir='ltr'>inis</span> <span class='ocrx_word' id='word_1_171' title='bbox 781 3376 1186 3465; x_wconf 87' lang='lat' dir='ltr'>impossibile</span> <span class='ocrx_word' id='word_1_172' title='bbox 1231 3380 1334 3443; x_wconf 84' lang='lat' dir='ltr'>est</span> <span class='ocrx_word' id='word_1_173' title='bbox 1373 3376 1592 3463; x_wconf 88' lang='lat' dir='ltr'>ipsum</span> <span class='ocrx_word' id='word_1_174' title='bbox 1636 3376 1864 3443; x_wconf 81' lang='lat' dir='ltr'>videre</span> <span class='ocrx_word' id='word_1_175' title='bbox 1906 3376 2273 3443; x_wconf 74' lang='lat' dir='ltr'>veritatem.</span> 
     </span>
    </p>

    <p class='ocr_par' dir='ltr' id='par_1_5' title="bbox 613 3476 3055 4387">
     <span class='ocr_line' id='line_1_23' title="bbox 707 3476 3055 3567; baseline -0.003 -20"><span class='ocrx_word' id='word_1_176' title='bbox 707 3480 1012 3563; x_wconf 75' lang='lat' dir='ltr'>Quatuor</span> <span class='ocrx_word' id='word_1_177' title='bbox 1037 3500 1196 3546; x_wconf 83' lang='lat' dir='ltr'>vero</span> <span class='ocrx_word' id='word_1_178' title='bbox 1240 3484 1399 3545; x_wconf 88' lang='lat' dir='ltr'>sunt</span> <span class='ocrx_word' id='word_1_179' title='bbox 1442 3500 1655 3546; x_wconf 74' lang='lat' dir='ltr'>eeusae</span> <span class='ocrx_word' id='word_1_180' title='bbox 1699 3478 2031 3567; x_wconf 72' lang='lat' dir='ltr'>generales</span> <span class='ocrx_word' id='word_1_181' title='bbox 2074 3477 2370 3543; x_wconf 84' lang='lat' dir='ltr'>omnium</span> <span class='ocrx_word' id='word_1_182' title='bbox 2398 3476 2722 3543; x_wconf 76' lang='lat' dir='ltr'>malorum</span> <span class='ocrx_word' id='word_1_183' title='bbox 2746 3484 2859 3536; x_wconf 73' lang='lat' dir='ltr'>Tho</span> <span class='ocrx_word' id='word_1_184' title='bbox 2830 3484 3055 3539; x_wconf 65' lang='lat' dir='ltr'>ecam</span> 
     </span>
     <span class='ocr_line' id='line_1_24' title="bbox 615 3551 3053 3672; baseline -0.001 -25"><span class='ocrx_word' id='word_1_185' title='bbox 615 3588 1010 3662; x_wconf 84' lang='lat' dir='ltr'>nostrorum,</span> <span class='ocrx_word' id='word_1_186' title='bbox 1063 3587 1134 3648; x_wconf 87' lang='lat' dir='ltr'>et</span> <span class='ocrx_word' id='word_1_187' title='bbox 1179 3602 1441 3648; x_wconf 88' lang='lat' dir='ltr'>omnem</span> <span class='ocrx_word' id='word_1_188' title='bbox 1485 3585 1736 3647; x_wconf 77' lang='lat' dir='ltr'>statum</span> <span class='ocrx_word' id='word_1_189' title='bbox 1788 3603 1831 3647; x_wconf 84' lang='lat' dir='ltr'><strong>a</strong></span> <span class='ocrx_word' id='word_1_190' title='bbox 1875 3579 2193 3667; x_wconf 86' lang='lat' dir='ltr'>principio</span> <span class='ocrx_word' id='word_1_191' title='bbox 2232 3578 2467 3645; x_wconf 88' lang='lat' dir='ltr'>mundi</span> <span class='ocrx_word' id='word_1_192' title='bbox 2510 3601 2727 3645; x_wconf 86' lang='lat' dir='ltr'>oorru-</span> <span class='ocrx_word' id='word_1_193' title='bbox 2745 3551 2889 3670; x_wconf 48' lang='grc' dir='ltr'>ζ’ᾞ,</span> <span class='ocrx_word' id='word_1_194' title='bbox 2890 3568 3008 3671; x_wconf 58' lang='lat'>&#39;2²:¹²</span> <span class='ocrx_word' id='word_1_195' title='bbox 2966 3634 3053 3672; x_wconf 65' lang='lat' dir='ltr'>m.</span> 
     </span>
     <span class='ocr_line' id='line_1_25' title="bbox 617 3680 2865 3771; baseline -0 -22"><span class='ocrx_word' id='word_1_196' title='bbox 617 3690 874 3771; x_wconf 79' lang='lat' dir='ltr'>petunt,</span> <span class='ocrx_word' id='word_1_197' title='bbox 919 3691 990 3752; x_wconf 87' lang='lat' dir='ltr'>et</span> <span class='ocrx_word' id='word_1_198' title='bbox 1031 3706 1294 3751; x_wconf 89' lang='lat' dir='ltr'>omnem</span> <span class='ocrx_word' id='word_1_199' title='bbox 1338 3680 1687 3750; x_wconf 84' lang='lat' dir='ltr'>hominem&#39;</span> <span class='ocrx_word' id='word_1_200' title='bbox 1728 3688 2311 3771; x_wconf 77' lang='lat' dir='ltr'>quantummmque</span> <span class='ocrx_word' id='word_1_201' title='bbox 2361 3682 2797 3771; x_wconf 78' lang='lat' dir='ltr'>sapientemo</span> <span class='ocrx_word' id='word_1_202' title='bbox 2744 3685 2775 3735; x_wconf 82' lang='lat' dir='ltr'><strong>f</strong></span> <span class='ocrx_word' id='word_1_203' title='bbox 2766 3686 2865 3738; x_wconf 77' lang='lat' dir='ltr'>old.</span> 
     </span>
     <span class='ocr_line' id='line_1_26' title="bbox 621 3784 2724 3873; baseline -0.001 -20"><span class='ocrx_word' id='word_1_204' title='bbox 621 3786 890 3873; x_wconf 86' lang='lat' dir='ltr'>(praeter</span> <span class='ocrx_word' id='word_1_205' title='bbox 937 3786 1300 3854; x_wconf 87' lang='lat' dir='ltr'>Dominum</span> <span class='ocrx_word' id='word_1_206' title='bbox 1348 3791 1650 3853; x_wconf 85' lang='lat' dir='ltr'>nostrum</span> <span class='ocrx_word' id='word_1_207' title='bbox 1678 3784 1728 3853; x_wconf 83' lang='lat' dir='ltr'><strong>J</strong></span> <span class='ocrx_word' id='word_1_208' title='bbox 1728 3808 1915 3853; x_wconf 80' lang='lat' dir='ltr'>esum</span> <span class='ocrx_word' id='word_1_209' title='bbox 1946 3784 2284 3853; x_wconf 74' lang='lat' dir='ltr'><strong>Christum</strong></span> <span class='ocrx_word' id='word_1_210' title='bbox 2326 3788 2397 3851; x_wconf 87' lang='lat' dir='ltr'>et</span> <span class='ocrx_word' id='word_1_211' title='bbox 2448 3784 2724 3851; x_wconf 76' lang='lat' dir='ltr'>Beatam</span> 
     </span>
     <span class='ocr_line' id='line_1_27' title="bbox 620 3886 2723 3977; baseline 0 -23"><span class='ocrx_word' id='word_1_212' title='bbox 620 3886 996 3977; x_wconf 81' lang='lat' dir='ltr'>Virginem)</span> <span class='ocrx_word' id='word_1_213' title='bbox 1067 3889 1423 3976; x_wconf 79' lang='lat' dir='ltr'>aliquando</span> <span class='ocrx_word' id='word_1_214' title='bbox 1497 3892 1690 3956; x_wconf 80' lang='lat' dir='ltr'>extm</span> <span class='ocrx_word' id='word_1_215' title='bbox 1761 3888 1944 3954; x_wconf 76' lang='lat' dir='ltr'>viam</span> <span class='ocrx_word' id='word_1_216' title='bbox 2016 3892 2278 3967; x_wconf 76' lang='lat' dir='ltr'>rectam,</span> <span class='ocrx_word' id='word_1_217' title='bbox 2353 3886 2464 3953; x_wconf 82' lang='lat' dir='ltr'>vel</span> <span class='ocrx_word' id='word_1_218' title='bbox 2530 3892 2723 3955; x_wconf 77' lang='lat' dir='ltr'>extra</span> 
     </span>
     <span class='ocr_line' id='line_1_28' title="bbox 617 3986 2723 4080; baseline 0 -23"><span class='ocrx_word' id='word_1_219' title='bbox 617 3990 928 4057; x_wconf 73' lang='lat' dir='ltr'>ultimam</span> <span class='ocrx_word' id='word_1_220' title='bbox 987 3986 1488 4079; x_wconf 78' lang='lat' dir='ltr'>perfectionem⁰</span> <span class='ocrx_word' id='word_1_221' title='bbox 1561 3992 1919 4080; x_wconf 65' lang='lat' dir='ltr'>coegerunt</span> <span class='ocrx_word' id='word_1_222' title='bbox 1986 3988 2323 4056; x_wconf 67' lang='lat' dir='ltr'>declinare.</span> <span class='ocrx_word' id='word_1_223' title='bbox 2414 3988 2507 4056; x_wconf 91' lang='lat' dir='ltr'>Et</span> <span class='ocrx_word' id='word_1_224' title='bbox 2564 3995 2723 4058; x_wconf 86' lang='lat' dir='ltr'>sunt</span> 
     </span>
     <span class='ocr_line' id='line_1_29' title="bbox 613 4090 2719 4183; baseline 0 -23"><span class='ocrx_word' id='word_1_225' title='bbox 613 4093 872 4183; x_wconf 72' lang='lat' dir='ltr'>fragilis</span> <span class='ocrx_word' id='word_1_226' title='bbox 911 4092 1326 4161; x_wconf 67' lang='lat' dir='ltr'>auctoritatis</span> <span class='ocrx_word' id='word_1_227' title='bbox 1383 4093 1702 4183; x_wconf 73' lang='lat' dir='ltr'>exempla,</span> <span class='ocrx_word' id='word_1_228' title='bbox 1749 4090 2239 4160; x_wconf 75' lang='lat' dir='ltr'>consuetudinis</span> <span class='ocrx_word' id='word_1_229' title='bbox 2296 4091 2719 4175; x_wconf 72' lang='lat' dir='ltr'>diuturnitas,</span> 
     </span>
     <span class='ocr_line' id='line_1_30' title="bbox 619 4193 2721 4285; baseline 0.001 -23"><span class='ocrx_word' id='word_1_230' title='bbox 619 4200 690 4264; x_wconf 86' lang='lat' dir='ltr'>et</span> <span class='ocrx_word' id='word_1_231' title='bbox 764 4218 994 4264; x_wconf 83' lang='lat' dir='ltr'>sensus</span> <span class='ocrx_word' id='word_1_232' title='bbox 1069 4195 1520 4265; x_wconf 85' lang='lat' dir='ltr'>multitudinis</span> <span class='ocrx_word' id='word_1_233' title='bbox 1609 4193 1950 4284; x_wconf 73' lang='lat' dir='ltr'>imperitae,</span> <span class='ocrx_word' id='word_1_234' title='bbox 2024 4198 2225 4283; x_wconf 83' lang='lat' dir='ltr'>atque</span> <span class='ocrx_word' id='word_1_235' title='bbox 2296 4198 2721 4285; x_wconf 72' lang='lat' dir='ltr'>praesumptio</span> 
     </span>
     <span class='ocr_line' id='line_1_31' title="bbox 617 4296 2721 4387; baseline 0.002 -22"><span class='ocrx_word' id='word_1_236' title='bbox 617 4298 926 4367; x_wconf 77' lang='lat' dir='ltr'>humanae</span> <span class='ocrx_word' id='word_1_237' title='bbox 1001 4298 1260 4379; x_wconf 82' lang='lat' dir='ltr'>mentis,</span> <span class='ocrx_word' id='word_1_238' title='bbox 1339 4318 1471 4387; x_wconf 72' lang='lat' dir='ltr'>qua</span> <span class='ocrx_word' id='word_1_239' title='bbox 1529 4296 1811 4386; x_wconf 87' lang='lat' dir='ltr'>quilibet</span> <span class='ocrx_word' id='word_1_240' title='bbox 1870 4296 2113 4365; x_wconf 85' lang='lat' dir='ltr'>nititur</span> <span class='ocrx_word' id='word_1_241' title='bbox 2172 4318 2309 4365; x_wconf 85' lang='lat' dir='ltr'>suae</span> <span class='ocrx_word' id='word_1_242' title='bbox 2372 4298 2721 4386; x_wconf 72' lang='lat' dir='ltr'>imperitiae</span> 
     </span>
    </p>
   </div>
   <div class='ocr_carea' id='block_1_5' title="bbox 688 4563 2721 4792">
    <p class='ocr_par' dir='ltr' id='par_1_6' title="bbox 688 4563 2721 4792">
     <span class='ocr_line' id='line_1_32' title="bbox 688 4563 2717 4635; baseline -0 -17"><span class='ocrx_word' id='word_1_243' title='bbox 688 4565 952 4635; x_wconf 65' lang='lat' dir='ltr'>&#39;nia-oris]</span> <span class='ocrx_word' id='word_1_244' title='bbox 987 4566 1258 4631; x_wconf 80' lang='lat' dir='ltr'>minorum,</span> <span class='ocrx_word' id='word_1_245' title='bbox 1291 4568 1354 4623; x_wconf 96' lang='lat' dir='ltr'>T.</span> <span class='ocrx_word' id='word_1_246' title='bbox 1785 4569 1807 4600; x_wconf 87' lang='lat'>⁸</span> <span class='ocrx_word' id='word_1_247' title='bbox 1828 4582 2039 4618; x_wconf 65' lang='lat' dir='ltr'>errorum</span> <span class='ocrx_word' id='word_1_248' title='bbox 2114 4563 2425 4617; x_wconf 71' lang='lat' dir='ltr'>humanorum</span> <span class='ocrx_word' id='word_1_249' title='bbox 2510 4564 2717 4633; x_wconf 70' lang='lat' dir='ltr'>causas]</span> 
     </span>
     <span class='ocr_line' id='line_1_33' title="bbox 689 4644 2631 4715; baseline -0.001 -18"><span class='ocrx_word' id='word_1_250' title='bbox 689 4646 980 4715; x_wconf 66' lang='lat' dir='ltr'>&#39;may-on]</span> <span class='ocrx_word' id='word_1_251' title='bbox 1015 4662 1116 4701; x_wconf 82' lang='lat' dir='ltr'>om.</span> <span class='ocrx_word' id='word_1_252' title='bbox 1149 4648 1214 4701; x_wconf 94' lang='lat' dir='ltr'>T.</span> <span class='ocrx_word' id='word_1_253' title='bbox 1721 4660 1896 4698; x_wconf 71' lang='lat' dir='ltr'>caum</span> <span class='ocrx_word' id='word_1_254' title='bbox 1926 4658 2152 4696; x_wconf 78' lang='lat' dir='ltr'>errorum</span> <span class='ocrx_word' id='word_1_255' title='bbox 2182 4644 2533 4709; x_wconf 75' lang='lat' dir='ltr'>humanorum,</span> <span class='ocrx_word' id='word_1_256' title='bbox 2566 4644 2631 4696; x_wconf 90' lang='lat' dir='ltr'>T.</span> 
     </span>
     <span class='ocr_line' id='line_1_34' title="bbox 693 4722 2721 4792; baseline 0 -16"><span class='ocrx_word' id='word_1_257' title='bbox 693 4723 803 4792; x_wconf 67' lang='grc' dir='ltr'>ἀ]</span> <span class='ocrx_word' id='word_1_258' title='bbox 837 4740 936 4778; x_wconf 84' lang='lat' dir='ltr'>om.</span> <span class='ocrx_word' id='word_1_259' title='bbox 971 4726 1036 4779; x_wconf 84' lang='lat' dir='ltr'>T.</span> <span class='ocrx_word' id='word_1_260' title='bbox 1787 4726 1809 4754; x_wconf 81' lang='lat'>⁸</span> <span class='ocrx_word' id='word_1_261' title='bbox 1820 4722 2199 4792; x_wconf 67' lang='lat' dir='ltr'>perfectionem]</span> <span class='ocrx_word' id='word_1_262' title='bbox 2240 4723 2595 4790; x_wconf 78' lang='lat' dir='ltr'>perfectionem</span> <span class='ocrx_word' id='word_1_263' title='bbox 2628 4725 2721 4777; x_wconf 76' lang='lat' dir='ltr'>aii-</span> 
     </span>
    </p>
   </div>
   <div class='ocr_carea' id='block_1_6' title="bbox 686 4800 2035 4875">
    <p class='ocr_par' dir='ltr' id='par_1_7' title="bbox 686 4800 2035 4875">
     <span class='ocr_line' id='line_1_35' title="bbox 686 4800 2035 4875; baseline 0.008 -20"><span class='ocrx_word' id='word_1_264' title='bbox 686 4800 1112 4875; x_wconf 63' lang='lat' dir='ltr'>fumphyesooe]</span> <span class='ocrx_word' id='word_1_265' title='bbox 1149 4804 1218 4861; x_wconf 77' lang='lat' dir='ltr'>vi.</span> <span class='ocrx_word' id='word_1_266' title='bbox 1240 4812 1289 4859; x_wconf 79' lang='lat'>4.</span> <span class='ocrx_word' id='word_1_267' title='bbox 1723 4802 1941 4870; x_wconf 72' lang='lat' dir='ltr'>qnando,</span> <span class='ocrx_word' id='word_1_268' title='bbox 1971 4800 2035 4853; x_wconf 79' lang='lat' dir='ltr'>&#39;l&#39;-</span> 
     </span>
    </p>
   </div>
  </div>
 </body>
</html>
