3517 5750
1364 900 1539 953 orus
1582 900 1820 953 mnus,
2031 974 2035 979 .
2511 889 2641 956 389

534 1070 844 1137 litteralis
916 1093 1037 1138 nec
1110 1073 1323 1139 solum
1396 1096 1517 1141 nec
1587 1074 2037 1163 principaliter
2109 1077 2448 1161 quaeritur,
2527 1080 2642 1144 sed

534 1172 781 1260 triplex
841 1196 1069 1240 sensus
1130 1176 1509 1262 spiritualia,
1556 1176 1960 1265 allegoricae,
2023 1178 2306 1257 moralia
2352 1184 2421 1243 et
2484 1200 2642 1245 ana-

532 1276 816 1361 gogicus,
866 1278 981 1362 qui
1026 1276 1254 1343 haberi
1318 1299 1454 1343 non
1520 1285 1800 1365 possunt
1841 1279 1972 1345 nisi
2015 1301 2134 1367 per
2177 1281 2640 1347 convenientes

532 1376 999 1443 similitudines
1042 1384 1113 1445 et
1140 1400 1460 1467 congruas
1489 1382 1952 1468 adaptationes
1995 1387 2294 1468 sumptas
2333 1403 2417 1447 ex
2447 1405 2643 1449 sensu

533 1478 823 1559 litterali,
872 1480 1043 1547 sicut
1110 1482 1299 1547 docet
1342 1480 1761 1569 Augustinus
1827 1482 2112 1549 secundo
2173 1484 2275 1549 De
2321 1484 2642 1549 Doctrina

537 1580 931 1663 Christiana,
978 1582 1053 1648 in
1119 1582 1438 1671 exemplis
1481 1584 1712 1649 multis
1742 1609 1759 1666 ;
1805 1589 1886 1651 ut
1947 1584 2030 1651 de
2092 1590 2411 1673 serpente,
2467 1587 2642 1652 sicut

533 1684 715 1768 prius
757 1684 969 1771 tetigi,
1000 1684 1082 1750 de
1111 1684 1372 1772 hissopo
1415 1691 1487 1751 et
1530 1686 1612 1752 de
1654 1686 1836 1767 iride,
1871 1691 1941 1753 et
1984 1688 2066 1753 de
2097 1687 2402 1753 omnibus
2446 1688 2642 1755 rebus

532 1786 963 1864 naturalibus,
1009 1786 1480 1870 artificialibus,
1528 1792 1598 1855 et
1659 1789 2019 1855 moralibus
2085 1812 2234 1877 quae
2299 1796 2640 1877 ponuntur

532 1887 604 1951 in
652 1886 1009 1975 Scriptura.
1103 1888 1196 1954 Et
1238 1888 1331 1954 sic
1391 1890 1598 1956 currit
1640 1892 1968 1978 expositio
2018 1896 2166 1957 tota
2209 1892 2633 1979 antiquorum

531 1990 903 2076 sapientum
968 1996 1038 2057 et
1080 1996 1472 2070 sanctorum,
1520 1998 1601 2057 ut
1643 1998 1832 2080 patet
1876 1995 1949 2058 in
1993 1994 2298 2060 omnibus
2350 1996 2636 2081 origina-

530 2090 707 2158 libus
768 2097 839 2159 et
898 2092 1147 2180 glossis.
1240 2094 1416 2175 Quia
1476 2094 1685 2182 igitur
1728 2096 2107 2182 hujusmodi
2154 2097 2491 2213 expositio
2535 2102 2638 2163 est

531 2196 887 2261 secundum
961 2195 1107 2261 vias
1180 2200 1555 2262 sanctorum
1630 2201 1700 2263 et
1776 2202 1878 2263 est
1951 2197 2216 2284 propria
2277 2196 2634 2284 Scripturae

529 2296 979 2385 intelligendae
1018 2296 1399 2364 litteraliter
1442 2302 1512 2363 et
1562 2298 2014 2385 spiritualiter,
2047 2299 2196 2363 ideo
2237 2319 2372 2363 non
2417 2304 2636 2386 potest

530 2398 727 2465 homo
800 2397 1055 2485 aliquid
1129 2399 1403 2486 dignum
1476 2399 1551 2464 in
1611 2398 1954 2487 Scriptura
2027 2400 2206 2481 scire,
2262 2400 2392 2465 nisi
2466 2402 2634 2467 sciat

528 2506 801 2567 naturas
874 2506 945 2566 et
1031 2502 1466 2589 proprietates
1541 2500 1840 2567 omnium
1912 2522 2150 2579 rerum,
2213 2522 2351 2567 non
2423 2500 2634 2567 solum

527 2602 929 2669 naturalium
977 2602 1092 2668 sed
1134 2602 1339 2668 etiam
1368 2602 1814 2669 artificialium
1861 2608 1932 2671 et
1974 2604 2340 2669 moralium.
2431 2602 2635 2669 Unde

528 2709 791 2793 oportet
865 2704 1041 2791 quod
1115 2706 1311 2771 homo
1400 2704 1595 2771 valde
1684 2704 1852 2770 bene
1943 2705 2110 2771 sciat
2198 2704 2632 2792 proprietates

524 2808 850 2876 virtutum
894 2811 965 2872 et
993 2807 1307 2873 vitiorum
1350 2807 1707 2873 secundum
1752 2807 1931 2894 quod
1962 2806 2330 2895 philosophi
2375 2806 2628 2875 docent.

529 2910 621 2976 Et
663 2911 811 2976 ideo
876 2911 958 2975 de
1002 2909 1105 2974 his
1150 2909 1360 2976 scribo
1424 2909 1724 2997 exempla
1769 2909 2024 2997 copiose
2085 2909 2160 2974 in
2202 2909 2403 2976 tertia
2445 2916 2633 2998 parte

524 3013 788 3078 moralis
831 3010 1271 3099 philosophiae.

646 3114 719 3180 Si
809 3113 1019 3202 igitur
1092 3112 1473 3180 sciverimus
1546 3111 1845 3178 omnium
1909 3135 2130 3180 rerum
2193 3113 2629 3202 proprietates

524 3223 685 3283 tunc
727 3217 1117 3303 scripturam
1162 3215 1437 3280 sciemus
1481 3219 1551 3281 et
1592 3215 2074 3302 philosophiam
2101 3219 2348 3296 totam3
2401 3222 2472 3283 et
2513 3240 2631 3304 per

523 3340 921 3406 consequens
992 3323 1211 3384 totam
1276 3316 1669 3404 sapientiam
1736 3316 2030 3382 divinam
2093 3320 2162 3381 et
2224 3318 2626 3402 humanam3

523 3427 593 3488 et
636 3423 757 3488 11οο
800 3421 995 3487 simul
1056 3424 1127 3486 et
1169 3419 1387 3497 semel,
1434 3419 1592 3505 quia
1656 3419 1729 3484 in
1779 3440 1974 3484 sensu
2039 3417 2314 3484 litterali
2377 3441 2495 3507 per
2555 3443 2624 3486 se

524 3524 784 3590 sciendo
836 3523 1075 3588 scimus
1134 3521 1525 3609 sapientiam
1582 3520 2028 3607 philosophiae.
2120 3520 2454 3601 Quoniam
2513 3523 2624 3588 ille

521 3647 749 3692 sensus
830 3625 1109 3711 requirit
1195 3627 1349 3690 actu
1421 3621 1776 3688 veritatem
1849 3621 1946 3688 rei
2043 3620 2434 3709 cujuslibet3
2509 3624 2626 3690 sed

520 3725 929 3815 philosophia
990 3727 1162 3791 hanc
1226 3723 1543 3791 certificat
1608 3729 1679 3789 et
1738 3723 2114 3810 investigat,
2160 3744 2282 3789 nec
2342 3725 2626 3813 amplius

522 3835 741 3918 potest
798 3831 1027 3896 facere.
1115 3827 1247 3895 Sed
1328 3847 1553 3894 sensus
1626 3825 1990 3912 spiritualis
2055 3825 2271 3892 utitur
2337 3827 2624 3895 veritate

519 3936 837 3999 creaturae
930 3952 1129 4017 quam
1225 3929 1634 4017 philosophia
1708 3933 1779 3995 et
1851 3951 2080 3995 sensus
2170 3928 2478 3996 litteralis
2561 3932 2622 3997 ei

520 4035 877 4101 ministrat.
967 4033 1060 4098 Et
1132 4031 1255 4098 hoc
1327 4031 1479 4098 volo
1552 4054 1727 4098 nunc
1793 4031 2084 4098 innuere.
2173 4031 2267 4096 Et
2339 4039 2626 4119 ponatur

520 4159 757 4204 aurum
798 4136 875 4202 in
917 4135 1307 4223 exemplum.
1403 4133 1571 4200 Dico
1616 4134 1825 4222 igitur
1868 4133 2046 4221 quod
2092 4183 2106 4199 .
2198 4183 2217 4198 .
2303 4184 2319 4200 .
2347 4133 2370 4170 ¹

588 4492 604 4524 ¹
628 4491 739 4543 The
789 4489 954 4543 scribe
993 4489 1117 4543 ends
1150 4487 1269 4543 here
1301 4488 1549 4555 abruptly.
1618 4485 1673 4536 A
1713 4485 1916 4538 column
1955 4485 2054 4536 and
2093 4499 2126 4538 a
2158 4483 2273 4536 half
2297 4483 2356 4535 of
2385 4481 2472 4537 the
2503 4481 2616 4534 MS.

524 4569 743 4624 remains
764 4571 936 4624 blank.
