3517 5750
1367 894 1544 944 orus
1587 892 1824 943 umes
2517 878 2646 941 381

545 1069 731 1149 patet
768 1067 841 1131 in
884 1066 1277 1154 purgatione
1322 1066 1471 1131 auri
1520 1070 1590 1131 et
1632 1065 1912 1151 argenti.
2005 1064 2098 1129 Et
2140 1064 2223 1129 de
2268 1063 2540 1150 plumbo
2576 1064 2659 1127 fit

548 1186 773 1235 cerusa
802 1190 920 1255 per
949 1168 1497 1233 sustentationem
1528 1166 1924 1231 laminarum
1967 1187 2162 1252 super
2188 1165 2358 1231 forte
2381 1171 2655 1232 acetum.

638 1267 825 1333 Modi
900 1270 1039 1355 ejus
1114 1272 1273 1333 sunt
1327 1268 1475 1347 du0,
1524 1268 1749 1332 album
1797 1272 1866 1333 et
1917 1268 2228 1354 nigrum3
2272 1267 2496 1331 album
2555 1270 2656 1331 e'st
2681 1266 2842 1319 Black
2861 1266 2973 1347 19⁸¹!

549 1368 815 1451 bonum,
890 1372 1156 1457 nigrum
1230 1374 1331 1435 est
1406 1369 1671 1435 malum.
1765 1368 1860 1433 Et
1933 1373 2034 1434 est
2109 1368 2367 1434 duobus
2425 1368 2656 1448 modiS,
2680 1336 2782 1386 and
2803 1334 2968 1384 white.

550 1470 906 1537 secundum
951 1471 1378 1551 Avicennam,
1412 1470 1693 1537 secundo
1738 1470 1842 1535 De
1891 1468 2142 1535 Anima.
2187 1516 2203 1534 .
2254 1520 2269 1535 .
2307 1469 2658 1556 Metaphy-

552 1572 719 1650 sicae,
784 1578 853 1638 et
898 1578 1255 1658 utrumque
1310 1572 1587 1637 istorum
1650 1576 1751 1637 est
1811 1570 2123 1657 frigidum
2183 1575 2254 1636 et
2312 1569 2660 1636 humidum

555 1672 629 1737 in
687 1674 970 1739 secundo
1016 1674 1243 1761 gradu.
1336 1673 1429 1739 Et
1474 1672 1842 1760 specialiter
1885 1672 2067 1737 istud
2125 1694 2332 1759 genus
2407 1672 2660 1759 plumbi

554 1776 783 1840 crescit
827 1798 975 1840 cum
1020 1774 1389 1840 dimittitur
1448 1775 1523 1839 in
1583 1773 2058 1839 humorositate
2101 1778 2313 1852 terrae,
2359 1780 2440 1840 ut
2499 1773 2662 1838 dicit

556 1875 913 1955 Avicenna,
975 1882 1044 1942 et
1104 1876 1378 1942 inflatur
1420 1876 1495 1941 in
1538 1897 1630 1940 ea.
1725 1875 1817 1941 Et
1881 1875 2184 1962 probatio
2251 1876 2521 1963 plumbi,
2583 1880 2664 1940 ut

558 1978 723 2043 dicit
767 1979 1127 2056 Avicenna‚
1160 1979 1395 2064 quinto
1440 1977 1611 2042 libro
1658 1976 1761 2041 De
1807 1976 2070 2058 Anima,
2103 1982 2205 2043 est
2235 1978 2411 2063 quod
2456 1998 2662 2063 quan-

558 2084 704 2144 tum
747 2081 1117 2166 percutitur
1156 2101 1293 2145 non
1338 2083 1543 2144 sonat.
1623 2077 1754 2143 Sed
1799 2079 1872 2142 in
1901 2080 2136 2165 quinto
2180 2079 2456 2166 exponit
2501 2077 2656 2143 hoc¹

560 2182 837 2247 verbum
866 2207 881 2262 ;
928 2182 1174 2247 scilicet
1205 2182 1381 2267 quod
1424 2202 1560 2245 non
1600 2184 1799 2245 sonat
1843 2202 2001 2245 sono
2043 2202 2266 2267 grosso
2309 2180 2426 2245 sed
2455 2184 2664 2244 acuto.

562 2282 653 2347 Et
697 2288 801 2347 est
857 2284 993 2348 albi
1051 2282 1298 2359 coloriS,
1368 2288 1438 2347 et
1495 2280 1865 2368 pulchrum,
1913 2286 1984 2347 et
2045 2283 2274 2347 statim
2341 2280 2660 2345 funditur.

560 2383 652 2457 Et
724 2384 891 2449 illud
965 2390 1065 2449 est
1138 2384 1385 2449 bonum
1458 2382 1533 2448 in
1607 2384 1912 2469 operibus
1987 2382 2346 2469 alchymiae.
2441 2382 2532 2447 Et
2592 2382 2664 2445 in

558 2487 797 2569 quinto
886 2486 1051 2551 dicit
1136 2484 1314 2570 quod
1387 2484 1687 2571 probatio
1761 2484 2016 2570 plumbi
2075 2490 2178 2549 est
2236 2486 2293 2549 si
2365 2504 2502 2549 non
2577 2483 2666 2547 sit

561 2586 857 2651 fellosum
946 2608 1065 2652 nec
1152 2587 1434 2673 nigrum.
1551 2585 1642 2650 Et
1716 2586 1980 2671 quando
2071 2586 2312 2651 scindis
2387 2589 2664 2672 apparet

562 2687 804 2754 album.
913 2686 1005 2751 Et
1078 2686 1168 2752 sit
1243 2688 1410 2753 bene
1484 2686 1938 2773 ponderosum.
2056 2686 2149 2753 Et
2222 2687 2486 2773 quando
2560 2685 2666 2751 vis

564 2788 821 2875 signare
864 2810 1013 2853 cum
1058 2789 1307 2876 ungulo,
1350 2794 1623 2875 apparet
1666 2788 1763 2853 ibi
1806 2788 2083 2876 signum.

655 2890 983 2956 Stannum
1050 2896 1152 2956 est
1212 2891 1493 2956 calidum
1540 2896 1609 2956 et
1652 2891 2000 2956 humidum
2067 2893 2141 2955 in
2203 2893 2661 2979 complexione,
2688 2900 2806 2952 Tin.

564 2997 645 3057 ut
719 2992 881 3057 dicit
951 2992 1121 3057 libro
1160 2989 1173 3002 ‘
1188 2992 1271 3056 de
1332 2992 1757 3058 Aluminibus
1819 2997 1888 3056 et
1949 2993 2231 3074 Salibus,
2289 3004 2356 3060 et
2421 2999 2523 3060 est
2585 2996 2668 3060 de

568 3094 1011 3180 complexione
1040 3093 1088 3158 J
1090 3094 1247 3158 ovis.
1338 3092 1431 3157 Et
1476 3093 1818 3158 Avicenna
1861 3093 2024 3159 dicit
2068 3094 2189 3160 hoc
2233 3095 2426 3174 idem,
2457 3097 2668 3182 primo

566 3193 736 3259 libro
804 3194 905 3260 De
951 3194 1213 3272 Anima,
1261 3195 1379 3259 ubi
1441 3195 1593 3259 vult
1644 3196 1821 3281 quod
1887 3200 2198 3260 stannum
2263 3202 2364 3262 est
2423 3197 2670 3262 factum

571 3295 653 3359 de
696 3296 853 3361 vivo
898 3301 1190 3382 argento,
1239 3296 1509 3382 pulchro
1553 3296 1751 3360 nimis
1797 3299 1866 3362 et
1911 3295 2102 3374 claro,
2152 3302 2222 3362 et
2266 3299 2348 3362 de
2391 3297 2670 3383 pessimo

572 3397 881 3484 sulphure
948 3403 1019 3462 et
1078 3397 1293 3462 crudo.
1388 3397 1521 3462 Sed
1590 3403 1691 3462 est
1756 3396 2052 3463 minimae
2099 3399 2456 3463 caliditatis
2516 3400 2673 3483 quia

573 3497 712 3581 ejus
756 3499 1137 3563 commixtio
1182 3503 1283 3563 est
1330 3498 1679 3584 corruptiO,
1726 3498 1884 3584 quia
1927 3498 2202 3584 sulphur
2245 3500 2455 3564 vincit
2501 3521 2670 3578 eum,

572 3605 653 3664 ut
726 3599 888 3663 dicit
960 3601 1033 3663 in
1098 3599 1269 3664 libro
1332 3599 1435 3665 De
1494 3599 1938 3665 Aluminibus
2029 3600 2120 3666 Et
2194 3601 2428 3686 quinto
2502 3601 2672 3666 libro

574 3701 833 3778 dicitur,
882 3701 1059 3787 quod
1111 3706 1423 3766 stannum
1472 3707 1573 3767 est
1615 3701 1820 3787 juxta
1870 3706 2179 3767 naturam
2220 3703 2496 3788 argenti,
2544 3704 2672 3767 nisi

574 3802 754 3888 quod
803 3807 1151 3890 argentum
1198 3825 1391 3868 suum
1451 3804 1683 3868 vivum
1750 3824 1885 3869 non
1950 3808 2053 3869 est
2111 3809 2250 3868 tam
2311 3805 2478 3870 bene
2539 3825 2674 3869 coc-

574 3909 760 3985 tum;
842 3905 999 3991 quia
1077 3908 1257 3969 terra
1333 3926 1468 3969 non
1550 3905 1775 3992 potuit
1851 3906 2069 3992 ipsum
2144 3905 2311 3971 bene
2401 3927 2674 3993 coquere

474 4059 487 4072 .
574 4009 841 4093 propter
891 4005 1168 4092 sulphur
1219 4005 1361 4092 ejus
1410 4026 1723 4093 grossum.
1817 4007 1908 4072 Et
1952 4007 2110 4094 quia
2152 4007 2476 4074 fortitudo
2505 4009 2676 4074 aeris

575 4129 710 4172 non
786 4130 856 4173 se
932 4109 1263 4194 impressit
1339 4107 1414 4171 in
1496 4129 1571 4172 eo
1639 4107 1791 4173 ideo
1843 4113 1945 4174 est
2014 4110 2314 4190 stridens,
2375 4116 2456 4176 ut
2515 4111 2678 4176 dicit

579 4209 935 4290 Avicenna,
1010 4210 1245 4294 quinto
1293 4209 1482 4276 libro.
1574 4209 1667 4273 Et
1710 4215 1812 4276 est
1867 4211 2124 4277 festivae
2199 4212 2543 4278 solutionis
2609 4216 2679 4277 et

578 4312 827 4398 saporis
888 4311 1073 4388 acidi,
1146 4317 1227 4377 ut
1291 4310 1455 4376 dicit
1522 4309 1689 4374 libro
1761 4311 1866 4376 De
1926 4312 2338 4399 Corporibus
2429 4315 2521 4378 Et
2579 4317 2680 4378 est

579 4413 771 4479 malae
847 4414 1209 4494 mixtionis,
1289 4412 1647 4479 secundum
1748 4411 2194 4496 Aristotelem,
2269 4415 2484 4502 primo
2573 4413 2678 4480 De

1445 4739 1461 4770 ¹
1486 4738 1601 4804 hoc]
1637 4738 1740 4802 ωε,
1766 4739 1880 4793 MS.
