3517 5750
1454 878 1629 929 orus
1672 878 1910 927 umus.
2593 869 2721 933 315

618 1058 779 1121 tunc
818 1056 921 1119 est
949 1056 1183 1139 potens
1228 1073 1489 1119 omnem
1532 1052 2022 1140 ignobilitatem
2051 1052 2305 1119 tollere.
2401 1054 2494 1119 Et
2537 1060 2728 1121 sexta

614 1158 788 1223 libra
832 1156 1150 1245 purgabit
1192 1154 1374 1221 mille
1432 1154 1643 1221 millia
1702 1159 1771 1220 et
1817 1156 2196 1221 convertet.¹
2293 1156 2387 1223 Et
2445 1156 2568 1223 hoc
2620 1165 2722 1223 est

616 1260 792 1345 quod
841 1279 1111 1345 corpora
1161 1258 1425 1322 infirma
1473 1256 1743 1323 reducet
1790 1257 1876 1323 ad
1928 1258 2301 1338 sanitatem,
2349 1264 2420 1325 et
2465 1282 2721 1326 conser-

619 1363 809 1427 vabit
852 1384 931 1427 ea
980 1364 1211 1427 contra
1254 1381 1518 1425 omnem
1568 1359 1984 1436 occasionem,
2034 1365 2102 1426 et
2141 1360 2371 1440 vitam,
2425 1362 2484 1427 si
2537 1363 2720 1429 Deus

616 1465 917 1544 voluerit,
995 1464 1174 1529 ultra
1234 1461 1641 1529 centenarios
1716 1484 2042 1529 annorum
2060 1462 2088 1499 ²
2142 1464 2578 1551 prolongabit,
2641 1470 2722 1531 ut

615 1567 791 1633 facta
856 1572 959 1632 est
1014 1566 1265 1631 mentio
1309 1564 1627 1651 copiosior
1684 1564 1759 1629 in
1775 1562 1802 1601 ⁸
1855 1564 2132 1631 scientia
2203 1568 2722 1652 experimentali.

620 1669 755 1735 Sed
830 1669 988 1756 quia
1058 1688 1165 1734 ars
1237 1666 1543 1733 imitatur
1623 1671 1934 1732 naturam
1994 1673 2064 1733 et
2123 1689 2264 1734 eam
2323 1670 2598 1755 perficit,
2653 1675 2725 1737 et

618 1778 869 1839 certum
918 1774 1019 1837 est
1064 1792 1181 1857 per
1227 1771 1367 1835 haec
1419 1791 1617 1856 opera
1660 1775 1730 1835 et
1782 1768 1944 1834 alias
1989 1772 2446 1856 experientiae.
2541 1770 2719 1837 Nam

616 1875 793 1961 quod
834 1880 1074 1939 natura
1115 1872 1276 1938 facit
1312 1872 1387 1936 in
1428 1871 1719 1937 millibus
1748 1893 2090 1949 annorum,
2123 1896 2229 1939 ars
2265 1879 2484 1961 potest
2512 1875 2720 1943 facere

618 1996 755 2042 una
798 1976 921 2055 die,
968 1980 1049 2041 ut
1093 1974 1257 2041 dicit
1302 1974 1645 2039 Avicenna
1688 1973 1764 2038 in
1806 1974 1976 2039 libro
2023 1974 2126 2040 De
2171 1974 2432 2041 Anima.

710 2076 801 2144 Et
861 2098 1095 2165 corpus
1152 2073 1566 2141 hibernicum
1609 2073 1693 2140 fit
1752 2096 1838 2141 ex
1899 2098 2060 2141 auro
2115 2078 2278 2171 yivo
2322 2078 2592 2159 mund0,
2653 2085 2723 2146 et

622 2179 923 2247 claritate
970 2180 1075 2245 eui
1120 2178 1454 2264 comparia,
1508 2182 1591 2243 ut
1642 2177 1806 2243 dicit
1857 2179 2205 2245 Avicenna
2255 2180 2428 2247 libro
2479 2202 2722 2249 memo-

620 2290 785 2362 ratu,
850 2288 919 2348 et
965 2302 1189 2347 omnes
1226 2284 1529 2345 'auctores
1573 2280 1984 2346 concordant.
2076 2282 2260 2349 Tunc
2303 2283 2722 2351 manifestum

619 2391 721 2451 est
772 2386 953 2471 quod
1002 2406 1108 2449 ars
1156 2383 1400 2470 poterit
1446 2404 1529 2447 ex
1578 2381 1836 2449 duobus
1894 2384 2226 2470 praedictis
2285 2408 2524 2453 aurum
2575 2409 2720 2474 pro-

618 2490 855 2555 ducere
899 2486 1089 2574 quale
1134 2508 1269 2551 non
1313 2484 1617 2573 producit
1662 2486 1930 2571 quando
1974 2486 2069 2552 eis
2085 2485 2110 2523 ⁴
2152 2488 2398 2575 viginti
2443 2495 2726 2575 quatuor
2839 2508 2846 2515 ·

619 2592 965 2679 graduum,
1012 2589 1191 2676 quod
1232 2594 1334 2654 est
1378 2588 1691 2654 ultimum
1720 2589 1900 2674 quod
1943 2593 2186 2655 natura
2231 2596 2452 2677 potest
2495 2593 2721 2659 facere.

622 2692 749 2760 Sed
804 2691 863 2756 si
914 2692 1327 2778 experientia
1387 2690 1631 2756 certior
1675 2690 1968 2769 excedat,
2017 2696 2177 2758 tuno
2220 2714 2456 2759 aurum
2500 2700 2725 2781 potest

619 2796 765 2861 fieri
795 2815 1353 2883 quorumcumque
1382 2792 1727 2880 graduum,
1758 2797 1841 2857 ut
1868 2793 2188 2861 instantia
2217 2797 2724 2884 experimentali

620 2900 789 2966 facio
832 2897 1253 2965 mentionem.
1350 2895 1518 2962 Haec
1552 2897 1890 2975 hactenuS,
1929 2898 2133 2964 donec
2163 2900 2458 2966 omnium
2486 2901 2720 2967 horum

621 3005 933 3088 sequatur
978 3000 1301 3086 expositio
1348 2999 1561 3085 plana,
1615 3002 1696 3063 ut
1746 3002 1888 3064 tam
1948 3001 2150 3088 vulgo
2212 3023 2414 3087 quam
2465 3005 2720 3090 sapien-

622 3104 803 3170 tibus
861 3102 1157 3169 sufficiat.
1284 3101 1416 3168 Sed
1476 3097 1735 3166 oculus⁵
1763 3099 1952 3189 vulgi
1981 3124 2236 3190 semper
2288 3107 2724 3172 excaecabitur

620 3207 710 3273 ad
752 3227 947 3272 omne
996 3225 1159 3292 opus
1218 3202 1575 3290 sapientiae,
1624 3203 1782 3288 quia
1823 3203 1947 3270 hoc
1991 3206 2053 3270 ei
2100 3207 2436 3293 proprium
2497 3213 2598 3275 est
2655 3215 2725 3276 et

622 3307 875 3374 sufficit.
1008 3308 1397 3393 Sapientum
1458 3326 1615 3371 vero
1676 3306 1874 3371 corda
1933 3317 2132 3394 atque
2193 3310 2464 3376 consilia
2523 3311 2726 3398 digna

622 3416 784 3477 sunt
842 3409 1124 3476 oculari⁶
1182 3407 1583 3474 revelatione
1640 3407 1840 3474 fideli.
1960 3409 2286 3495 [sequitur
2347 3409 2536 3478 Sicut
2607 3435 2726 3480 nec

623 3513 845 3600 potuit
887 3511 1255 3600 principale,
1304 3513 1454 3590 &cd

714 3615 906 3681 Sicut
948 3636 1067 3680 nec
1118 3615 1340 3701 potuit
1384 3613 1701 3698 scriptum
1744 3611 2104 3700 principale
2139 3623 2403 3701 propter
2446 3618 2721 3704 impedi·
2751 3627 2977 3680 Ειοιιωε

2749 3695 2958 3746 himself
2985 3697 3066 3747 for

625 3722 853 3784 menta
892 3717 1267 3784 celsitudini
1295 3721 1535 3782 vestrae
1579 3715 1952 3802 praeparari,
1998 3716 2090 3782 sic
2133 3725 2404 3804 propter
2445 3720 2720 3807 impedi·
2749 3769 2839 3813 not
2875 3763 3067 3828 having

620 3825 847 3887 menta
895 3841 1016 3886 nec
1082 3820 1305 3906 potuit
1362 3817 1577 3883 adhuc
1649 3821 1920 3902 propter
1987 3821 2198 3904 operis
2256 3822 2722 3908 prolixitatem.
2751 3835 2860 3880 sent
2881 3829 2962 3881 his

2751 3895 2892 3948 chief
2906 3898 3050 3949 work

622 3925 801 3990 Nam
846 3945 927 3989 ea
970 3943 1119 4009 quae
1164 3920 1376 3987 scribo
1421 3940 1665 4006 magna
1711 3925 1872 3986 sunt
1923 3926 1994 3988 et
2036 3922 2344 4007 difficilia,
2391 3930 2463 3992 et
2503 3926 2724 3993 animo
2751 3963 2900 4015 tothe
2911 3964 3066 4032 Pope.

626 4027 847 4113 quieto
901 4031 971 4091 et
1018 4023 1316 4090 solitario
1368 4021 1757 4108 indigentia.
1851 4021 1984 4089 Sed
2027 4047 2164 4091 non
2214 4029 2426 4094 solum
2460 4030 2728 4117 juvenis

1149 4165 1294 4174 *—

846 4169 887 4176 ..ι
2055 4167 2116 4176 -υι-

692 4232 707 4262 ¹
725 4231 989 4297 mamm]
1010 4230 1407 4297 “Alchymiaest
1418 4228 1626 4281 seientia
1793 4231 1814 4260 ²
1833 4230 2094 4298 annorum]
2132 4233 2384 4284 centenari
2437 4249 2494 4286 os
2541 4233 2730 4286 amieo·

624 4315 654 4342 “
687 4313 871 4362 docens
881 4310 1049 4364 facere
1062 4322 1111 4362 ct
1125 4326 1361 4378 generare
1376 4310 1627 4376 quandam
1725 4324 1856 4371 mm,
1879 4309 1990 4362 MS.

624 4396 655 4420 ‘⁸
689 4389 991 4442 medicinam
1008 4406 1119 4456 quae
1141 4388 1283 4440 elia-ir
1296 4396 1625 4455 nuncupatur,
1794 4391 1815 4421 ⁸
1837 4390 1917 4457 in]
1956 4391 2034 4450 dc,
2063 4390 2174 4443 MS.

627 4475 657 4500 ‘⁴
692 4485 803 4535 quae
837 4471 1037 4535 quando
1053 4469 1316 4535 projicitur
1338 4483 1488 4535 super
1518 4485 1627 4520 me·-
1795 4472 1814 4499 ⁴
1836 4469 1934 4536 eis]
1958 4469 2052 4520 flt?

628 4552 661 4580 “
692 4550 827 4612 mla,
848 4565 937 4600 seu
964 4563 1175 4614 corpora
1200 4549 1491 4614 imperfecta
1518 4565 1627 4615 pcr-
1796 4551 1818 4580 ⁸
1835 4547 2028 4616 oculus]
2064 4547 2236 4610 oculis,
2255 4547 2366 4599 MS.

631 4635 663 4664 ‘⁴
694 4629 803 4681 ficit
849 4630 961 4696 ipsa
996 4630 1242 4696 complete
1288 4628 1342 4679 in
1377 4635 1631 4681 momento
1794 4629 1815 4659 ⁰
1836 4627 2052 4694 ceulam]
2090 4627 2345 4690 occultari,
2367 4627 2481 4682 MS.

630 4713 659 4740 “
686 4710 1317 4800 ‘projectionisfi-Bacon,
1340 4709 1425 4762 De
1451 4708 1630 4773 Alchy·

626 4803 743 4848 mm,
766 4803 801 4838 1.
