3517 5750
844 775 974 838 114
1602 786 1864 837 Rosam
1909 784 2200 837 mecine
2767 768 2947 858 [cu.

508 953 787 1069 {hfig‘ffi}
840 962 1131 1028 cundum
1198 960 1685 1025 tortuositatem
1748 960 1958 1040 nervi,
2011 962 2081 1025 et
2123 979 2258 1024 non
2300 961 2672 1045 sequuntur
2691 957 2714 995 ¹
2765 958 2944 1047 leges

510 1036 655 1137 o‘iher
674 1086 787 1145 law,
842 1062 1427 1150 multiplicationis,
1493 1083 1643 1148 quae
1704 1062 1786 1126 fit
1846 1062 1920 1126 in
1983 1061 2219 1127 mundi
2261 1060 2651 1147 corporibus.
2743 1060 2946 1129 Unde

510 1154 789 1281 ffifflgffied
842 1167 1085 1253 species
1147 1166 1220 1231 in
1282 1164 1497 1231 medio
1560 1164 1874 1244 animate,
1921 1163 2099 1249 quod
2159 1168 2260 1229 est
2311 1163 2553 1229 humor
2617 1163 2690 1228 in
2741 1182 2947 1231 nervo

512 1286 783 1349 according
844 1268 1178 1348 sensitivo,
1248 1267 1649 1352 derelinquit
1710 1266 2036 1331 incessum
2097 1270 2370 1344 rectum,
2439 1270 2510 1331 et
2575 1266 2766 1331 vadit
2831 1286 2949 1353 per

512 1352 789 1469 ζοῑξξῃζζ·
844 1370 1021 1458 leges
1064 1390 1263 1456 supra
1305 1374 1634 1449 naturam,
1678 1369 2041 1435 secundm
2083 1368 2260 1454 quod
2302 1388 2564 1434 necesse
2607 1373 2708 1434 est
2751 1386 2950 1455 opera

512 1484 573 1533 of
584 1484 672 1533 the
848 1474 1087 1539 animae
1150 1472 1387 1559 perfici.
1480 1470 1573 1536 Et
1638 1471 1755 1557 qui
1815 1470 1938 1537 hoc
2003 1472 2232 1549 nescit,
2296 1492 2432 1537 non
2501 1474 2723 1558 potest
2789 1472 2948 1537 dare

511 1564 680 1603 '²²⁸⁶'
848 1596 1075 1641 causas
1138 1574 1221 1641 de
1288 1574 1453 1655 visu,
1523 1577 1593 1638 et
1658 1572 1917 1651 auditu,
1985 1576 2057 1639 et
2123 1572 2388 1653 olfactu,
2453 1577 2523 1638 et
2587 1576 2807 1661 gustu,
2875 1576 2948 1639 et

851 1681 1052 1743 tactu.

1658 1940 1815 2008 OAP.
1865 1940 2147 2009 XXXV.

526 2122 830 2201 multiplica·
946 2104 1211 2171 Pos'l'EA
1254 2104 1445 2171 texui
1466 2103 1493 2140 ⁹
1537 2104 2112 2191 multiplicationes
2141 2102 2498 2170 secundum
2517 2104 2546 2143 ⁸
2575 2104 2836 2193 figuras,
2881 2111 2953 2172 et

520 2192 767 2308 mugi„
855 2207 951 2273 ibi
979 2209 1228 2295 majora
1262 2206 1695 2275 inveniuntur
1738 2228 1938 2294 quam
1982 2208 2056 2272 in
2084 2207 2621 2294 praecedentibus,
2651 2212 2722 2273 et
2759 2208 2954 2295 longe

514 2272 835 2387 ffletrioeu
854 2311 1057 2399 plum„

514 2390 701 2457 figures
944 2412 1331 2499 Principalis
1389 2417 1615 2478 tamen
1672 2410 1888 2499 figura
1944 2411 2019 2475 in
2075 2410 2622 2498 multiplicatione
2672 2416 2774 2479 est
2833 2412 2954 2479 du-

856 2515 1049 2603 plexz
1098 2538 1234 2581 una
1262 2520 1364 2581 est
1408 2520 1733 2601 quantum
1777 2514 1866 2579 ad
1911 2512 2327 2580 diffusionem
2371 2514 2952 2602 multiplicationis,

856 2620 925 2683 et
969 2618 1107 2683 haec
1150 2622 1251 2683 est
1294 2614 1587 2702 sphaera:
1638 2614 1833 2702 quia.⁴
1877 2634 2068 2681 omne
2112 2638 2314 2703 agens
2355 2616 2438 2681 fit
2480 2621 2781 2681 centrum
2819 2638 2956 2683 suoe

856 2716 1427 2805 multiplicationis
1487 2719 1778 2805 undique
1837 2718 2093 2798 fiendae,
2139 2718 2494 2785 secundum
2547 2737 2770 2785 omnes
2814 2718 2956 2784 dia-

856 2826 1120 2902 metros,
1165 2824 1247 2886 ut
1291 2824 1479 2907 patet
1524 2820 1610 2886 ad
1654 2840 1936 2888 sensum.
2022 2820 2156 2888 Sed
2199 2821 2426 2909 figura,
2471 2844 2620 2909 quae
2664 2821 2957 2888 maxime

856 2924 1172 3010 competit
1231 2923 1613 2989 fortitudini
1678 2923 2262 3010 multiplicationis,
2332 2927 2434 2990 est
2497 2925 2788 3012 pyramis
2855 2947 2961 2991 ro-

862 3027 1093 3092 tunda.
1188 3024 1367 3090 Nam
1428 3047 1547 3113 per
1612 3047 1759 3091 eam
1821 3026 2027 3092 solam
2089 3031 2307 3114 potest
2359 3028 2604 3115 species
2647 3028 2872 3094 venire
2917 3049 2960 3094 a

858 3133 1009 3195 tota
1066 3129 1403 3216 superficie
1463 3129 1721 3216 agentis
1765 3130 1854 3196 ad
1897 3129 2164 3216 singula
2207 3135 2455 3216 puncta
2498 3130 2831 3218 patientie,
2877 3135 2958 3197 ut

856 3231 1220 3298 fortissima
1284 3233 1407 3298 fiat
1493 3233 1768 3299 virtutis
1831 3231 2112 3298 diffusio.
2204 3230 2298 3296 Et
2371 3233 2489 3298 isti
2561 3233 2956 3320 multipr

858 3335 1029 3400 tioni
1073 3337 1379 3424 figuratae
1424 3335 1651 3402 multae
1693 3333 2014 3400 veritates
2057 3333 2384 3421 praeelarae
2445 3341 2603 3402 sunt
2647 3357 2955 3402 annexae:

520 3547 804 3626 mm-
859 3439 1347 3619 ffl'fissfussff
1384 3439 1586 3626 312¹?
1586 3437 2052 3626 pflffssoss'gss
2103 3438 2958 3628 ffi⁸¹⁵111³02¹p2¹2²12122p²¹3¹3

516 3616 749 3744 Βὲξζξω,
860 3642 1095 3720 nitum,
1161 3646 1232 3706 et
1275 3643 1453 3727 quod
1514 3663 1649 3707 non
1710 3641 1832 3708 fiat
1890 3641 1963 3706 in
2024 3642 2324 3724 instanti,
2369 3648 2451 3710 ut
2509 3647 2800 3729 apparet,
2847 3644 2961 3709 sed

520 3747 716 3798 infinite
861 3743 934 3807 in
974 3747 1307 3830 tempore3
1353 3745 1435 3808 de
1466 3765 1595 3828 quo
1642 3747 1744 3808 est
1803 3743 2098 3809 maxima
2146 3745 2440 3830 quaestiO,
2489 3747 2648 3830 quia
2687 3745 2961 3811 videtur

517 3827 837 3931 {ffg‘gffif‘n
861 3844 1040 3930 quod
1098 3843 1493 3911 Aristoteles
1536 3844 1702 3911 velit
1761 3845 1941 3931 quod
1999 3841 2129 3912 sit⁶
2186 3847 2261 3911 in
2303 3845 2599 3928 instanti,
2649 3852 2719 3912 et
2765 3847 2962 3914 multi

520 3945 656 3997 time.
861 3946 976 4010 alii
1040 3949 1351 4012 auctores.
1486 3944 1619 4014 Sed
1685 3947 1904 4015 omnia
1965 3948 2328 4014 solvuntur.
2425 3949 2518 4013 Et
2584 3949 2763 4034 quod
2821 3949 2961 4016 haec

860 4047 1328 4135 multiplicatio
1387 4047 1551 4115 lucis
1594 4050 1667 4114 in
1710 4049 1930 4115 medio
1973 4071 2110 4115 non
2153 4050 2246 4116 sit
2287 4071 2534 4137 corpus,
2581 4050 2764 4136 cujus
2809 4073 2960 4117 con-

859 4151 1143 4216 trarium
1204 4151 1521 4217 dixerunt
1571 4150 1784 4229 multi,
1833 4151 2219 4218 roborantes
2281 4173 2508 4218 eorum
2569 4154 2962 4239 positionem

861 4275 977 4340 per
1020 4253 1473 4341 Augustinum
1520 4252 1849 4318 dicentem
1895 4255 2072 4340 quod
2115 4253 2236 4320 lux
2280 4259 2383 4320 est
2435 4275 2686 4342 corpus,
2733 4261 2803 4322 et
2845 4277 2962 4343 per

928 4475 1253 4542 ἱερατικὴν]
1289 4475 1529 4541 sequitur,
1560 4474 1623 4527 R.
2029 4477 2048 4506 ⁴
2063 4475 2206 4542 quia]
2243 4476 2496 4542 quoniam,
2535 4473 2596 4527 Τ.

924 4558 947 4587 ¹
970 4556 1125 4622 texat]
1164 4557 1307 4621 Opus
1328 4555 1511 4620 Maius,
1534 4569 1583 4620 p.
1608 4555 1687 4607 70.

924 4633 1863 4702 ’Poetea....oecmdum]1’oetea
2049 4631 2182 4699 ἐίί]
2219 4626 2560 4686 emman

858 4713 1001 4767 texui
1030 4715 1321 4780 secuudum,
1356 4713 1417 4766 Τ.
1452 4713 1512 4767 L.
