3517 5750
575 852 732 941 νη]
1228 874 1693 925 courmmtm
1738 875 1992 925 srunn.
2557 862 2686 927 449

574 1046 751 1111 enim
796 1064 930 1111 una
971 1046 1199 1135 lingua
1244 1048 1586 1134 quodlibet
1619 1055 1862 1115 vocant
1906 1047 2370 1135 etymologiam
2415 1058 2688 1117 sumunt

574 1146 879 1212 vocabuli
952 1169 1037 1213 ex
1095 1148 1317 1213 altera.
1408 1149 1500 1215 Et
1563 1149 1835 1215 Servius
1897 1150 2039 1215 loco
2105 1154 2468 1215 memorato
2527 1151 2690 1217 dicit

576 1248 877 1315 Graecum
924 1271 1165 1315 nomen
1206 1271 1343 1315 non
1402 1254 1620 1337 potest
1666 1250 1974 1316 Latinam
2020 1252 2484 1338 etymologiam
2529 1253 2690 1317 reci-

574 1371 743 1435 pere.
831 1350 924 1417 Et
969 1351 1093 1418 hoc
1137 1351 1302 1418 dicit
1358 1352 1656 1439 pluribus
1718 1351 1894 1418 locis.
2020 1353 2198 1439 Ergo
2263 1353 2454 1419 Brito
2517 1353 2688 1421 male

572 1452 1059 1540 etymologizat‚
1106 1458 1175 1519 et
1218 1453 1398 1520 cadit
1448 1453 1522 1518 in
1568 1452 1981 1541 Hugutionis
2040 1454 2282 1521 vitium
2327 1466 2398 1519 et
2442 1453 2684 1541 Papiae,

574 1554 887 1637 quoniam
978 1554 1379 1643 etymologia
1452 1560 1553 1621 est
1626 1576 1839 1621 sermo
1913 1554 2022 1622 vel
2109 1556 2282 1621 ratio
2355 1556 2682 1622 veritatis.

575 1654 708 1721 Sed
751 1654 995 1721 veritas
1041 1656 1255 1723 Graeci
1314 1678 1451 1723 non
1519 1657 1845 1744 dependet
1897 1678 1940 1721 a
2000 1656 2259 1738 Latine,
2305 1678 2455 1724 cum
2507 1658 2688 1744 prius

574 1775 711 1821 non
772 1755 1098 1843 dependet
1156 1780 1198 1823 a
1254 1758 1612 1845 posteriori.
1704 1756 2121 1845 Quapropter
2182 1758 2368 1824 nulla
2433 1764 2688 1845 etymo-

574 1856 752 1945 logia
795 1857 1006 1925 Graeci
1051 1864 1310 1947 oportet
1354 1860 1499 1925 fieri
1543 1858 1619 1923 in
1665 1858 1940 1925 Latinis.
2030 1880 2035 1888 ·

664 1958 863 2025 Errat
908 1961 1111 2027 etiam
1154 1962 1227 2026 in
1270 1960 1618 2048 principali
1662 1960 2076 2048 expositione
2135 1960 2334 2047 hujus
2385 1962 2688 2027 vocabuli

575 2058 761 2127 Deus
784 2087 814 2143 ,·
858 2061 1163 2129 similiter
1238 2068 1309 2128 et
1372 2061 1591 2143 Theos,
1670 2084 1820 2128 cum
1899 2062 2078 2129 dicat
2135 2062 2250 2128 illa
2321 2064 2686 2151 significare

576 2167 873 2245 metum;
948 2168 1017 2230 et
1082 2162 1177 2230 sic
1250 2162 1415 2230 dicit
1491 2161 1800 2251 Hugutio
1867 2170 1938 2230 et
2012 2163 2265 2251 Papias,
2344 2170 2430 2245 et,
2509 2165 2686 2252 quod

575 2262 763 2330 doleo
838 2263 1161 2331 Isidorus¹
1238 2265 1410 2332 libro
1478 2266 1774 2352 septimo,
1869 2264 2038 2331 Cum
2110 2264 2287 2330 enim
2361 2266 2476 2331 isti
2549 2266 2687 2331 sint

576 2364 818 2443 Latini,
890 2371 959 2432 et
1018 2388 1155 2432 non
1229 2370 1507 2453 possunt
1568 2387 1687 2432 suo
1765 2388 1962 2433 sensu
2027 2366 2288 2432 firmare
2349 2367 2506 2447 haec,
2569 2368 2685 2432 sed

574 2472 833 2554 oportet
906 2489 1015 2533 eos
1090 2468 1408 2535 adducere
1484 2468 1948 2535 auctoritatem
2023 2474 2142 2535 aut
2215 2467 2506 2553 aliquam
2581 2488 2682 2533 ra-

574 2568 839 2634 tionem.
932 2569 1023 2635 Et
1067 2569 1378 2656 quoniam
1437 2574 1749 2636 neutrum
1807 2570 2076 2647 faciunt,
2136 2570 2284 2636 ideo
2328 2571 2684 2636 secundum

576 2669 1081 2756 Hieronymum,
1144 2670 1473 2739 sententia
1539 2692 1764 2737 eorum
1841 2672 2066 2737 eadem
2141 2670 2460 2737 facilitate
2533 2692 2685 2737 con—

574 2772 896 2838 temnitur
954 2794 1087 2860 qua
1158 2773 1490 2860 probatur.
1585 2772 1671 2838 In
1730 2772 2036 2838 omnibus
2097 2774 2271 2838 enim
2334 2773 2554 2839 dubiis
2612 2777 2683 2838 et

575 2875 843 2940 occultis
888 2896 1035 2961 quae
1082 2875 1369 2942 humano
1415 2897 1609 2942 sensu
1653 2876 1927 2942 tractari
1979 2880 2256 2963 possunt
2307 2876 2519 2954 debet,
2585 2897 2684 2941 se-

573 2976 861 3042 cundum
938 2977 1423 3063 Hieronymum
1440 2976 1469 3014 ⁹
1566 2999 1761 3064 super
1837 2977 2251 3058 Matthaeum‚
2327 2979 2682 3044 auctoritas

573 3079 683 3143 vel
722 3080 897 3145 ratio
941 3079 1289 3146 introduci.
1381 3080 1473 3146 Et
1532 3079 1860 3166 praecipue
1919 3100 2054 3145 non
2115 3085 2216 3147 est
2275 3079 2682 3145 consentien-

573 3181 732 3246 dum
806 3181 951 3247 istis
1026 3180 1281 3248 latinis
1354 3181 1427 3247 in
1501 3181 1624 3247 hoc
1696 3203 1893 3247 casu·
1876 3232 1896 3262 ,
1971 3182 2282 3267 quoniam
2343 3179 2391 3247 J
2392 3183 2683 3247 ohannes

574 3281 1021 3349 Damascenus
1042 3282 1069 3321 ³
1144 3283 1259 3370 qui
1322 3283 1591 3349 Graecus
1664 3283 1812 3362 fuit,
1889 3288 1960 3349 et
2034 3284 2219 3350 dedit
2284 3283 2680 3370 interpreta-

571 3384 785 3450 tiones
835 3389 1047 3451 certas
1108 3390 1179 3451 et
1245 3384 1469 3450 fideles
1517 3383 1721 3471 juxta
1779 3383 2076 3470 linguam
2128 3382 2425 3450 Graecam
2486 3385 2678 3450 certi-

571 3486 728 3552 ficat
770 3507 889 3552 nos
950 3487 1025 3551 in
1067 3487 1189 3552 hac
1234 3491 1441 3574 parte.
1534 3484 1718 3552 Dicit
1765 3485 1971 3573 igitur
2029 3485 2240 3571 primo
2283 3484 2454 3551 libro
2499 3485 2678 3571 quod

574 3587 771 3676 Deus,
803 3608 916 3653 seu
948 3587 1178 3669 Theca
1222 3587 1465 3654 dicitur
1499 3608 1540 3651 a
1570 3585 1764 3654 theia
1797 3585 1987 3675 [θέω]
2021 3588 2196 3671 quod
2241 3588 2344 3652 est
2372 3585 2678 3667 currere,⁴

570 3689 679 3756 vel
722 3688 960 3770 fovere,
1008 3688 1119 3755 vel
1171 3687 1601 3775 circumsequi
1669 3687 2032 3754 secundum
2095 3687 2294 3752 aliam
2338 3687 2675 3754 translati-

571 3811 805 3872 onem;
851 3792 1007 3876 quia
1052 3791 1597 3877 circumsequitur
1641 3795 1711 3856 et
1740 3789 1925 3856 fovet
1969 3789 2321 3871 universa3
2364 3794 2485 3856 aut
2514 3789 2674 3856 dici·

570 3898 683 3958 tur
725 3893 811 3958 ab
854 3891 1061 3974 ethin,
1106 3892 1284 3978 quod
1351 3897 1453 3960 est
1516 3893 1757 3960 ardere.
1850 3892 2032 3958 Deus
2096 3891 2272 3958 enim
2335 3896 2437 3958 est
2499 3891 2676 3978 ignis

567 4015 953 4060 consumens
1018 3993 1384 4075 malitiam3
1450 3995 1559 4061 vel
1602 4017 1645 4061 a
1689 3993 1933 4062 theaete
1989 3992 2304 4082 [θεᾶσθαι],
2351 3995 2528 4081 quod
2571 3999 2676 4061 est

569 4095 975 4162 considerare
1021 4100 1091 4162 et
1136 4097 1460 4184 perficere,
1509 4097 1666 4182 quia
1708 4097 1934 4163 omnia
1977 4096 2340 4163 considerat
2397 4103 2468 4163 et
2525 4119 2676 4164 con-

568 4197 887 4263 sideravit
943 4203 1303 4284 antequam
1367 4203 1589 4266 creata
1642 4198 1840 4264 fuere.
1933 4196 2101 4264 Haec
2143 4198 2352 4286 igitur
2389 4199 2676 4264 tenenda

567 4305 771 4380 sunt3
831 4299 989 4385 quia
1032 4305 1260 4366 auctor
1324 4299 1593 4366 Graecus
1650 4303 1770 4377 est,
1839 4304 1908 4364 et
1953 4297 2212 4364 Graecas
2277 4299 2670 4386 interpretae

567 4400 780 4466 tiones
822 4401 1045 4488 posuit
1090 4402 1263 4468 sicut
1308 4400 1513 4468 decet.

648 4667 919 4735 'Isidos-us]
954 4669 1127 4735 Etym.
1147 4668 1237 4720 vii.
1268 4673 1311 4719 1.
1722 4668 1743 4700 ⁸
1765 4665 2130 4734 Damascena]
2155 4666 2238 4717 De
2254 4665 2306 4718 S.
2332 4665 2516 4718 'Ii-init.
2539 4665 2574 4720 i.
2599 4671 2646 4718 5.

641 4745 1028 4816 ’merom-as]
1063 4747 1127 4799 In
1149 4747 1339 4816 prolog.
1355 4751 1379 4799 ἒ
1724 4748 1743 4779 ⁴
1764 4745 1984 4813 currere]
2010 4761 2200 4811 curare,
2221 4743 2337 4798 MS.

744 4855 898 4908 VOL.
942 4857 985 4906 1.
2271 4850 2316 4902 1⁴·
2359 4853 2403 4901 F
