3517 5750
627 882 857 971 mx]
962 866 966 870 ’
1396 901 1572 951 orus
1614 900 1934 951 mmmm.
2600 886 2726 951 281

621 1076 765 1143 haec
824 1081 986 1142 sunt
1047 1074 1391 1143 horribilia
1452 1098 1541 1143 ex
1598 1099 1684 1157 se,
1730 1081 1891 1143 sunt
1933 1076 2146 1166 magis
2190 1078 2400 1144 stulta
2445 1082 2513 1144 et
2560 1077 2732 1144 deri-

622 1178 803 1245 sione
848 1178 1069 1266 digna,
1116 1179 1273 1266 quia
1315 1186 1583 1267 propter
1624 1179 2076 1268 ignorantiam
2121 1185 2192 1247 et
2249 1180 2726 1268 negligentiam

622 1280 923 1346 diabolus
983 1280 1369 1369 procuravit
1441 1282 1619 1369 quod
1677 1283 1773 1349 sic
1839 1282 2161 1349 accideret
2229 1282 2357 1350 Dei
2424 1283 2725 1351 ecclesiae.

624 1382 803 1448 Nam
878 1405 1013 1449 non
1088 1387 1420 1473 oporteret
1483 1384 1687 1465 aliud,
1780 1386 1910 1451 nisi
1983 1384 2163 1473 quod
2259 1385 2732 1452 certificaretur

623 1486 781 1552 anni
865 1486 1210 1573 quantitas
1270 1492 1341 1554 et
1406 1487 1893 1574 aequinoctium.
2026 1488 2120 1553 Et
2183 1488 2242 1555 si
2309 1488 2729 1576 peritissimis

626 1589 1021 1656 astronomis
1132 1610 1268 1656 non
1364 1589 1731 1678 denegatur
1835 1590 2220 1658 certificatio
2329 1592 2735 1677 quantitatis

625 1693 803 1772 anni,
855 1698 1084 1758 tamen
1127 1692 1385 1759 facilius
1436 1696 1538 1759 est
1580 1691 1940 1760 certificare
1999 1693 2515 1781 aequinoctium3
2578 1695 2736 1781 quia.

626 1818 745 1883 per
785 1804 1053 1862 centum
1096 1801 1169 1862 et
1212 1795 1471 1863 circiter
1512 1796 1761 1884 viginti
1806 1817 2018 1863 annos
2063 1819 2200 1864 non
2243 1802 2549 1864 mutatur
2605 1796 2736 1861 nisi

628 1921 745 1985 per
788 1920 1000 1965 unum
1044 1899 1241 1980 diem,
1288 1900 1649 1966 secundum
1695 1899 2074 1987 opinionem
2117 1900 2328 1988 magis
2386 1899 2735 1988 probatam

492 2028 500 2035 ·
628 2023 805 2067 nunc
849 2002 1099 2068 diebus
1192 2001 1285 2067 Et
1330 2002 1605 2068 daretur
1648 2023 1755 2067 ars
1801 2002 1884 2067 de
1929 2002 2095 2083 hoc;
2162 2010 2234 2069 ct
2287 2002 2493 2069 etiam
2554 2002 2738 2067 inve-

629 2104 887 2170 niretur
929 2104 1403 2192 aequinoctium
1446 2126 1565 2191 per
1606 2104 1849 2171 saecula
1890 2105 2136 2182 futura,
2167 2127 2374 2193 usque
2418 2106 2494 2170 in
2535 2104 2738 2169 finem

626 2206 859 2272 mundi
903 2214 973 2273 et
1016 2207 1210 2284 ultra,
1260 2208 1440 2294 quod
1482 2206 1671 2273 facile
1716 2212 1864 2288 est;
1928 2212 1998 2273 et
2055 2209 2297 2274 fierent
2355 2208 2606 2274 tabulae
2667 2212 2739 2273 et

627 2330 908 2375 canones
974 2308 1055 2374 de
1113 2308 1255 2390 hoc,
1303 2315 1373 2375 et
1431 2310 1874 2376 scriberentur
1934 2332 2053 2397 per
2113 2314 2328 2376 totam
2397 2310 2737 2375 ecclesiam

632 2411 779 2493 Dei,
827 2416 897 2478 et
939 2418 1341 2499 ponerentur
1384 2434 1534 2479 cum
1577 2413 1982 2492 kalendario,
2030 2416 2102 2478 et
2161 2418 2322 2479 tunc
2373 2434 2509 2478 non
2570 2412 2734 2478 acci-

631 2515 817 2580 deret
858 2515 1411 2601 impedimentum
1454 2516 1528 2580 in
1570 2515 1695 2581 hac
1737 2520 1946 2602 parte.
2039 2514 2136 2580 Et
2187 2515 2496 2581 similiter
2551 2515 2734 2580 aliud

632 2617 1105 2703 aequinoctium
1148 2618 1439 2685 inveniri
1482 2619 1706 2705 possit,
1773 2622 1844 2683 et
1892 2618 2179 2683 solstitia,
2237 2618 2322 2683 de
2382 2618 2604 2698 facili5
2667 2622 2736 2683 et

626 2720 841 2785 omnis
884 2740 1065 2785 error
1106 2720 1179 2785 in
1222 2720 1327 2786 his
1370 2721 1455 2807 de
1498 2718 1678 2787 facili
1722 2725 2172 2801 evacuaretur,
2221 2720 2308 2785 ad
2351 2718 2615 2786 laudem
2661 2725 2732 2785 et

629 2823 942 2890 honorem
988 2821 1136 2904 Dei,
1182 2827 1253 2889 et
1294 2823 1643 2890 tolleretur
1683 2822 1962 2890 infamia
2013 2828 2084 2889 et
2142 2822 2542 2904 scandalum,
2590 2844 2738 2910 quae

632 2923 835 2992 nunc¹
886 2925 1417 3012 multiplicantur
1459 2926 1637 3014 apud
1680 2949 1904 2993 omnes
1949 2927 2396 3014 computistas,
2427 2932 2498 2992 et
2531 2933 2740 2992 astro-

634 3050 879 3109 nomos»,
926 3034 997 3094 et
1039 3027 1383 3116 sapientes,
1436 3034 1708 3116 propter
1767 3051 2036 3109 errores,
2084 3029 2200 3116 qui
2245 3029 2318 3095 in
2380 3031 2504 3096 hac
2547 3033 2738 3118 parte

636 3131 897 3218 vulgari
941 3130 1028 3197 ab
1073 3129 1345 3198 ecclesia
1387 3130 1888 3219 permittuntur.
2313 3120 2319 3126 “

1500 3493 1659 3564 CAP.
1690 3491 1894 3563 LXX.

732 3659 875 3738 SED
962 3660 1179 3748 majus
1266 3661 1740 3728 inconveniens
1819 3660 2086 3728 accidit
2173 3681 2262 3727 ex
2348 3659 2744 3748 primatione
2767 3662 3013 3749 Ifqegqla-

642 3763 991 3850 designata
1051 3786 1169 3852 per
1237 3786 1511 3832 aureum
1576 3785 1927 3831 numerum
1988 3765 2061 3829 in
2121 3763 2544 3844 kalendari03
2587 3785 2744 3829 nam
2767 3737 3080 3870 ssffiffln‘ge'

640 3867 923 3953 quilibet
971 3871 1191 3954 potest
1248 3867 1475 3934 videre
1540 3867 1629 3932 ad
1696 3869 1974 3947 oculum,
2035 3867 2093 3932 si
2151 3866 2430 3954 aspiciat
2487 3866 2742 3948 coelum‚
2771 3872 2856 3922 the
2872 3887 2969 3937 ⁸80<
2987 3871 3049 3922 of

640 3968 819 4055 quod
880 3970 1040 4035 luna.
1101 3975 1204 4035 est
1260 3969 1476 4056 prima.
1546 3969 1904 4037 secundum
1976 3969 2330 4036 veritatem
2347 3969 2376 4007 ²
2432 3992 2551 4059 per
2612 3975 2749 4038 tres
2770 3939 2856 3990 ὼε
2877 3953 3045 3990 ωωῃ·

644 4071 783 4137 dies
813 4072 921 4139 vel
964 4077 1248 4157 quatuor
1291 4077 1650 4158 antequam
1695 4071 1997 4160 signetur
2039 4071 2112 4138 in
2155 4072 2558 4140 kalendario.
2651 4071 2748 4138 Et

641 4172 715 4238 in
778 4174 1083 4241 omnibus
1126 4174 1551 4262 septuaginta
1609 4196 1728 4240 sex
1789 4175 1981 4240 annis
2044 4175 2292 4242 recedit
2353 4175 2664 4263 primatio
2708 4197 2750 4239 a

644 4277 784 4343 loco
858 4299 979 4344 suo
1046 4277 1119 4343 in
1186 4278 1574 4344 kalendario
1632 4300 1752 4365 per
1811 4278 2140 4345 sexdecim
2213 4279 2477 4345 minuta
2549 4279 2748 4344 unius
2855 4353 2860 4358 ⁸

642 4379 777 4445 diei
821 4385 892 4447 et
953 4379 1395 4468 quadraginta
1438 4380 1761 4462 secunda3
1786 4379 1813 4418 ⁸
1857 4385 1928 4446 et
1971 4380 2096 4446 hoc
2153 4385 2256 4446 est
2299 4380 2452 4469 plus
2510 4383 2749 4466 quarta

712 4615 727 4647 ¹
754 4615 909 4684 nunc]
944 4615 1018 4680 in,
1044 4614 1106 4669 'l'-
1815 4617 1836 4648 ⁸
1855 4614 2094 4682 munda]
2133 4630 2230 4667 om.
2254 4613 2316 4670 Τ.

710 4695 731 4725 ²
750 4694 1005 4748 mundum
1030 4693 1299 4763 veritatem]
1336 4711 1435 4748 om.
1458 4695 1521 4747 Τ.
