3517 5750
891 905 1020 972 506
1633 921 1895 972 noonm
1938 921 2235 974 mooms
2814 909 2995 996 [cu.

883 1115 1001 1181 per
1043 1095 1498 1185 diphthongos.
1593 1099 2064 1188 Diphthongus
2106 1101 2285 1186 apud
2332 1099 2591 1166 Groeoos
2666 1105 2769 1166 est
2840 1121 2995 1166 oon-

870 1195 1132 1282 junctio
1175 1199 1454 1266 duarum
1498 1203 1823 1268 vocalium
1876 1223 2113 1268 sonum
2172 1203 2371 1269 unius
2430 1201 2677 1269 voca-lis
2742 1201 2993 1267 haben-

879 1301 1067 1380 tium,
1139 1303 1248 1368 vel
1308 1301 1553 1370 vocalis
1611 1327 1760 1372 oum
1814 1311 2227 1373 eonsonante.
2350 1305 2443 1371 Et
2488 1305 2717 1372 finales
2774 1305 2991 1371 literae

878 1401 952 1467 in
995 1403 1422 1494 diphthongis
1469 1407 1843 1474 Graecorum
1904 1415 2062 1475 sunt
2104 1405 2251 1475 vota
2316 1414 2385 1474 et
2428 1407 2667 1494 ypsilo.
2758 1407 2991 1472 Potest

875 1505 1086 1592 igitur
1129 1508 1356 1595 ypsilo
1413 1513 1721 1597 consequi
1785 1509 2001 1597 alpha
2062 1510 2155 1576 sic
2222 1510 2381 1598 [αυ],
2448 1516 2518 1576 et
2578 1515 2739 1576 tunc
2794 1514 2989 1574 sonat

877 1615 1200 1694 quantum
1263 1631 1310 1678 a
1371 1635 1521 1679 cum
1575 1633 1620 1680 v
1671 1619 2104 1693 consonantem
2172 1614 2288 1699 qui
2351 1631 2551 1678 sonus
2610 1611 2987 1698 aliquantu-

875 1711 1016 1776 lum
1077 1712 1310 1779 similis
1368 1721 1470 1782 est
1529 1735 1690 1782 sono
1751 1715 1961 1802 ipsius
2004 1735 2053 1781 a
2096 1735 2245 1782 cum
2274 1713 2363 1801 f·
2348 1765 2365 1796 ,
2434 1721 2503 1780 et
2564 1714 2715 1779 ideo
2758 1714 2988 1800 vulga-

873 1811 1038 1880 riter
1081 1815 1636 1902 exemplificemus
1681 1811 1869 1904 quod'
1921 1823 2115 1884 sonat
2180 1815 2271 1904 asi
2364 1815 2493 1882 Vel
2558 1821 2781 1903 potest
2830 1837 2985 1881 oon-

873 1915 1060 2002 sequi
1103 1937 1138 1984 o
1179 1919 1272 1984 sic
1323 1917 1465 2006 [w],
1511 1925 1584 1986 et
1625 1927 1789 1986 tuno
1832 1924 2025 1986 sonat
2068 1925 2390 2006 quantum
2434 1939 2471 1984 e
2526 1918 2771 1984 vocalis
2830 1937 2983 1982 cum

871 2039 917 2086 v
959 2027 1370 2100 consonante,
1417 2023 1510 2088 'et
1572 2023 1760 2109 quasi
1816 2022 1894 2110 ef,
1942 2027 2021 2087 ut
2084 2027 2185 2088 est
2228 2021 2480 2088 dictum
2524 2021 2609 2087 de
2650 2019 2865 2107 alpha
2910 2025 2983 2086 et

871 2123 1111 2208 ypsilo.
1203 2123 1346 2205 Vel,
1409 2131 1629 2212 potest
1671 2125 1803 2191 dici
1847 2125 2155 2211 consequi
2198 2124 2305 2191 ita
2350 2125 2443 2190 sic
2490 2124 2627 2212 [w]‚
2674 2130 2745 2188 et
2786 2128 2985 2189 sonat

873 2224 1061 2310 quasi
1103 2223 1184 2314 is,
1231 2232 1312 2293 ut
1358 2226 1608 2293 dictum
1661 2232 1763 2294 est
1826 2227 1908 2293 de
1971 2227 2159 2306 aliis3
2228 2226 2336 2292 vel
2402 2225 2625 2313 ypeilo
2683 2226 2984 2311 sequitur

869 2332 1022 2413 post
1065 2327 1394 2410 omicron,
1443 2335 1512 2396 et
1554 2335 1716 2396 tunc
1757 2335 1950 2396 sonat
1994 2351 2049 2395 u
2092 2330 2403 2395 vocalem.
2492 2327 2585 2394 Et
2630 2328 2725 2394 sic
2764 2329 2979 2393 solum

871 2429 1122 2496 habent
1166 2430 1379 2498 Graeei
1423 2453 1656 2498 sonum
1701 2453 1756 2498 u
1795 2430 2057 2499 vocalis.
2148 2431 2223 2498 Si
2266 2451 2425 2498 vero
2476 2428 2623 2497 iota
2680 2429 2983 2516 sequitur

869 2531 1099 2620 aspha,
1165 2533 1258 2600 sio
1325 2533 1464 2620 [αι],
1529 2539 1692 2600 tuno
1753 2538 1951 2600 sonat
1992 2557 2067 2615 e;
2131 2533 2187 2600 si
2252 2555 2301 2612 e,
2372 2533 2545 2600 sicut
2598 2532 2751 2620 [αε],
2818 2539 2981 2598 tunc

871 2639 1068 2701 sonat
1111 2635 1146 2702 i
1187 2657 1306 2722 per
1376 2637 1560 2718 iota3
1633 2635 1692 2702 si
1750 2657 1808 2717 0,
1878 2637 2049 2702 sicut
2114 2635 2270 2722 [αο],
2340 2640 2503 2701 tunc
2568 2638 2765 2701 sonat
2830 2633 2978 2701 iota

865 2757 986 2824 pro
1053 2738 1290 2825 ypsilo.
1384 2737 1476 2804 Et
1542 2737 1613 2802 hi
1677 2743 1825 2804 octo
1884 2737 2281 2826 diphthongi
2335 2741 2659 2804 vocantur
2701 2737 2973 2824 proprii.

865 2839 999 2905 Sed
1057 2839 1172 2905 alii
1235 2845 1370 2908 tres
1439 2840 1752 2909 dicuntur
1824 2839 2180 2929 improprii,
2238 2845 2309 2907 et
2382 2841 2559 2907 fiunt
2630 2863 2748 2929 per
2822 2839 2975 2905 sub-

865 2942 1288 3029 scriptionem
1379 2944 1578 3031 hujus
1675 2946 1889 3011 literae
1982 2944 2127 3011 iota
2218 2949 2291 3009 et
2386 2942 2616 3031 alpha,
2708 2943 2815 3010 ita
2904 2948 2979 3010 et

865 3070 912 3107 ω
953 3064 1150 3131 ἠιῳα
1221 3044 1316 3111 sic
1393 3046 1484 3132 [5³5
1533 3072 1582 3132 ῃ,
1631 3047 1745 3134 ῳ,].
1868 3046 2250 3133 Aliquando
2326 3046 2599 3135 ponitur
2678 3046 2827 3114 iota
2898 3047 2975 3111 in

863 3145 1059 3213 litera.
1119 3154 1270 3237 post
1333 3148 1598 3215 literam
1661 3151 1839 3215 sicut
1900 3149 1971 3214 in
2016 3150 2168 3215 aliis
2212 3148 2644 3237 diphthongis
2687 3149 2781 3215 sio
2844 3196 2865 3214 .
2956 3198 2973 3216 .

864 3300 877 3313 .
969 3300 983 3316 .
1075 3302 1088 3317 .
1181 3301 1197 3316 .
1320 3248 1452 3318 Sed
1496 3252 1570 3317 in
1615 3252 1763 3318 istis
1807 3272 2005 3319 sonus
2048 3272 2391 3338 nunquam
2434 3258 2809 3331 renovatur,
2860 3253 2975 3318 sed

861 3360 1160 3421 remanet
1203 3374 1404 3421 sonus
1457 3354 1670 3421 literae
1729 3354 2127 3443 principalis,
2176 3355 2423 3421 scilieet
2470 3356 2611 3441 ejus
2662 3354 2772 3419 cui
2818 3355 2973 3421 sub-

861 3457 1176 3525 scribitur
1231 3456 1392 3524 iota.
1483 3457 1660 3525 Nam
1705 3458 1971 3544 quando
2016 3458 2451 3524 subscribitur
2494 3457 2557 3523 ei
2622 3456 2801 3543 quod
2872 3462 2975 3524 est

861 3559 1090 3648 alpha,
1154 3566 1430 3627 sonatur
1546 3610 1562 3627 .
1655 3610 1670 3627 .
1761 3610 1776 3625 .
1869 3609 1883 3626 .
2012 3582 2031 3640 3
2105 3560 2372 3646 quando
2436 3580 2597 3627 vero
2672 3560 2735 3625 ei
2794 3560 2973 3645 quod

859 3668 964 3728 est
1005 3662 1131 3746 ita,
1199 3716 1211 3731 .
1291 3717 1303 3731 .
1397 3712 1410 3729 .
1502 3714 1517 3729 .
1608 3713 1622 3729 .
1697 3664 1967 3751 quando
2008 3684 2167 3729 vero
2212 3663 2274 3729 ei
2317 3663 2495 3748 quod
2540 3668 2643 3728 est
2686 3688 2732 3725 ω
2776 3682 2973 3749 mya

857 3772 1133 3832 sonatur
1219 3766 1431 3832 solum
1505 3786 1750 3851 omeya.
1876 3766 1967 3831 Et
2039 3765 2145 3830 his
2233 3765 2451 3851 tribus
2540 3765 2973 3853 diphthongis

859 3873 1148 3933 utuntur
1194 3868 1406 3935 Graeci
1452 3890 1706 3955 semper
1758 3868 1833 3933 in
1878 3866 2110 3933 dativo
2170 3889 2324 3933 oesu
2384 3868 2617 3955 primae
2685 3867 2973 3933 deelina-

859 3967 1062 4033 tionis
1105 3974 1178 4034 et
1219 3970 1536 4036 secundae.
1629 3970 1986 4037 Sciendum
2030 3974 2135 4036 est
2178 3992 2439 4056 quoque
2483 3970 2659 4057 quod
2698 3968 2843 4036 iota
2902 3976 2972 4036 et

856 4070 1080 4158 ypsilo
1167 4071 1524 4159 aliquando
1613 4071 1966 4159 conjuncta
2053 4073 2394 4139 vocalibus
2488 4094 2627 4139 non
2678 4072 2971 4140 ·faciunt

856 4174 1358 4263 diphthongum,
1392 4174 1510 4241 sed
1538 4180 1823 4261 utraque
1850 4174 2099 4242 vocalis
2127 4174 2374 4241 retinet
2404 4196 2598 4241 suum
2627 4175 2967 4263 proprium

855 4298 1104 4345 sonum.
1198 4278 1289 4344 Et
1349 4276 1436 4343 ad
1508 4274 1631 4345 hoc
1689 4276 2059 4344 notandum
2118 4282 2461 4365 ponuntur
2526 4276 2659 4343 duo
2720 4284 2968 4364 puncta

853 4400 1048 4470 super
1089 4379 1238 4449 iota
1281 4383 1352 4447 et
1394 4378 1634 4468 weilo,
1698 4379 1792 4446 sic
1860 4378 1957 4467 [οἱς
2008 4378 2121 4469 οϋ].
2212 4378 2493 4462 Quando
2555 4400 2717 4447 vero
2772 4380 2967 4467 diph-

850 4484 1140 4573 thongus
1199 4484 1302 4551 est
1359 4504 1496 4550 non
1553 4488 1899 4572 ponuntur
1959 4488 2221 4571 puncta„
2332 4484 2665 4551 Caeterum
2727 4490 2968 4550 notan-

851 4586 1012 4653 dum
1067 4586 1242 4674 quod
1285 4608 1490 4673 quum
1518 4593 1671 4675 post
1715 4586 2201 4674 diphthongum
2246 4610 2334 4653 ex
2376 4585 2593 4674 alpha
2620 4591 2691 4652 et
2718 4586 2964 4675 ypsilo,

849 4688 962 4755 vel
1003 4710 1091 4756 ex
1131 4688 1240 4756 ita
1277 4694 1350 4756 et
1391 4688 1618 4777 ypsilo
1647 4690 1948 4777 sequitur
1988 4690 2236 4757 vocalis
2278 4690 2758 4777 syllabicantur
2798 4712 2860 4769 a,
2894 4695 2967 4755 et

851 4812 899 4873 e,
946 4793 1165 4861 etita
1207 4814 1326 4881 per
1368 4814 1456 4875 se,
1502 4798 1582 4860 ut
1691 4840 1708 4861 .
1805 4838 1821 4859 .
1912 4842 1931 4861 .
2018 4845 2035 4873 ,
2082 4798 2153 4860 et
2196 4816 2395 4860 sonus
2437 4814 2480 4861 v
2524 4794 2961 4873 consonantis,
