3517 5750
870 856 1001 922 148
1621 864 1880 915 noomu
1928 862 2218 913 nAcoms
2799 846 2972 935 [cn.

866 1047 1129 1126 tempus
1188 1052 1253 1119 A,
1316 1043 1383 1104 et
1459 1040 1810 1124 postquam
1887 1036 2123 1100 finitur
2181 1056 2222 1099 a
2281 1038 2470 1120 parte
2553 1038 2720 1120 post,
2805 1034 2975 1097 sicut

868 1165 910 1208 a
968 1147 1155 1231 parte
1208 1145 1381 1221 ante,
1437 1162 1573 1206 non
1632 1138 1908 1204 habebit
1968 1138 2098 1202 nisi
2157 1159 2364 1202 unum
2425 1136 2626 1203 finem
2687 1158 2728 1201 a
2787 1140 2975 1223 parte

868 1251 1037 1333 post,
1120 1249 1190 1310 et
1266 1264 1473 1309 unum
1536 1264 1577 1307 a
1636 1248 1826 1328 parte
1887 1243 2086 1320 ante;
2157 1245 2228 1305 et
2287 1239 2393 1304 hie
2465 1239 2618 1303 finis
2689 1243 2792 1303 est
2874 1237 2977 1301 in·

870 1357 1075 1429 stans,
1144 1351 1501 1417 seeundum
1576 1347 1753 1434 quod
1829 1346 1918 1412 sit
1979 1362 2033 1412 (3.
2159 1346 2336 1431 Ergo
2411 1344 2486 1409 in
2559 1360 2606 1409 A
2681 1348 2975 1430 tempore

872 1458 1067 1523 finito
1144 1478 1263 1543 per
1322 1472 1362 1520 c
1421 1456 1675 1521 instans
1734 1476 1778 1520 a
1842 1458 2030 1539 parte
2105 1456 2258 1538 post
2335 1450 2770 1538 complebitur
2837 1451 2977 1515 haec

874 1557 1519 1625 transubstantiatio·
1596 1558 1615 1573 ⁸
1660 1554 1793 1621 Sed
1877 1555 1949 1619 in
2025 1569 2074 1618 A
2149 1558 2444 1640 tempore
2534 1558 2637 1619 est
2724 1574 2981 1639 semper

878 1662 1086 1750 panis,
1148 1667 1218 1727 et
1276 1660 1351 1725 in
1410 1677 1451 1724 c
1502 1658 1784 1724 instanti
1857 1662 1962 1723 est
2021 1677 2256 1742 eorpus
2319 1655 2584 1722 Christi.
2678 1656 2771 1720 Et
2831 1656 2980 1721 ideo

880 1764 1078 1831 debet
1130 1764 1259 1829 dici
1304 1761 1482 1850 quod
1532 1782 1708 1827 nunc
1736 1760 1968 1847 primo,
2021 1758 2268 1825 scilieet
2326 1760 2399 1825 in
2459 1775 2520 1837 ο,
2574 1763 2676 1825 est
2729 1756 2982 1844 Corpus

882 1866 1148 1943 Christi,
1212 1871 1281 1931 et
1324 1886 1459 1929 non
1504 1868 1675 1929 ante.
1769 1861 1860 1929 Et
1919 1862 2076 1948 quia
2117 1882 2256 1927 non
2301 1867 2403 1928 est
2447 1861 2543 1926 ibi
2601 1861 2730 1926 nisi
2773 1882 2982 1926 unum

880 1971 1137 2037 instans
1181 1992 1223 2033 a
1266 1971 1455 2055 parte
1485 1972 1651 2054 post,
1700 1965 1946 2031 scilieet
1999 1966 2216 2051 ipsum
2265 1982 2324 2045 e,
2357 1964 2504 2030 ideo
2549 1986 2684 2029 non
2731 1966 2982 2030 contin-

882 2079 996 2161 get
1035 2072 1192 2137 dare
1238 2070 1504 2156 aliquod
1544 2070 1800 2134 instans
1843 2069 1918 2133 in
1962 2089 2091 2153 quo
2137 2067 2374 2133 ultimo
2419 2073 2519 2133 est
2559 2068 2761 2154 panis,
2855 2067 2986 2132 Sed

882 2176 1170 2261 aliquam
1215 2178 1471 2261 partem
1514 2171 1830 2258 temporis
1873 2185 1920 2234 A
1963 2191 2308 2257 possumus
2352 2170 2721 2257 assignare;
2765 2175 2846 2236 ut
2889 2170 2948 2234 si
2969 2168 2988 2205 ¹

886 2276 1263 2348 dividamus
1314 2292 1378 2355 A,
1426 2296 1543 2363 per
1585 2273 2012 2350 intellectum,
2068 2272 2140 2337 in
2201 2272 2365 2337 duas
2425 2272 2826 2352 medietate-2⁸,
2883 2271 2988 2338 vel

886 2380 959 2445 in
1019 2386 1154 2446 tres
1196 2379 1449 2456 tertias,
1510 2375 1617 2443 vel
1676 2376 1810 2441 alia
1853 2375 2194 2455 divisione,
2247 2375 2604 2441 seeundum
2665 2376 2990 2441 rationem

889 2481 1233 2550 divisionis
1280 2480 1485 2566 ipsius
1530 2478 1834 2544 continui
1879 2478 1954 2542 in
1983 2482 2206 2564 partes
2245 2477 2579 2564 quotlibet
2621 2478 2992 2563 aliquotas;

892 2584 1203 2670 quoniam
1280 2587 1538 2669 tempus
1614 2584 1717 2645 est
1777 2579 2119 2666 quantitas
2179 2580 2534 2661 continua3
2608 2584 2770 2646 tunc
2845 2600 2991 2666 pos-

890 2707 1105 2752 semus
1134 2684 1348 2750 dicere
1396 2681 1477 2747 de
1522 2680 1811 2749 secunda
1837 2681 2208 2759 medietate,
2241 2682 2350 2747 vel
2381 2683 2461 2748 de
2491 2682 2729 2747 ultima
2772 2682 2990 2763 tertia,

892 2792 1011 2853 aut
1028 2786 1055 2824 ⁹
1108 2788 1191 2851 de
1252 2807 1505 2871 quacun
1513 2806 1638 2870 que
1698 2784 1832 2851 alia
1889 2789 2079 2872 parte
2149 2784 2445 2871 aliquota
2503 2784 2758 2865 ultima,
2821 2784 2997 2871 quod

892 2913 1069 2957 nune
1112 2889 1353 2955 ultimo
1383 2894 1485 2954 est
1544 2889 1735 2975 panis
1763 2914 1780 2970 3
1827 2892 1896 2954 et
1925 2909 2266 2975 nunquam
2311 2889 2436 2954 hoe
2479 2889 2736 2954 dicetur
2765 2889 2846 2954 de
2877 2887 2995 2952 ali-

892 3016 1023 3082 quo
1082 2992 1381 3072 instanti,
1444 2991 1603 3078 quia
1660 3013 1799 3056 non
1871 2997 1974 3057 est
2046 2991 2177 3056 nisi
2236 3013 2444 3058 unum
2504 3014 2546 3056 a
2605 2997 2792 3078 parte
2865 3013 3000 3056 una

894 3097 1213 3183 temporis
1256 3095 1330 3159 in
1360 3114 1489 3180 quo
1534 3095 1615 3158 fit
1659 3095 2172 3174 transmutati03
2217 3099 2287 3158 et
2334 3094 2408 3158 in
2454 3092 2568 3160 illo
2598 3099 2700 3159 est
2747 3094 2998 3180 Corpus

896 3199 1165 3276 Christi,
1221 3203 1291 3263 et
1338 3197 1485 3263 ideo
1552 3217 1689 3262 non
1757 3196 1962 3283 panis.
2085 3195 2216 3262 Sed
2287 3197 2378 3261 in·
2405 3201 2548 3263 toto
2606 3212 2655 3261 A
2706 3201 2998 3284 tempore

892 3301 1295 3390 praecedenti
1356 3301 1613 3365 instans
1685 3304 1788 3364 est
1847 3298 2054 3385 panis,
2133 3305 2202 3363 et
2275 3299 2346 3362 in
2421 3298 2720 3386 qualibet
2807 3306 2999 3387 parte

894 3406 1049 3492 ejus,
1159 3403 1250 3470 Et
1302 3405 1395 3468 sie
1448 3401 1798 3468 dicendum
1847 3402 1928 3467 de
1979 3401 2126 3466 aliis
2174 3400 2491 3488 exemplis
2541 3403 2872 3490 praedictis
2933 3410 3002 3470 et

896 3509 979 3574 de
1039 3512 1186 3573 tota
1242 3505 1802 3572 transmutatione
1861 3503 2271 3571 naturalium
2329 3525 2565 3571 rerum.
2687 3503 2830 3571 Nec
2903 3511 3002 3571 est

898 3611 1121 3696 aliqua
1169 3607 1565 3688 differentia,
1626 3606 1759 3670 nisi
1812 3606 1988 3693 quod
2046 3607 2120 3671 in
2169 3607 2584 3674 naturalibus
2642 3613 2862 3674 motus
2919 3609 3004 3674 ad

898 3713 1257 3778 terminum
1308 3711 1395 3775 ad
1455 3731 1651 3796 quem
1703 3709 1786 3775 fit
1844 3709 1919 3773 in
1975 3724 2024 3774 A
2071 3713 2382 3797 tempore,
2435 3716 2504 3776 et
2567 3713 3007 3798 corrumpitur

901 3815 973 3878 in
1026 3835 1103 3879 eo
1162 3812 1487 3878 terminus
1546 3834 1588 3877 a
1646 3832 1792 3898 quo.
1915 3811 2048 3878 Sed
2105 3811 2212 3878 hie
2269 3813 2340 3877 in
2401 3817 2544 3878 toto
2603 3828 2652 3878 A
2707 3820 3003 3902 tempore

900 3920 1201 3981 remanet
1260 3915 1468 4001 paniS,
1530 3936 1651 3980 nee
1669 3913 1696 3952 ³
1754 3915 2241 4001 corrumpitur3
2317 3915 2432 3980 sed
2491 3917 2564 3981 in
2623 3933 2664 3981 c
2723 3917 3005 3982 instanti

893 4019 1037 4105 jam
1116 4015 1363 4082 desinit
1460 4016 1670 4103 panis,
1744 4020 1815 4082 et
1891 4017 2533 4084 transubstantiatur
2601 4019 2674 4082 in
2753 4017 3007 4106 Corpus

906 4119 1173 4198 Christi,
1254 4122 1323 4184 et
1381 4139 1517 4185 non
1578 4123 1678 4184 est
1738 4119 1928 4205 panis
2005 4120 2119 4186 sed
2198 4118 2452 4206 Corpus
2535 4119 2823 4188 Domini.
2915 4121 3007 4186 Et

902 4223 1054 4288 ideo
1136 4243 1476 4308 nunquam
1552 4222 1774 4287 danda
1847 4226 2006 4287 sunt
2081 4222 2213 4287 duo
2287 4228 2604 4310 tempora,
2679 4245 2800 4288 nee
2874 4223 3008 4289 duo

902 4325 1247 4406 instantia,
1312 4347 1460 4411 quae
1520 4323 1627 4390 hie
1685 4324 2043 4412 finguntur.

972 4583 987 4613 ¹
1010 4582 1082 4647 εἰ]
1120 4597 1217 4634 om.
1253 4581 1315 4632 Τ.
2043 4579 2064 4610 ⁸
2086 4579 2198 4645 nec]
2236 4587 2286 4630 et
2323 4595 2441 4642 non,
2477 4581 2535 4630 Β.

969 4664 991 4694 ²
1011 4661 1124 4726 aut]
1162 4661 1258 4722 vel,
1292 4660 1353 4710 B.
