3517 5750
507 793 642 879 m]
1279 809 1454 862 orus
1495 809 1817 860 mum
2516 789 2601 860 17

503 981 746 1048 totiens
789 980 1012 1048 dimisi
1055 1003 1240 1070 opus,
1283 989 1356 1049 et
1407 984 1796 1050 multotiens
1839 983 2183 1070 desperavi
2226 987 2297 1048 et
2338 979 2602 1068 neglexi

501 1083 884 1171 procedere3
955 1084 1134 1152 unde
1192 1087 1252 1152 si
1307 1108 1428 1153 vos
1501 1086 1837 1154 scivissem
1896 1106 2029 1150 non
2104 1083 2437 1173 pensasse¹
2496 1105 2600 1148 ra.-

503 1187 752 1253 tionem
795 1209 1228 1275 expensarum
1286 1188 1556 1254 harum²
1601 1211 1720 1275 pro
1772 1192 1923 1253 toto
1974 1185 2221 1254 mundo
2272 1208 2409 1252 non
2451 1205 2601 1273 pro-

499 1289 864 1356 cessissem:
911 1290 1108 1356 citius
1151 1290 1330 1356 enim
1369 1311 1476 1356 me
1519 1291 1758 1358 carceri
1802 1289 2138 1356 dedissem
2229 1289 2299 1356 N
2300 1311 2373 1356 ee
2411 1287 2603 1375 potui

501 1393 772 1458 nuntios
816 1392 1112 1479 proprios
1155 1393 1424 1460 mittere
1465 1392 1690 1460 vobis³
1731 1415 1851 1481 pro
1896 1393 2217 1480 expensis,
2264 1392 2421 1477 quis.
2464 1411 2597 1456 non

501 1493 702 1560 habui
745 1496 922 1560 unde
966 1495 1318 1561 mitterem.
1413 1495 1506 1560 Et
1543 1496 1748 1561 malui
1790 1495 1975 1576 illud,
2008 1496 2186 1581 quod
2223 1494 2414 1581 potui
2453 1514 2601 1580 pro·

501 1618 744 1676 curare,
804 1619 1061 1684 semper
1119 1619 1360 1686 ponere
1418 1599 1492 1662 in
1553 1598 1823 1686 negotio
1883 1599 2342 1685 promovendo,
2405 1618 2601 1683 quam

499 1699 688 1764 vobis
738 1701 1052 1766 nuntium
1102 1701 1440 1788 proprium
1486 1699 1833 1767 destinare.
1924 1699 2019 1766 Et
2074 1701 2277 1766 etiam
2338 1704 2607 1786 propter

501 1805 788 1867 vestram
861 1804 1301 1868 reverentiam
1376 1803 1636 1868 decrevi
1712 1804 1890 1890 quod
1948 1825 2083 1869 non
2155 1802 2433 1868 facerem
2498 1823 2602 1866 ra-

502 1903 746 1970 tionem
807 1904 890 1970 de
949 1905 1254 1991 expensis
1327 1911 1682 1992 antequam
1757 1907 1983 1993 aliqua
2040 1905 2395 1985 mitterem,
2458 1925 2604 1989 quae

501 2005 692 2072 vobis
762 2005 1112 2094 placerent,
1173 2013 1244 2073 et
1304 2028 1454 2094 quse
1527 2007 1789 2074 oculata.
1804 2007 1831 2046 ⁴
1904 2007 2037 2074 fide
2110 2007 2345 2072 darent
2416 2006 2604 2072 testi-

501 2109 796 2174 monium
847 2130 1300 2196 expensarum.
1422 2107 1702 2196 Propter
1758 2110 1967 2198 igitur
2022 2110 2163 2176 haec
2220 2108 2443 2174 omnia
2499 2129 2602 2174 ae-

501 2209 665 2275 cidit
707 2215 904 2276 tanta
951 2210 1186 2276 dilatio
1244 2211 1318 2275 in
1367 2210 1492 2277 hoe
1541 2212 1829 2299 negotiO,
1876 2211 1959 2277 de
2011 2233 2141 2297 quo
2182 2210 2605 2276 vehementer

501 2311 688 2378 doleo
713 2337 733 2394 3
777 2311 935 2399 quia
961 2333 1098 2378 non
1135 2313 1346 2378 solum
1388 2313 1630 2380 accidit
1657 2317 1897 2380 vestrae
1932 2313 2297 2380 clementiae
2326 2311 2605 2378 taedium

499 2435 622 2502 pro
691 2436 808 2502 spe
867 2415 1090 2492 dilata,
1152 2415 1268 2480 sed
1326 2437 1447 2503 ego
1521 2413 1798 2482 sustuli⁶
1854 2415 2210 2504 multiplex
2268 2415 2600 2495 damnum,

501 2517 670 2582 sieut
697 2516 862 2582 satis
905 2538 992 2582 ex
1035 2517 1367 2604 praedietis
1407 2519 1682 2604 potestis
1726 2519 2033 2605 cogitare,
2064 2522 2135 2586 et
2178 2517 2453 2586 inferius
2490 2539 2603 2583 ex-

501 2618 858 2706 plicabitur
897 2619 1142 2686 certius
1185 2625 1254 2686 et
1295 2619 1552 2707 plenius
1595 2641 1716 2688 suo
1757 2620 1916 2688 loeo.

1395 2974 1556 3041 Cn».
1607 2974 1722 3040 IV.

599 3182 920 3251 Rncmo
972 3191 1198 3252 tamen
1273 3188 1606 3268 mandato,
1655 3188 1943 3275 cogitavi
2018 3190 2373 3277 diligenter
2444 3194 2607 3279 quid

505 3293 726 3374 posset
767 3310 905 3353 esse
947 3294 1214 3376 gratum
1241 3290 1488 3355 vicario
1517 3289 1564 3355 J
1565 3290 1681 3355 esst
1713 3290 2006 3356 Christi:
2054 3293 2255 3357 etiam
2298 3296 2608 3381 praecepti

507 3389 938 3456 consideratio
983 3412 1087 3455 me
1117 3391 1454 3473 arctabat3
1499 3392 1754 3458 utilitas
1795 3392 2038 3458 iterum
2064 3394 2313 3473 mundi,
2346 3415 2461 3481 per
2490 3416 2609 3460 vos

511 3493 935 3579 procuranda,
997 3514 1104 3557 me
1164 3494 1500 3575 excitavit,
1553 3499 1754 3580 atque
1813 3492 2173 3561 vivificatio
2246 3496 2605 3583 sapientiae,

512 3614 664 3679 quae
709 3600 976 3660 mortua
1007 3594 1150 3680 jam
1195 3616 1238 3659 a.
1279 3595 1505 3660 multis
1557 3595 1964 3683 temporibus
1998 3594 2225 3682 jacuit,
2256 3620 2363 3663 me
2413 3598 2608 3666 valde

510 3695 890 3782 instigabat.
985 3696 1078 3760 Et
1139 3695 1286 3762 ideo
1331 3697 1738 3763 consideravi
1790 3698 2197 3787 sapientiam,
2251 3722 2451 3787 quam
2494 3724 2605 3791 pe-

511 3798 708 3876 tistis,
741 3819 879 3864 non
915 3797 1129 3863 solum
1173 3798 1492 3877 absolute,
1527 3800 1642 3866 sed
1688 3800 1883 3887 longe
1926 3801 2141 3890 magis
2167 3804 2375 3871 relate
2417 3806 2607 3894 quin-

512 3920 642 3987 que
683 3900 911 3978 modis,
943 3902 1014 3965 et
1040 3900 1351 3985 quicquid
1391 3902 1580 3987 potui
1623 3902 2029 3969 considerare
2071 3904 2395 3987 decorum,
2425 3908 2609 3989 utile,

511 4007 582 4067 et
631 4001 1070 4089 magnifieum,
1102 4001 1389 4090 cogitavi
1441 4007 1798 4082 annotare3
1842 4006 2162 4093 praecipue
2205 4028 2355 4074 cum
2384 4009 2608 4096 hujus-

513 4103 696 4169 modi
751 4125 888 4170 non
945 4108 1105 4170 sunt
1155 4104 1229 4169 in
1277 4126 1402 4171 usu
1450 4104 1638 4193 vulgi
1689 4106 2121 4190 studentium,
2176 4110 2290 4177 sed
2356 4132 2610 4199 semper

579 4469 860 4520 'm
923 4485 1019 4520 m
1079 4468 1336 4535 pem]
1411 4486 1509 4520 80ss
1673 4460 2263 4529 ’limmJOIllniuubTo

511 4564 760 4614 pensasse,
791 4548 1020 4614 supplied
1041 4548 1172 4599 stom
1203 4548 1290 4600 the
1311 4548 1508 4614 margin
1677 4543 1697 4571 ⁸
1718 4540 1879 4607 vobis]
1918 4556 2015 4593 om.
2035 4540 2096 4593 Τ.
2110 4542 2173 4593 1..

511 4626 568 4676 in
588 4626 668 4688 T„
688 4627 896 4679 omitted
929 4628 986 4677 in
1020 4628 1106 4679 the
1143 4627 1290 4679 other
1326 4628 1508 4692 copies,
1679 4621 1697 4651 ⁴
1718 4619 1939 4686 oculata]
1977 4622 2185 4684 occulta,
2217 4622 2277 4673 L.

509 4704 680 4757 which
699 4707 816 4772 give
836 4706 1100 4759 εοίυἰικείι
1133 4706 1212 4759 for
1231 4706 1503 4759 scivissem.
1679 4700 1699 4731 ⁸
1719 4696 1923 4765 m⁸0⁴5]
1959 4714 2057 4751 0¹¹¹·
2083 4700 2145 4753 Β·
2168 4700 2229 4752 1¹·

2630 3196 2870 3261 Compre-

2628 3264 2833 3315 hens'ive
2853 3278 2943 3314 na-

2629 3336 2741 3379 ture
2761 3331 2822 3379 of
2833 3331 2919 3381 the

2632 3396 2774 3473 work
2795 3410 2873 3447 re-

2630 3463 2819 3526 qun-ed.
