3517 5750
878 860 1011 926 420
1637 878 1896 927 nomm
1939 877 2234 927 mcoms
2797 863 2980 950 [cu.

878 1056 1093 1121 clerici
1170 1056 1270 1121 uti
1332 1056 1589 1143 legibus
1652 1056 1908 1145 patriae,
1983 1061 2146 1122 tunc
2215 1057 2438 1123 minus
2511 1064 2616 1122 est
2674 1057 2986 1123 inconve—

878 1158 1085 1237 niens,
1152 1164 1233 1223 ut
1306 1158 1523 1225 clerici
1590 1160 1858 1247 Angliae
1909 1164 2190 1225 utantur
2261 1160 2520 1247 legibus
2587 1160 2864 1248 Angliae,
2911 1168 2990 1227 et

876 1260 1093 1326 clerici
1140 1260 1433 1329 Franciae
1476 1262 1733 1349 legibus
1795 1260 2111 1342 Francus,
2161 1267 2233 1327 et
2277 1263 2372 1327 sic
2427 1262 2512 1327 de
2553 1262 2719 1339 aliis,
2781 1284 2984 1348 quam

878 1360 1094 1427 clerici
1168 1364 1433 1451 Angliae
1508 1370 1577 1431 et
1668 1362 1968 1429 Franciae
2061 1368 2344 1429 utantur
2415 1363 2674 1451 legibus
2749 1364 2986 1429 Italiae.

882 1466 1299 1552 Quapropter
1386 1466 1681 1532 maxima
1767 1466 2064 1531 confusio
2151 1465 2532 1531 clericorum
2619 1470 2724 1531 est
2807 1465 2988 1551 quod

884 1568 999 1653 huj
1007 1570 1263 1634 usmodi
1336 1570 1924 1635 constitutionibus
2009 1568 2354 1635 laicalibus
2419 1569 2718 1634 subdunt
2803 1568 2986 1633 colla.

544 1670 607 1723 1¹¹
610 1674 753 1723 trodu
754 1674 847 1724 θεὰ
886 1670 1030 1737 Rex
1092 1672 1363 1756 quidam
1407 1672 1673 1758 Angliae
1718 1670 2119 1759 Stephanus,
2163 1671 2388 1735 allatis
2449 1667 2704 1757 legibus
2766 1670 2988 1737 Italiae

546 1740 755 1790 mntoE
722 1756 817 1806 1²·ss

546 1754 671 1855 land

882 1774 955 1837 in
1022 1774 1355 1860 Angliam,
1424 1775 1689 1860 publico
1756 1774 1974 1839 edicto
2035 1772 2393 1861 prohibuit,
2458 1794 2548 1839 ne
2612 1772 2700 1838 ab
2765 1774 2992 1858 aliquo

548 1874 705 1923 under
726 1872 793 1925 K·
883 1876 1341 1943 retinerentur.
1434 1874 1512 1940 Si
1566 1876 1776 1962 igitur
1837 1875 2046 1941 laicus
2103 1874 2406 1963 princeps
2467 1874 2622 1940 183ῢί
2677 1876 2992 1961 ΡῙἪῊἏΡῘΕι

548 1939 801 2003 Stephen,

544 2006 646 2053 and
662 2007 731 2071 by
752 2010 807 2058 hi
792 2024 859 2059 ,m
882 1978 1159 2043 alterius
1232 1977 1407 2064 leges
1478 1982 1835 2064 respueret,
1909 1978 2120 2065 igitur
2207 1978 2420 2043 multo
2491 1978 2702 2065 magis
2773 1978 2990 2042 omnis

546 2072 691 2135 prom
694 2076 743 2125 ⁶¹
748 2078 844 2128 ‘0‘1
882 2081 1155 2147 clericus
1200 2081 1467 2146 deberet
1526 2102 1830 2167 respuere
1873 2080 2049 2167 leges
2108 2080 2436 2146 lascorum.
2525 2080 2724 2145 Addo
2783 2081 2988 2145 etiam

548 2788 815 2840 Mechani·

548 2856 625 2907 cal
650 2857 701 2906 in
726 2871 803 2907 re·

548 2924 747 2973 ference
768 2931 821 2972 to

548 2989 634 3038 the
656 2989 821 3053 philo·

548 3055 709 3120 sophy
729 3057 791 3106 of

552 3121 664 3178 law.
688 3121 793 3172 like

548 3187 616 3236 all
640 3188 783 3238 other

546 3253 632 3318 lay
654 3269 803 3306 occu-

546 3319 757 3384 patiens.

882 2184 1063 2269 quod
1138 2184 1351 2270 magis
1426 2184 1828 2250 concordant
1892 2184 2052 2268 jura
2127 2182 2424 2248 Franciae
2497 2204 2646 2249 cum
2721 2182 2984 2269 Anglia,

882 2292 953 2353 et
1016 2308 1051 2351 e
1114 2307 1442 2365 converso,
1490 2292 1759 2373 propter
1809 2285 2222 2351 vicinitatem
2281 2307 2650 2372 regnorum,
2699 2289 2770 2351 et
2813 2307 2988 2349 com·

883 2389 1395 2455 municationem
1444 2389 1764 2475 majorem
1821 2388 2122 2473 gentium
2165 2387 2460 2465 istarum,
2517 2410 2716 2473 quam
2762 2386 2984 2451 Italiae

882 2498 953 2557 et
1025 2492 1303 2559 illarum.
1442 2492 1661 2578 Igitur
1736 2490 2054 2556 deberent
2127 2490 2340 2577 magis
2413 2490 2632 2556 clerici
2709 2488 2980 2575 Angliae

882 2593 1201 2679 subjicere
1274 2616 1345 2660 sc
1430 2594 1683 2680 legibus
1746 2591 2064 2672 Franciae,
2137 2598 2210 2657 et
2283 2615 2322 2657 e
2389 2614 2716 2671 converso,
2789 2614 2988 2678 quam

882 2697 1137 2783 legibus
1184 2696 1617 2763 Lumbardiae.

974 2797 1105 2862 Sed
1166 2799 1221 2862 si
1288 2799 1595 2863 volumus
1660 2798 1863 2864 altius
1897 2796 2100 2884 juxta
2173 2797 2566 2885 dignitatem
2627 2796 2984 2863 clericalem

884 2902 1221 2988 sapientise
1284 2903 1642 2987 procedere,
1706 2902 2116 2968 inveniemus
2177 2901 2504 2966 veraciter
2565 2902 2741 2987 quod
2803 2902 2986 2967 inde-

885 3003 1331 3070 centissimum
1392 3009 1509 3083 est,
1556 3009 1637 3070 ut
1678 3003 1910 3083 clerici,
1959 3005 2202 3090 quibus
2259 3005 2460 3068 datur
2517 3005 2756 3070 titulus
2813 3005 2988 3092 sapi-

884 3107 1102 3184 entiae,
1180 3111 1417 3171 vacent
1474 3107 1978 3192 professionibus
2027 3105 2200 3193 juris
2262 3105 2494 3172 Italiae.
2585 3106 2766 3170 Nam
2828 3109 2988 3172 scire

882 3208 1195 3274 debemus
1248 3208 1423 3294 quod
1482 3210 1705 3273 omnia
1758 3231 1908 3294 quse
1951 3213 2110 3274 sunt
2154 3209 2227 3273 in
2285 3230 2410 3272 usu
2471 3207 2785 3274 la‘icorum
2831 3215 2990 3274 sunt

882 3311 1257 3376 mechanica
1327 3316 1621 3398 respectu
1702 3310 2174 3397 philosophiae3
2249 3316 2330 3376 ut
2401 3332 2506 3375 ars
2569 3311 2992 3376 aedificatoria

882 3416 985 3479 est
1060 3411 1437 3479 mechanica
1498 3413 1874 3498 geometriae
1949 3419 2020 3477 et
2093 3433 2230 3478 non
2307 3418 2406 3479 est
2479 3433 2630 3498 pars
2701 3411 2986 3498 philoso-

884 3516 1106 3603 phiae3
1168 3521 1237 3582 et
1295 3537 1403 3581 ars
1476 3514 1790 3580 aurifabri
1865 3519 1966 3580 est
2038 3513 2412 3580 mechanica
2469 3520 2767 3601 respectu
2817 3514 2988 3579 alki-

883 3620 1079 3700 miae3
1154 3625 1225 3684 et
1291 3618 1383 3682 sic
1448 3618 1529 3682 de
1596 3615 1901 3681 omnibus
1966 3615 2224 3681 artibus
2290 3637 2438 3702 quae
2501 3623 2659 3682 sunt
2721 3616 2796 3680 in
2859 3639 2988 3681 usu

883 3721 1213 3786 laicorum.
1308 3719 1726 3806 Quapropter
1801 3741 1904 3783 ars
1967 3717 2143 3803 juris
2216 3719 2428 3783 civilis
2499 3717 2810 3784 laicorum
2885 3725 2988 3785 est

884 3821 1259 3886 mechanica
1319 3823 1616 3906 respectu
1674 3819 1848 3905 juris
1915 3818 2126 3886 civilis
2205 3819 2632 3907 philosophiae
2709 3826 2779 3885 et
2849 3843 2984 3886 non

880 3928 984 3986 est
1050 3943 1201 4006 pars
1266 3921 1707 4007 philosophiae.
1833 3921 2007 4002 Quia
2059 3922 2450 3988 Aristoteles
2509 3923 2716 4003 docet,
2777 3923 2990 4009 primo

884 4022 1396 4108 Metaphysicae‚¹
1447 4022 1884 4089 differentiam
1947 4025 2122 4088 inter
2189 4028 2365 4089 artes
2441 4024 2846 4090 mechanicas
2921 4031 2992 4091 et

884 4123 1189 4189 scientias
1280 4123 1724 4211 philosophiae,
1821 4125 2043 4191 dicens
2133 4125 2309 4212 quod
2415 4126 2530 4191 isti
2627 4125 2986 4192 mechanici

883 4231 1238 4312 operantur
1268 4227 1408 4291 sine
1454 4249 1663 4292 causae
1709 4227 2102 4315 cognitione,
2135 4234 2203 4293 et
2246 4227 2502 4293 ratione
2548 4229 2988 4306 examinandi,

884 4329 1056 4395 sicut
1122 4329 1321 4394 bruta
1384 4329 1697 4394 animalia
1758 4337 1830 4395 et
1895 4331 2069 4395 sicut
2121 4329 2506 4412 inanimata,
2569 4330 2758 4396 velut
2815 4331 2992 4418 ignis

884 4432 1228 4510 comburit,
1294 4437 1373 4498 ut
1417 4433 1533 4498 ait.
1628 4431 1806 4496 Nam
1875 4433 2049 4518 ignis
2115 4432 2272 4497 licet
2347 4432 2690 4511 comburit,
2767 4439 2991 4498 tamen

1650 4755 1662 4785 ¹
1688 4753 2071 4822 Metaphym'cae]
2101 4757 2133 4808 i.
2164 4763 2206 4808 l.
