3517 5750
978 899 1110 970 572
1774 911 2129 963 Arranmx
2176 912 2247 962 11.

977 1099 1014 1130 ‘⁴
1057 1091 1274 1158 sciunt
1317 1087 1746 1176 multiplicem
1808 1108 2091 1154 errorem
2166 1093 2236 1152 et
2308 1086 2605 1155 scribunt
2668 1107 2861 1171 super
2942 1086 3089 1165 hoc,

979 1199 1014 1228 “
1059 1191 1230 1258 sicut
1272 1195 1342 1256 et
1399 1189 1775 1268 astronomi,
1839 1209 2117 1275 quorum
2177 1198 2605 1274 utrorumque
2664 1187 2911 1273 scripta
2964 1209 3089 1273 per

980 1300 1014 1328 ‘⁸
1059 1291 1188 1358 Dei
1255 1291 1586 1358 ecclesiam
1651 1289 1928 1379 vulgata
1998 1294 2172 1368 sunt,
2220 1289 2293 1354 in
2368 1291 2607 1378 quibus
2678 1309 2933 1354 errores
3008 1287 3083 1352 hi

977 1399 1014 1430 “
1057 1399 1390 1472 notantur,
1481 1397 1552 1460 et
1624 1393 1708 1458 de
1782 1391 2085 1458 remediis
2170 1390 2371 1457 datur
2458 1389 2817 1457 consilium.
2944 1389 3081 1454 Sed

979 1503 1013 1530 “
1058 1495 1280 1560 nullus
1323 1501 1592 1582 propter
1663 1491 2010 1560 concilium
2084 1494 2389 1580 generale
2446 1514 2645 1558 ausus
2706 1499 2809 1556 est
2864 1491 3080 1556 ficere

979 1605 1014 1632 “
1057 1596 1435 1662 remedium.
1529 1595 1720 1677 Quod
1772 1599 1995 1660 autem
2070 1594 2347 1660 intendo
2398 1595 2505 1660 hic
2552 1600 2653 1660 est
2700 1594 2781 1658 de
2832 1614 3084 1660 correc-

979 1705 1014 1732 “
1059 1699 1242 1764 tione
1279 1697 1634 1764 calendarii
1675 1719 1807 1782 quo
1846 1695 2065 1762 utitur
2094 1695 2419 1774 ecclesia,'’
2462 1701 2582 1762 etc.
2660 1694 3079 1781 Praecipuum

976 1800 1100 1866 hoc
1143 1803 1244 1866 est
1289 1797 1823 1878 emolumentum,
1870 1797 2045 1884 quod
2108 1819 2225 1884 per
2292 1797 2712 1863 astronomiae
2776 1796 3079 1861 studium

977 1905 1312 1988 reportare
1383 1905 1646 1986 poterat
1719 1898 2033 1979 ecclesia3
2124 1903 2195 1964 et
2257 1899 2433 1985 quod
2496 1919 2630 1964 non
2694 1897 2909 1975 semel,
2960 1898 3080 1963 sed

977 2001 1212 2068 millies
1255 2004 1662 2089 suggesserat
1725 1999 1915 2066 Bacc.
2010 1999 2271 2065 Infiniti
2344 2022 2545 2088 prope
2619 2021 2918 2076 essemus,
3000 2000 3076 2078 si,

977 2126 1125 2190 quae
1169 2103 1280 2168 ille
1337 2123 1456 2191 pro
1499 2101 1919 2169 astronomioe
1978 2101 2320 2190 dignitate,
2376 2101 2687 2178 utilitate,
2736 2122 2811 2166 ac
2856 2121 3077 2165 necae-

975 2205 1176 2270 sitate
1250 2204 1620 2291 disputavit
1691 2203 1885 2282 Baco,
1932 2203 2237 2290 prosequi
2296 2201 2625 2267 vellemus,
2719 2199 2853 2266 Sed
2917 2223 3074 2265 con-

974 2307 1146 2372 tenti
1189 2327 1415 2371 sumus
1473 2305 1556 2370 iis
1607 2326 1756 2391 quae
1808 2303 2128 2370 hactenus
2170 2305 2736 2390 transcripsimus3
2798 2324 3077 2389 quaeque

978 2429 1096 2474 nos
1145 2407 1418 2495 perinde
1477 2427 1555 2472 ac
1603 2405 1930 2472 Baconem
1979 2406 2055 2470 in
2102 2409 2251 2472 tuto
2296 2427 2431 2472 non
2474 2405 2687 2470 solum
2738 2403 3071 2482 collocant,

975 2510 1090 2576 sed
1131 2509 1337 2576 etiam
1381 2529 1716 2575 censorem
1761 2507 2181 2574 convincunt.

1063 2609 1221 2676 Jam
1297 2609 1456 2696 quid
1529 2615 1813 2696 utroque
1888 2609 1969 2674 de
2018 2606 2510 2674 ‘Mirandum-no
2586 2605 2843 2673 Comite
2916 2605 3072 2672 Pico

975 2713 1310 2778 dicemus?
1443 2710 1648 2778 Salva
1709 2733 1935 2778 eorum
2008 2707 2377 2776 reverentia
2450 2708 2829 2786 dixerimus,
2902 2708 3075 2774 nihil

975 2815 1124 2881 illos
1169 2814 1256 2879 ad
1299 2813 1604 2881 veritatis
1645 2811 1873 2881 limam
1934 2811 2279 2900 scripsisse.
2370 2810 2595 2879 Gerrae
2646 2815 2817 2889 sunt,
2863 2833 3071 2891 vooes‚

975 2914 1445 2981 contumeliosa
1487 2915 1708 2993 verba,
1755 2936 1905 3001 quae
1948 2915 2085 2979 suis
2128 2914 2201 2978 in
2246 2912 2803 3001 disputationibus
2842 2919 3069 2979 contra

975 3018 1300 3083 Baconem
1373 3014 1548 3081 malo
1621 3018 1843 3101 potius
1916 3016 2114 3103 genio
2201 3038 2402 3102 quam
2476 3015 2784 3081 veritatis
2852 3037 3069 3083 amore

975 3118 1158 3183 ducti
1203 3117 1508 3183 fecerunt.
1599 3116 1793 3183 Nihil
1838 3116 2017 3184 enim
2064 3138 2287 3185 eorum
2344 3117 2419 3187 in
2462 3117 2701 3203 quibus
2745 3118 3067 3183 Baconem

973 3218 1316 3307 inculpant
1361 3223 1676 3285 consonat
1705 3240 1855 3285 cum
1886 3220 2144 3307 scriptis
2174 3219 2233 3305 ej
2241 3218 2481 3285 usdem.
2574 3218 3067 3306 superstitionis

975 3323 1330 3389 acerrimus
1403 3342 1552 3387 osor
1641 3320 1773 3385 fuit
1848 3320 2041 3400 Baco,
2118 3344 2193 3386 ac
2266 3320 2413 3386 illos
2484 3320 2885 3407 improbavit
2954 3322 3066 3407 qui

975 3424 1397 3511 astrologiam
1443 3422 1861 3516 divinantem
1918 3422 1993 3487 in
2053 3422 2300 3489 deliciis
2342 3422 2606 3489 habent.
2700 3423 2865 3504 Quae
2906 3424 3069 3489 adeo

975 3550 1133 3593 vera
1195 3530 1366 3603 sunt,
1433 3531 1514 3591 ut
1568 3524 1624 3589 si
1686 3523 2169 3611 praeclarissimi
2230 3524 2329 3589 illi
2374 3524 2669 3590 homines
2730 3525 3067 3591 nobiscum

973 3628 1294 3707 viverent,
1339 3632 1765 3711 nostramque
1826 3626 2103 3691 Baconis
2164 3626 2525 3693 editionem
2584 3648 2722 3713 prae
2766 3628 3069 3693 manibus

973 3729 1308 3807 haberent,
1405 3749 1541 3794 non
1631 3726 1911 3793 dubium
2000 3728 2164 3813 quin
2238 3749 2463 3795 eorum
2568 3749 2716 3814 quae
2807 3730 3073 3797 incaute

973 3830 1381 3916 scripsissent
1425 3828 1832 3916 palinodiam
1876 3834 2200 3895 canerent.
2320 3828 2537 3895 Nemo
2580 3852 2777 3917 porro
2820 3832 2912 3896 sit
2952 3833 3083 3917 qui.

971 3930 1315 4015 utriusque
1405 3930 1544 3995 Pici
1633 3930 2149 3997 confutationem
2238 3937 2593 4017 expectet3
2664 3954 2821 3997 nam
2896 3934 3077 4020 quod

971 4033 1262 4121 pertinet
1350 4031 1437 4096 ad
1525 4052 1751 4097 eorum
1842 4032 2240 4113 testimonia,
2332 4033 2471 4099 haec
2534 4034 2675 4120 jam
2763 4035 2857 4099 in'
2926 4058 3077 4122 pro-

970 4136 1118 4223 logo
1175 4138 1402 4199 nostro
1461 4132 2011 4221 transcripsimus,
2082 4140 2161 4199 ut
2227 4136 2629 4221 superfluum
2696 4134 2786 4201 sit
2846 4142 3073 4203 actum

971 4259 1180 4325 agere.
1273 4236 1498 4301 Minus
1571 4234 1689 4303 illa
1761 4236 2222 4315 confutamus3
2274 4258 2432 4303 nam
2504 4242 2585 4301 ut
2658 4235 2911 4303 falsitas
2982 4242 3075 4305 ad

969 4340 1340 4407 contuitum
1385 4336 1690 4404 veritatis
1749 4359 2039 4424 praeceps
2098 4338 2357 4416 corruit,
2406 4338 2497 4404 sic
2544 4340 2885 4425 utriusque
2931 4340 3073 4406 Pici

971 4442 1242 4508 dicteria
1329 4462 1444 4525 per
1533 4460 1610 4504 ea
1697 4460 1847 4523 quae
1920 4461 2005 4505 ex
2095 4439 2355 4506 Bacone
2430 4440 2883 4523 delibavimus,
2974 4444 3079 4509 ita

971 4546 1388 4620 evanescunt,
1435 4545 1514 4605 ut
1559 4541 1634 4604 in
1675 4539 1933 4607 fumum
1978 4541 2235 4607 abeant.
2324 4542 2419 4607 Et
2478 4564 2565 4608 ne
2626 4544 2835 4630 gratis
2896 4544 2967 4609 id
3028 4570 3075 4612 a

973 4645 1160 4711 nobis
1231 4642 1484 4709 dietum
1551 4640 1879 4718 videatur,
1942 4644 2251 4721 conferat,
2318 4644 2434 4729 qui
2499 4644 2695 4723 volet,
2760 4650 3075 4734 utrosque

973 4746 1158 4813 Picos
1203 4767 1348 4812 cum
1401 4744 1680 4811 Bacone.
1772 4738 1953 4811 Hinc
1998 4766 2226 4811 ansam
2272 4746 2591 4813 sumimus
2632 4751 2714 4812 ut
2758 4748 3076 4815 miremur
