3517 5750
584 824 687 911 11.]
1263 842 1721 893 com‘mtmmt
1767 840 2014 891 srunu.
2555 830 2687 901 407

582 1024 946 1087 excaecatur
1029 1018 1312 1103 penitus,
1388 1018 1487 1083 ita
1560 1017 1736 1103 quod
1811 1016 1978 1081 nihil
2051 1016 2394 1102 sapientiae
2469 1022 2686 1103 potest

584 1121 825 1200 videre,
894 1121 1009 1186 sed
1073 1120 1364 1187 aestimat
1430 1120 1793 1187 stultitiam
1862 1140 2000 1185 esse
2065 1117 2470 1205 sapientiam.
2562 1119 2694 1185 Vo-

580 1224 803 1291 luntas
848 1224 1248 1310 depravatur
1289 1228 1369 1289 ut
1412 1222 1578 1288 velit
1639 1227 1711 1287 et
1756 1220 1997 1308 diligat
2055 1242 2338 1288 errorem
2383 1221 2690 1289 stultitiae

581 1332 651 1391 et
696 1326 879 1391 odiat
922 1326 1336 1411 sapientiam.
1430 1323 1791 1391 Irascibilis
1821 1327 2182 1389 enervatur
2210 1328 2291 1389 ut
2317 1343 2454 1390 non
2483 1325 2692 1411 possit

582 1429 835 1515 operari
898 1428 1257 1495 secundum
1320 1426 1733 1513 sapientiam,
1782 1426 1898 1493 sed
1965 1426 2252 1493 declinat
2309 1426 2384 1493 in
2429 1448 2688 1493 omnem

579 1530 955 1609 stultitiam,
1016 1530 1115 1599 ita
1180 1530 1357 1616 quod
1419 1529 1549 1595 nisi
1611 1533 1784 1597 esset
1845 1528 2287 1595 misericordia
2350 1529 2479 1596 Dei
2542 1552 2689 1616 quae

580 1633 848 1719 mitigat
891 1634 1009 1698 has
1054 1632 1502 1719 corruptiones
1547 1632 1621 1697 in
1666 1632 1790 1697 hac
1833 1631 1995 1711 vita,
2034 1632 2206 1699 sicut
2248 1631 2464 1718 placet
2509 1633 2585 1710 ei,
2620 1638 2690 1699 et

581 1737 845 1821 quando
886 1735 1117 1822 placet,
1164 1739 1235 1801 et
1278 1735 1349 1799 in
1409 1735 1665 1821 quibus,
1710 1738 1928 1801 essent
1987 1735 2252 1801 omnino
2312 1735 2686 1821 adimpletae

579 1836 1002 1905 infer-naliter.
1125 1837 1300 1917 Quia
1370 1836 1818 1903 misericordia
1891 1836 2020 1903 Dei
2095 1841 2213 1914 est,
2285 1838 2462 1922 quod
2550 1858 2684 1904 non

578 1960 801 2005 sumus
832 1940 1203 2027 consumpti
1239 1940 1314 2005 in
1352 1939 1624 2020 inferno,
1657 1943 2005 2026 postquam
2047 1940 2274 2005 taliter
2313 1961 2684 2026 peccamus3

578 2063 655 2108 eo
700 2042 877 2127 quod
911 2043 1099 2129 justa
1141 2063 1339 2129 poena
1382 2062 1500 2129 pro
1530 2046 1797 2129 peccato
1841 2062 1979 2109 non
2023 2046 2124 2107 est
2167 2042 2298 2107 nisi
2343 2040 2684 2108 damnatio

578 2142 927 2209 infernalis,
1020 2144 1299 2225 Quando
1338 2145 1547 2229 igitur
1586 2143 1868 2229 quilibet
1912 2165 1954 2209 a
1988 2143 2347 2229 juventute
2391 2144 2569 2209 cadit
2611 2144 2686 2209 in

578 2247 792 2313 multa
834 2252 1099 2334 peccata
1138 2248 1466 2328 mortalia,
1510 2247 1951 2332 corrumpitur
2017 2246 2156 2333 ejus
2219 2246 2444 2311 anima
2507 2268 2686 2313 nova

579 2350 997 2435 corruptione
1064 2354 1303 2437 praeter
1365 2349 1551 2415 illam
1626 2370 1826 2434 quam
1900 2348 2140 2415 habuit
2217 2370 2303 2415 ex
2373 2348 2682 2435 originali

576 2457 843 2538 peccato
870 2476 888 2532 ;
962 2457 1031 2517 et
1090 2452 1183 2518 sic
1224 2452 1429 2517 habet
1472 2452 1547 2517 in
1591 2472 1659 2517 se
1705 2472 1934 2517 causas
1978 2452 2406 2518 multimodas
2456 2451 2682 2539 depra-

577 2554 865 2619 vationis
908 2554 1209 2633 infinitae,
1256 2559 1337 2620 ut
1395 2555 1621 2621 lumen
1684 2553 2028 2641 sapientise
2087 2576 2224 2621 non
2274 2554 2519 2634 videat,
2565 2575 2684 2621 nec

576 2656 743 2722 velit
784 2656 1029 2736 videre,
1073 2678 1195 2723 nec
1238 2656 1445 2742 possit
1488 2656 1617 2721 nisi
1660 2678 1780 2744 per
1827 2657 2114 2743 gratiam
2160 2656 2306 2738 Dei,
2355 2678 2504 2742 quoe
2547 2678 2682 2723 non

579 2758 777 2826 datur
850 2758 1141 2836 cuilibet,
1218 2759 1333 2825 sed
1406 2758 1767 2833 secundum
1869 2758 2115 2827 divinae
2198 2758 2682 2846 beneplacitum

578 2862 959 2929 voluntatis.
1052 2860 1145 2928 Et
1188 2866 1460 2949 propter
1488 2862 1613 2928 hoc
1642 2862 1808 2929 dicit
1855 2858 2240 2950 Scriptura,¹
2292 2870 2330 2900 “
2352 2862 2439 2928 In
2481 2862 2684 2932 male-

578 2971 617 3002 “
660 2965 881 3030 volam
925 2965 1217 3030 animam
1261 2986 1397 3031 non
1442 2964 1754 3030 introibit
1799 2964 2141 3052 sapientia,
2185 2986 2306 3032 nec
2349 2965 2682 3032 habitabit

578 3073 613 3104 “
659 3067 731 3132 in
776 3089 1041 3154 corpore
1083 3067 1353 3134 subdito
1398 3065 1735 3154 peccatis?
1817 3066 1886 3134 N
1889 3089 1962 3134 ee
1990 3071 2257 3134 tantum
2287 3067 2410 3134 hoc
2437 3067 2682 3134 intelli-

572 3171 863 3258 gendum
922 3174 1025 3236 est
1086 3169 1170 3236 de
1230 3169 1557 3256 sapientia
1622 3169 1870 3250 divina,
1939 3169 2056 3236 sed
2121 3169 2206 3236 de
2273 3191 2676 3257 quacunque.

577 3273 905 3353 Quoniam
950 3271 1223 3359 Algazel
1240 3271 1267 3308 ²
1312 3272 1477 3338 dicit
1518 3272 1591 3336 in
1638 3271 1880 3358 Logica
1943 3271 2122 3358 quod
2187 3273 2412 3338 anima
2456 3273 2682 3340 detur·

576 3383 735 3465 pata
777 3378 1059 3465 peccatis
1104 3383 1205 3444 est
1248 3377 1421 3444 sicut
1464 3378 1800 3464 speculum
1849 3378 2304 3464 rubiginosum
2363 3383 2436 3444 et
2485 3383 2680 3444 vetus

576 3486 648 3546 et
714 3481 1146 3561 immundum,
1194 3481 1269 3544 in
1333 3502 1464 3566 quo
1530 3501 1667 3545 non
1732 3484 2010 3566 possunt
2075 3501 2296 3546 rerum
2357 3480 2679 3566 imagines

574 3604 904 3670 apparere,
964 3587 1036 3650 et
1096 3583 1241 3648 ideo
1306 3603 1429 3648 nec
1486 3583 1560 3647 in
1617 3583 1844 3648 anima
1902 3581 2024 3647 tali
2086 3587 2309 3668 potest
2367 3583 2514 3648 fieri
2557 3583 2680 3648 im-

576 3685 823 3772 pressio
886 3684 1340 3772 cujuscunque.
1479 3685 1572 3750 Et
1654 3683 1846 3750 addit
1913 3684 2089 3770 quod
2156 3685 2384 3750 anima
2444 3689 2679 3750 ornata

574 3788 827 3853 virtute
872 3793 975 3853 est
1025 3788 1197 3854 sicut
1248 3787 1580 3874 speculum
1636 3787 1958 3853 mundum
2003 3791 2074 3853 et
2115 3809 2380 3866 novum,
2428 3787 2502 3852 in
2549 3809 2680 3875 quo

575 3891 817 3977 species
858 3911 1079 3956 rerum
1132 3890 1381 3976 optime
1444 3895 1779 3977 apparent.
1873 3890 2072 3957 Unde
2133 3890 2208 3955 in
2273 3889 2400 3956 tali
2455 3891 2680 3958 anima

572 3993 790 4080 fulgor
834 3992 1177 4080 sapientiae
1218 3992 1579 4074 relucescit,
1610 3997 1880 4080 propter
1923 3994 2100 4080 quod
2147 3993 2447 4062 Socrates
2488 4001 2679 4083 pater

574 4095 1125 4182 philosophorum,
1172 4116 1323 4162 eum
1390 4101 1794 4180 quaereretur
1859 4096 1946 4162 ab
1992 4119 2085 4180 ec,
2139 4119 2339 4182 quare
2381 4120 2517 4163 non
2561 4119 2677 4162 vo-

571 4195 701 4264 luit
742 4197 817 4262 in
860 4197 1203 4283 primitivo
1268 4201 1563 4282 tempore
1624 4197 1890 4264 studere
1931 4198 2008 4264 in
2049 4199 2342 4265 scientiis
2387 4199 2678 4286 specula-

574 4299 753 4380 tivis,
799 4299 916 4364 sed
958 4304 1226 4366 tantum
1270 4298 1345 4364 in
1388 4299 1761 4382 moralibus,
1791 4299 1890 4366 ait
1933 4321 2004 4366 se
2047 4321 2182 4367 non
2224 4323 2410 4388 posse
2452 4302 2678 4369 lumen

574 4401 918 4489 sapientise
980 4402 1327 4490 percipere,
1402 4401 1533 4468 nisi
1606 4401 1834 4467 anima
1899 4401 2040 4488 ejus
2109 4402 2342 4470 finisset
2413 4403 2680 4470 exculta

646 4733 663 4767 ¹
689 4731 979 4803 Scriptura]
1007 4733 1121 4800 Sap.
1142 4733 1176 4785 i.
1202 4741 1248 4787 4.
1607 4732 1619 4803 Ι
1744 4733 1764 4766 ⁸
1784 4731 2012 4804 Alqazel]
2039 4749 2145 4802 cap.
2168 4735 2222 4787 iis
