3517 5750
799 821 888 896 ‘76
1545 835 1803 888 noenu
1850 833 2140 888 mooms
2719 821 2896 908 [cn.

795 1012 1102 1079 omnibus
1143 1011 1238 1079 sie
1278 1011 1388 1092 sit,
1435 1011 1564 1078 erit
1614 1011 1715 1078 ita
1761 1031 1807 1076 a
1854 1015 2044 1098 parte
2102 1007 2343 1076 animae
2404 1014 2474 1076 et
2533 1009 2607 1074 in
2644 1003 2897 1096 'opera-

795 1115 978 1182 tione
1021 1113 1452 1203 intelligendi.
1545 1113 1747 1180 Unde
1796 1117 2059 1200 oportet
2110 1112 2291 1198 quod
2338 1112 2565 1178 anima
2604 1111 2898 1178 humana

795 1217 888 1282 sit
957 1221 1120 1283 nata
1190 1216 1478 1305 recipere
1533 1209 2055 1281 illuminationes
2112 1216 2201 1281 ab
2259 1219 2517 1303 agente,
2586 1220 2655 1280 et
2716 1211 2896 1300 quod

797 1319 1063 1406 aliquod
1119 1339 1322 1406 agens
1386 1317 1461 1384 in
1533 1316 1827 1382 animam
1892 1316 2302 1398 concedatur,
2350 1316 2467 1403 qui
2526 1311 2893 1381 illuminet¹

795 1442 942 1486 eam
999 1442 1120 1509 per
1191 1420 1524 1507 quoddam
1581 1419 1808 1485 lumen
1864 1417 2227 1506 spirituale,
2296 1418 2471 1484 sicut
2542 1417 2663 1483 lux
2740 1417 2895 1483 solis

796 1524 1030 1590 visum.
1123 1521 1290 1590 Haee
1323 1527 1424 1589 est
1462 1521 1748 1588 intentio
1793 1517 2174 1588 Aristotelis
2212 1521 2286 1586 in
2330 1521 2545 1609 prima
2586 1525 2778 1608 parte
2822 1524 2895 1586 et

795 1624 868 1692 in
943 1623 1266 1713 principio
1333 1623 1623 1712 eapituli.
1733 1623 1868 1690 Sed
1940 1623 2038 1689 ibi
2112 1623 2510 1691 translatum
2584 1621 2689 1688 eet
2758 1621 2893 1688 sie:

799 1735 837 1764 ‘⁶
883 1725 1212 1809 Quoniam
1270 1731 1496 1794 autem
1554 1727 1628 1792 in
1687 1726 1869 1792 omni
1927 1730 2171 1792 natura
2228 1731 2331 1792 est
2388 1723 2644 1811 aliquid
2718 1723 2896 1810 quod

799 1837 837 1866 “
879 1835 1052 1918 agat,
1101 1834 1172 1896 et
1213 1828 1466 1917 aliquid
1514 1827 1691 1915 quod
1741 1827 2057 1916 patiatur,
2110 1829 2209 1894 ita
2258 1827 2388 1894 erit
2445 1825 2522 1892 in
2574 1824 2855 1891 anima?
2870 1822 2899 1862 ²

797 1931 906 1998 Ex
961 1933 1084 2000 hoe
1141 1931 1539 2000 concludunt
1599 1929 1777 2018 quod
1835 1951 2037 2018 agens
2096 1935 2166 1997 et
2239 1929 2499 2018 patiens
2563 1933 2762 1994 erunt
2818 1927 2895 1993 in

794 2034 1034 2114 anima,
1081 2040 1151 2101 et
1187 2033 1366 2121 quod
1411 2034 1550 2100 sint
1594 2032 1745 2100 duae
1790 2037 2014 2120 partes
2058 2033 2341 2115 animae3
2405 2031 2583 2119 quod
2629 2035 2733 2096 est
2770 2029 2895 2096 im-

793 2135 1104 2224 possibile
1145 2141 1218 2204 et
1263 2139 1492 2204 eontra
1536 2135 1967 2202 Aristotelem
2014 2131 2281 2201 ibidem.
2370 2134 2552 2200 Nam
2596 2132 2897 2220 exempla

797 2240 1132 2306 declarant
1189 2238 1368 2326 quod
1418 2259 1554 2304 non
1599 2237 1752 2305 vult
1804 2237 2017 2304 dieere
2065 2236 2198 2303 nisi
2250 2236 2431 2324 quod
2496 2234 2627 2302 duo
2678 2234 2901 2322 requi-

797 2345 1040 2408 runtur
1089 2342 1177 2408 ad
1215 2341 1663 2428 operationem
1709 2339 1969 2418 animae,
2016 2336 2189 2406 sicut
2234 2339 2322 2405 ad
2368 2359 2630 2405 omnem
2676 2357 2899 2425 opera-

796 2443 1048 2510 tionem
1106 2449 1366 2510 naturae
1411 2448 1481 2510 et
1532 2443 1711 2509 artis.
1805 2441 2007 2509 Unde
2047 2440 2225 2528 quod
2270 2440 2516 2508 dieit“
2536 2441 2631 2506 sic
2680 2444 2785 2507 est
2826 2439 2898 2505 in

819 2543 1164 2624 ‘anima,”
1223 2544 1516 2612 intendit
1581 2544 1758 2633 quod
1802 2543 1895 2610 sie
1939 2549 2043 2610 est
2086 2543 2163 2610 in
2214 2542 2593 2630 operatione
2636 2541 2895 2619 animae,

797 2647 1152 2715 seeundum
1191 2647 1370 2735 quod
1413 2646 1854 2735 exemplificat
1898 2645 2188 2723 dieens,‘
2191 2651 2307 2712 ‘ut
2342 2645 2589 2712 artifex
2632 2645 2721 2710 ad
2762 2665 2899 2710 ma-

801 2750 1136 2828 “teriam,
1191 2754 1264 2818 et
1329 2749 1452 2816 lux
1499 2749 1588 2817 ad
1653 2749 1917 2816 eolores.
1918 2746 1957 2774 ”
2034 2745 2232 2816 Certe
2302 2752 2721 2836 carpentator
2794 2752 2899 2814 est

801 2858 994 2921 extra
1031 2853 1382 2921 materiam
1411 2851 1773 2921 seeundum
1802 2871 1995 2919 suam
2033 2850 2403 2933 essentiam,
2434 2854 2504 2917 et·
2532 2871 2667 2918 non
2694 2855 2853 2917 sunt
2874 2847 2901 2889 ³

801 2954 1045 3023 artifex
1113 2959 1185 3022 et
1241 2956 1526 3023 materia
1573 2960 1799 3043 partes
1850 2952 2171 3042 ejusdem⁴
2222 2954 2336 3032 rei,
2390 2976 2512 3020 nee
2568 2952 2691 3019 lux
2750 2952 2904 3019 solis

803 3062 876 3127 et
931 3058 1108 3125 eolor
1153 3078 1352 3145 quem
1399 3056 1752 3125 illuminat.
1899 3056 1992 3124 Et
2039 3060 2362 3144 praeterea
2418 3078 2647 3124 versus
2704 3056 2904 3121 finem

803 3158 1080 3250 capituli
1142 3160 1334 3227 doeet
1391 3160 1572 3247 quod
1631 3158 2009 3226 intellectus
2067 3180 2271 3247 agens
2316 3164 2419 3225 est
2470 3164 2809 3248 separatus
2864 3179 2909 3223 a

803 3261 1097 3352 possibili
1141 3260 1500 3331 seeundum
1552 3260 1999 3329 substantiam
2050 3266 2123 3327 et
2172 3261 2529 3328 seeundum
2578 3281 2733 3340 esse,
2796 3265 2865 3326 et
2878 3256 2911 3297 ⁶

802 3366 983 3454 quod
1027 3365 1250 3432 anima
1301 3365 1443 3445 seit,
1497 3368 1570 3433 et
1612 3385 1871 3451 semper
1912 3360 2053 3429 est⁶
2110 3362 2185 3429 in
2222 3367 2420 3444 aetu3
2465 3367 2536 3428 et
2590 3360 2714 3427 hoe
2768 3382 2907 3429 non

801 3473 904 3535 est
957 3472 1274 3549 ereatura,
1323 3468 1436 3535 sed
1491 3469 1670 3535 solus
1718 3465 1920 3533 Deus.
2011 3462 2105 3532 Et
2149 3465 2274 3531 hoc
2322 3486 2441 3553 per
2478 3464 2907 3542 Avioennam,

802 3575 872 3637 et
918 3569 1419 3659 Alpharabium,
1467 3574 1538 3639 et
1591 3568 1839 3637 multas
1895 3567 2183 3634 rationes
2233 3568 2459 3655 probo,
2512 3566 2751 3654 quibus
2806 3588 2907 3632 re-

805 3670 1110 3759 sponderi
1168 3694 1304 3739 non
1361 3673 1596 3760 potest.
1688 3670 1784 3737 Et
1836 3668 2004 3751 ideo,
2050 3670 2205 3736 lieet
2237 3668 2585 3735 translatio
2633 3667 2732 3734 ibi
2775 3690 2910 3736 non

803 3772 895 3840 sit
944 3774 1044 3839 ita
1090 3772 1290 3861 plana
1339 3775 1512 3841 sieut
1561 3794 1823 3842 neeesse
1874 3775 2062 3851 esset,
2116 3776 2343 3839 tamen
2394 3775 2581 3859 patet
2624 3792 2742 3860 per
2793 3792 2906 3838 ex-

871 4120 887 4152 ¹
912 4118 1165 4187 illuminet]
1199 4116 1466 4181 illuminat,
1497 4116 1563 4168 B.
1909 4114 1963 4164 ἐν
1982 4115 2048 4181 τῇ
2068 4116 2203 4179 ψυχῇ·
2232 4112 2459 4179 ὑπάρχειν
2478 4112 2657 4165 ταύτας
2687 4114 2775 4165 τὰς
2802 4116 2909 4173 ,δαι-

871 4195 1811 4264 ⁸inanbmJThefollovingi⁸the
1908 4192 2736 4262 eopdx.—DeA11..ima‚iii.5§1

803 4292 1012 4345 passage
1037 4284 1096 4329 to
1115 4276 1286 4329 which
1301 4276 1476 4328 Baeon
1511 4275 1810 4342 apparently
1973 4274 2153 4341 ‘euno
2197 4288 2297 4325 om.
2317 4274 2380 4327 Τ.
2446 4273 2598 4339 Quod
2634 4272 2915 4327 intellectus

803 4352 1809 4421 τείπυἜι-αὶδὸπερὲνὰτόσῃηῖ
1909 4366 2062 4418 agens
2142 4352 2210 4405 sit
2290 4353 2432 4406 Dens
2517 4354 2603 4406 vel
2664 4353 2913 4421 Angelus,

805 4436 948 4501 φύσει
994 4434 1102 4486 ἐστί
1142 4452 1210 4496 τι,
1253 4433 1312 4483 τὸ
1351 4432 1441 4494 μὲν
1482 4432 1576 4491 ὕλη
1619 4431 1809 4496 ἑκάστῳ
1907 4432 2086 4523 probat
2158 4447 2249 4498 per
2300 4440 2460 4486 totam
2528 4432 2913 4501 pagina-T

803 4516 949 4578 γένει·
1006 4516 1151 4564 τοῦτο
1187 4512 1240 4563 δὲ
1289 4512 1366 4562 ὅτι
1405 4509 1576 4573 πάντα,
1620 4509 1809 4572 δυνάμει
1906 4510 1961 4561 in
1974 4524 2139 4622 ‘lum-g.

805 4594 986 4643 ἐκεῖνα·
1018 4590 1182 4657 ἕτερον
1218 4588 1271 4639 δὲ
1291 4590 1351 4641 τὸ
1383 4590 1534 4639 αἴτιον
1564 4587 1644 4639 καὶ
1674 4606 1811 4649 roan·
1974 4589 2245 4658 ‘ejusden-J
2282 4590 2405 4657 qius,
2438 4590 2501 4643 Β.

807 4669 941 4721 ταὼν
971 4671 1042 4733 τῷ
1071 4670 1224 4720 ποιεῖν
1253 4668 1428 4735 πάντα,
1459 4666 1558 4719 otor
1590 4667 1624 4728 ἡ
1654 4666 1808 4733 τέχνη
1973 4671 1995 4701 ⁸
2012 4668 2087 4736 et]
2118 4684 2219 4721 om.
2251 4670 2313 4721 Β.

805 4746 920 4812 πρὸς
948 4746 1042 4809 τὴν
1073 4748 1194 4809 ὕλην
1224 4746 1470 4811 πέπονθεν,
1500 4746 1687 4812 ἀνάγκη
1732 4745 1811 4798 καὶ
1973 4748 1994 4779 ⁸
2013 4746 2113 4815 est]
2150 4756 2200 4801 et
2232 4747 2295 4802 T.
