3517 5750
587 827 712 917 m]
1259 851 1720 906 coMPsNDmM
1765 858 1967 908 smum
1976 860 2013 906 1.
2551 849 2676 912 501

585 1043 822 1090 novem
881 1024 1108 1093 literas
1167 1027 1563 1109 differentes,
1615 1031 1863 1097 scilicet
1904 1051 1968 1111 a,
2018 1030 2073 1113 b,
2122 1054 2172 1112 c,
2220 1032 2288 1109 cl,
2334 1054 2385 1110 e,
2417 1032 2480 1118 f,
2522 1054 2587 1118 9,
2647 1033 2683 1098 ’ἱ

581 1126 876 1192 vocalem
919 1131 992 1195 et
1021 1127 1062 1214 j
1102 1137 1586 1212 consonantem,
1635 1132 1679 1212 l,
1709 1155 1801 1213 m,
1832 1155 1903 1213 π,
1937 1154 1993 1213 0,
2032 1155 2105 1220 p,
2136 1155 2196 1220 q,
2242 1155 2300 1211 r,
2346 1157 2395 1212 s,
2430 1141 2471 1212 t,
2520 1155 2591 1212 u,
2622 1155 2683 1199 x.

584 1227 677 1292 Et
736 1228 950 1296 Graeci
1011 1230 1264 1304 habent
1325 1234 1696 1314 octodecim,
1757 1235 2021 1314 scilicet,
2090 1235 2319 1324 alpha,
2353 1281 2357 1284 -
2388 1235 2553 1314 vita,
2618 1241 2687 1302 et

580 1351 879 1416 yammna,
927 1331 1124 1413 delta,
1157 1333 1218 1420 f.
1261 1334 1420 1415 zita,
1474 1335 1636 1415 iota,
1697 1336 1945 1424 kappa,
1995 1337 2216 1416 labda,
2263 1337 2385 1416 mi,
2434 1337 2537 1416 ni,
2585 1337 2680 1416 mi,

582 1431 906 1512 omicron,
953 1455 1048 1513 ro,
1095 1434 1296 1516 sim,
1335 1436 1473 1522 psi.
1567 1438 1740 1505 Aliae
1786 1460 1943 1504 vero
1996 1461 2145 1526 quae
2188 1440 2505 1506 videntur
2548 1460 2685 1504 esse

580 1535 800 1622 plures
841 1536 1020 1623 apud
1054 1537 1334 1618 Graecos
1367 1538 1685 1606 differunt
1727 1540 2222 1608 accidentaliter
2266 1545 2337 1608 et
2380 1539 2687 1606 similiter

581 1639 759 1723 apud
805 1638 1094 1720 Latinos,
1141 1645 1222 1707 ut
1289 1641 1546 1706 dictum
1605 1647 1724 1708 est.
1844 1643 1927 1708 H
1966 1665 2099 1708 non
2161 1649 2261 1708 est
2312 1643 2523 1722 litera,
2570 1642 2684 1708 sed

582 1740 1000 1826 aspirationis
1041 1746 1218 1808 nota.
1317 1743 1422 1808 De
1467 1741 1502 1808 i
1546 1765 1703 1810 vero
1746 1747 1819 1810 et
1860 1765 1903 1810 v
1942 1746 2455 1812 consonantibus
2498 1748 2686 1830 patet

581 1843 760 1928 quod
833 1848 992 1909 sunt
1035 1844 1246 1912 literae
1289 1845 1566 1912 diversae
1611 1847 1684 1911 in
1715 1867 1877 1912 sono
1922 1847 2009 1913 ab
2052 1869 2095 1913 v
2138 1852 2210 1914 et
2252 1846 2289 1912 v:
2332 1846 2682 1913 vocalibus

583 1944 758 2009 Nam
803 1946 1048 2011 vocalis
1109 1952 1180 2012 et
1241 1968 1602 2013 consonans
1673 1947 1927 2014 habent
2001 1949 2453 2015 diversitatem
2519 1947 2681 2023 soni,

582 2050 652 2113 et
709 2047 860 2114 ideo
904 2071 1040 2115 non
1085 2053 1186 2116 est
1228 2049 1552 2116 instantia
1603 2050 1678 2115 in
1720 2050 2069 2138 praedictis.
2162 2050 2683 2118 Consonantium

582 2151 882 2234 quaedam
931 2151 1248 2218 dicuntur
1289 2151 1756 2230 semivocales3
1816 2154 2119 2238 quaedam
2163 2157 2383 2220 mutae.
2476 2151 2684 2218 Semi·

580 2253 826 2318 vocalis
883 2274 1022 2318 non
1073 2253 1321 2320 dicitur
1383 2254 1540 2340 quia
1594 2253 1841 2320 habeat
1894 2255 2316 2321 medietatem
2372 2254 2517 2320 soni
2572 2275 2685 2319 vo·

579 2354 753 2432 calis,
815 2355 933 2420 sed
999 2355 1158 2442 quia
1213 2376 1350 2421 non
1407 2355 1676 2442 plenum
1718 2356 1922 2422 habet
1982 2357 2123 2441 ejus
2184 2377 2459 2434 sonum3
2510 2356 2683 2421 sicut

581 2456 849 2521 semivir
891 2477 1028 2522 non
1073 2456 1319 2522 dicitur
1377 2457 1696 2524 dimidius
1743 2459 1867 2536 vir,
1924 2458 2040 2524 sed
2103 2458 2261 2544 quia
2303 2480 2440 2523 non
2484 2457 2686 2523 habet

580 2558 840 2644 plenam
914 2557 1046 2625 viri
1119 2559 1582 2646 quantitatem,
1677 2560 1772 2626 Et
1838 2561 1929 2626 sic
2003 2559 2257 2626 solebat
2318 2559 2444 2625 dici
2507 2558 2685 2646 apud

579 2664 808 2746 poetas
851 2659 1198 2742 semideus,
1229 2661 1386 2747 quia
1428 2683 1560 2727 non
1597 2661 1829 2748 plenus
1860 2662 2043 2730 Deus
2070 2687 2087 2744 ;
2132 2662 2225 2728 sic
2268 2685 2311 2726 a
2337 2665 2525 2748 parte
2554 2661 2685 2725 ista

579 2761 822 2828 dicitur
869 2763 1293 2841 semivocalis,
1341 2764 1500 2850 quia
1544 2785 1678 2830 non
1721 2763 1913 2851 plene
1956 2768 2151 2830 sonat
2204 2765 2377 2830 sicut
2426 2762 2679 2842 vocalis,

578 2869 659 2930 ut
701 2863 876 2952 apud
921 2864 1212 2947 Latinos,
1259 2863 1302 2947 l,
1348 2888 1439 2946 m,
1485 2888 1555 2946 n,
1602 2889 1658 2946 r,
1703 2888 1756 2945 s,
1802 2890 1863 2933 cc.
1966 2867 2058 2934 Et
2100 2871 2307 2934 mutes
2353 2866 2682 2946 dicuntur,
2705 2873 2887 2928 Mutes.

580 2968 740 3054 quia
780 2989 917 3033 non
962 2970 1228 3035 omnino
1273 2974 1653 3035 mutescunt
1695 2991 1738 3034 a
1781 2992 1960 3052 sono,
2006 2970 2121 3035 sed
2181 2969 2337 3057 quia
2403 2969 2683 3035 debilem

581 3069 832 3136 habent
921 3092 1155 3137 sonum
1246 3076 1552 3157 respectu
1641 3072 2149 3153 semivocalium,
2237 3072 2408 3137 sicut
2495 3070 2686 3137 semi-

581 3172 835 3239 vocales
900 3178 1204 3260 respectu
1265 3172 1610 3254 vocalium,
1665 3179 1746 3239 ut
1812 3172 1867 3255 b,
1913 3196 1963 3253 0,
2010 3174 2075 3253 d,
2108 3172 2169 3258 f,
2212 3195 2277 3259 9,
2322 3172 2383 3254 k,
2418 3195 2492 3261 p,
2540 3196 2599 3260 q,
2644 3179 2685 3239 t.

582 3273 1015 3341 Semivocales
1072 3274 1534 3341 universaliter
1591 3274 1923 3362 incipiunt
1978 3297 2023 3340 a
2068 3276 2295 3353 vocali,
2351 3280 2423 3341 et
2480 3280 2686 3341 mutae

581 3378 1026 3445 terminantur
1087 3378 1160 3443 in
1227 3398 1388 3456 eam,
1468 3382 1710 3465 praeter
1740 3377 1803 3463 f,
1850 3397 2001 3441 cum
2060 3382 2287 3443 tamen
2328 3377 2687 3442 secundum

577 3480 926 3546 veritatem
1001 3480 1090 3547 sit
1182 3484 1387 3559 muta,
1461 3478 1632 3545 sicut
1709 3477 1902 3545 docet
1962 3478 2350 3556 Priscianus,
2473 3478 2685 3545 Graeci

579 3588 806 3649 autem
875 3581 1126 3647 habent
1185 3586 1330 3649 octo
1391 3580 1826 3661 semivocales,
1902 3580 2147 3647 scilicet
2220 3578 2381 3661 zita,
2458 3578 2682 3660 labda,

580 3686 704 3763 mi,
751 3684 855 3766 ni,
900 3683 994 3763 mi,
1043 3705 1138 3763 το,
1195 3683 1394 3762 sim,
1443 3680 1586 3771 phi.
1699 3680 1835 3748 Sed
1876 3686 2011 3749 tres
2054 3682 2291 3748 harum
2350 3686 2507 3747 sunt
2565 3682 2686 3747 du·

577 3787 794 3874 pheos,
871 3786 1117 3852 scilicet
1190 3785 1352 3865 zita,
1429 3790 1498 3851 et
1559 3782 1658 3866 oei,
1721 3790 1793 3851 et
1858 3784 2009 3873 phi.
2130 3784 2221 3849 Xi
2287 3806 2445 3851 vero
2506 3783 2685 3872 apud

580 3888 844 3955 Graecos
901 3887 1298 3955 terminatur
1355 3887 1428 3951 in
1495 3885 1544 3966 i,
1610 3892 1680 3952 et
1733 3890 2036 3953 mutatur
2092 3887 2338 3953 vocalis
2364 3958 2377 3973 ,
2406 3909 2449 3952 a
2498 3893 2688 3973 parte

577 3996 736 4057 ante
779 3997 850 4057 et
895 3990 1141 4055 dicitur
1202 3988 1282 4056 im
1324 3990 1502 4077 apud
1556 3988 1853 4070 Latinos,
1898 3995 1979 4054 ut
2045 3988 2211 4055 dicit
2254 3988 2637 4055 Priscianus.
2663 3986 2683 4025 ¹

579 4094 671 4159 Et
745 4114 894 4160 cum
941 4091 1179 4179 aliquae
1251 4091 1557 4159 nationes
1609 4090 1843 4157 dicunt
1916 4112 2013 4171 ex,
2058 4092 2421 4157 secundum
2492 4112 2684 4157 usum

577 4216 772 4262 suum
801 4200 871 4261 et
920 4192 1460 4261 consuetudinem
1506 4214 1752 4273 earum,
1795 4192 2015 4258 forsan
2044 4191 2175 4258 fuit
2220 4214 2401 4258 error
2444 4191 2519 4257 in
2560 4214 2685 4257 usu

577 4297 820 4377 Latini,
869 4297 1026 4384 quia
1067 4296 1282 4384 primo
1324 4294 1642 4361 dixerunt
1681 4294 1775 4371 im,
1823 4299 1894 4360 et
1937 4293 2070 4361 fere
2114 4316 2339 4360 omnes
2382 4292 2685 4359 nationes

577 4400 840 4467 Latinae
885 4398 1098 4466 adhuc
1139 4398 1375 4464 dicunt
1417 4395 1509 4463 ix.
1601 4394 1712 4461 Sic
1755 4394 1934 4461 enim
1978 4394 2057 4462 ix
2098 4400 2201 4461 est
2242 4394 2489 4483 duplex
2532 4416 2683 4461 con-
