3517 5750
461 2763 552 2845 All
573 2765 716 2820 other

462 2847 684 2886 scienceo

809 842 899 907 44
1539 853 1795 905 noonm
1840 851 2130 905 mooms
2426 937 2434 945 ⁸
2732 839 2912 930 [cu.

809 1027 1221 1116 prolongatio
1266 1027 1425 1094 vitae
1469 1027 1794 1109 humanae,
1869 1033 1941 1095 et
2005 1028 2233 1096 multae
2276 1027 2471 1110 aliae3
2544 1049 2701 1094 nam
2776 1028 2916 1096 haec

809 1129 1055 1196 veritas
1129 1133 1230 1194 est
1299 1129 1373 1194 in
1439 1129 1744 1195 terminis
1787 1129 2145 1208 medicinae,
2208 1130 2325 1196 sed
2390 1150 2732 1216 nunquam
2806 1153 2913 1197 ars

809 1230 1152 1298 medicinae
1241 1251 1312 1296 se
1385 1231 1690 1297 extendit
1755 1231 1843 1298 ad
1916 1232 2086 1297 hanc
2182 1231 2553 1312 veritatem,
2628 1253 2750 1298 nec
2810 1239 2914 1300 est

809 1331 1062 1419 aliquid
1105 1332 1188 1398 de
1216 1331 1339 1398 hoc
1381 1331 1455 1397 in
1495 1331 1682 1400 libris
1725 1332 2089 1400 medicinae.
2170 1331 2307 1400 Sed
2350 1333 2913 1421 experimentator

806 1434 1020 1501 fidelis
1085 1433 1524 1500 consideravit
1585 1433 1895 1521 aquilam,
1940 1439 2011 1501 et
2052 1455 2337 1512 cervum,
2390 1439 2463 1502 et
2520 1440 2907 1522 serpentem,

807 1541 876 1604 et
919 1536 1286 1624 phoenicem
1360 1539 1431 1602 et
1471 1534 1686 1602 multa
1747 1535 2137 1622 prolongare
2208 1535 2419 1602 vitam
2466 1539 2537 1602 et
2594 1557 2911 1604 renovare

795 1635 1240 1724 juventutem,
1283 1641 1354 1703 et
1395 1636 1520 1702 scit
1563 1637 1743 1723 quod
1785 1637 1927 1704 haec
1960 1637 2208 1704 dantur
2245 1637 2465 1704 brutis
2500 1637 2589 1704 ad
2632 1637 2909 1706 instruc·

803 1740 1056 1805 tionem
1114 1737 1398 1805 hominis
1423 1762 1443 1819 3
1485 1743 1756 1825 propter
1800 1738 1977 1824 quod
2022 1737 2431 1826 excogitavit
2470 1739 2615 1805 vias
2658 1738 2909 1806 nobiles

803 1841 892 1908 ad
934 1842 1073 1920 hoc,
1119 1845 1192 1907 et
1223 1841 1428 1928 jussit
1469 1839 1765 1907 alkimiae
1806 1837 2113 1927 practicae
2155 1861 2526 1929 praeparare
2568 1840 2632 1907 ei
2674 1863 2907 1928 corpus

803 1943 1072 2030 aequalis
1129 1941 1622 2029 complexionis,
1687 1947 1771 2008 ut
1830 1942 1939 2009 hic
2000 1943 2566 2030 experimentator
2612 1947 2909 2009 uteretur

801 2066 895 2112 eo,
986 2043 1164 2109 Nam
1209 2043 1351 2111 haec
1393 2043 1668 2110 scientia
1727 2065 1797 2109 se
1848 2043 2053 2112 habet
2094 2045 2183 2112 ad
2226 2065 2452 2111 omnes
2494 2043 2675 2124 alias,
2736 2044 2907 2112 sicut

801 2135 1153 2234 navigator
1195 2168 1264 2213 se
1307 2144 1510 2212 habet
1551 2144 1640 2210 ad
1683 2150 2207 2232 carpentatorem
2234 2171 2252 2226 ς
2296 2146 2403 2214 cui
2446 2145 2745 2234 pmcipit
2787 2168 2905 2212 na-

801 2249 1062 2336 vigator
1105 2254 1184 2315 ut
1224 2247 1426 2316 faciat
1454 2247 1518 2312 ei
1543 2268 1804 2326 navem,
1849 2269 2000 2333 quoe
2044 2248 2244 2316 debet
2288 2247 2431 2330 uti3
2474 2253 2545 2314 et
2588 2248 2762 2315 sicut
2802 2271 2909 2316 ars

801 2351 1108 2416 militaris
1133 2348 1432 2437 praecipit
1461 2349 1684 2414 fabrili
1713 2355 1795 2415 ut
1833 2348 2036 2416 faciat
2061 2349 2137 2436 ‚ei
2181 2371 2383 2431 arma,
2431 2349 2675 2437 quihus
2712 2351 2908 2418 novit

801 2453 906 2520 uti
949 2453 1155 2534 miles,
1200 2458 1270 2518 et
1311 2473 1450 2517 non
1491 2451 1689 2517 faber.
1782 2451 1875 2518 Et
1916 2451 2088 2518 hanc
2130 2452 2700 2540 prolongationem
2742 2453 2905 2520 vitae

801 2575 1154 2642 prosequor
1179 2554 1256 2619 in
1282 2558 1572 2621 tractatu
1607 2551 1802 2620 istius
1844 2552 2155 2634 scientiae,
2200 2575 2352 2621 cum
2394 2552 2543 2620 aliis
2586 2555 2907 2643 exemplis

801 2657 1206 2743 quibusdam.
1481 2733 1493 2740 ,

891 2757 1116 2824 Tertia
1172 2777 1331 2824 vero
1391 2755 1684 2844 dignitas
1729 2757 1927 2825 istius
1969 2756 2267 2825 scientim
2326 2762 2444 2837 est,
2492 2756 2669 2844 quod
2726 2755 2891 2823 non¹

459 2900 706 2969 aucium
721 2909 776 2955 tn
798 2859 1032 2948 recipit
1094 2857 1412 2926 veritates
1462 2857 1537 2925 in
1581 2858 1886 2926 terminis
1947 2859 2229 2926 aliarum
2288 2858 2730 2940 scientiarum,
2776 2859 2896 2927 sed

459 2966 578 3019 this.

795 2968 1018 3029 tamen
1093 2961 1307 3027 utitur
1379 2961 1475 3027 eis
1548 2961 1720 3028 sicut
1786 2960 2057 3029 ancillis.
2165 2961 2261 3028 Et
2302 2961 2445 3029 haec
2486 2983 2637 3049 pars
2701 2962 2901 3050 hujus

795 3064 1088 3133 scientiae
1161 3061 1471 3130 extendit
1541 3084 1612 3128 se
1685 3064 1773 3128 ad
1838 3062 2283 3151 cognitionem
2358 3063 2755 3147 futurorum,
2830 3071 2901 3132 et

794 3168 879 3232 ad
947 3166 1390 3253 operationem
1451 3163 1857 3231 mirabilium
1926 3186 2198 3252 operum
2266 3169 2523 3233 naturae
2585 3170 2655 3233 et
2716 3166 2896 3233 artis.

794 3267 898 3333 De
969 3268 1092 3334 hac
1157 3267 1334 3334 enim
1407 3266 1785 3355 cognitione
1858 3266 2029 3333 dicit
2100 3265 2498 3335 Ptolemaeus
2572 3266 2647 3333 in
2723 3268 2895 3335 libro

791 3370 876 3437 de
940 3368 1388 3458 Dispositione
1463 3368 1756 3457 Sphaerae
1780 3367 1837 3433 ι’
1902 3368 2143 3435 certior
2206 3373 2310 3435 est
2384 3368 2503 3434 via
2552 3368 2895 3455 judicandi

791 3474 872 3540 de
915 3472 1155 3540 futuris
1199 3493 1397 3560 quam
1443 3492 1560 3559 per
1617 3468 2132 3551 astronomiam3
2190 3475 2262 3537 et
2304 3470 2429 3537 hoc
2472 3475 2575 3537 est
2616 3492 2735 3558 per
2778 3493 2894 3537 ex-

788 3574 1198 3661 perientiam,
1241 3595 1436 3659 super
1480 3592 1680 3659 quam
1707 3570 2101 3639 Aristoteles
2128 3570 2373 3639 nobilis
2413 3572 2731 3639 fundatus
2774 3578 2893 3653 est,

789 3679 860 3742 et
902 3676 1116 3741 multa
1164 3674 1366 3741 turba
1415 3674 1711 3740 fidelium
1774 3672 2330 3761 philosophorum,
2374 3678 2447 3741 et
2488 3673 2741 3741 domini
2782 3676 2890 3762 ju-

787 3776 1104 3843 diciorum
1149 3781 1492 3843 astrorum.
1583 3775 1676 3843 Et
1703 3774 1909 3843 habet
1935 3780 2224 3862 quatuor
2265 3775 2571 3843 scientias
2598 3778 2895 3865 proprias

788 3882 858 3945 et
901 3875 1208 3964 magnas⁸
1236 3877 1318 3942 de
1345 3877 1478 3943 ista
1520 3876 1911 3965 cognitione.
1989 3876 2247 3943 Deinde
2274 3876 2349 3943 in
2376 3878 2661 3944 secunda
2702 3884 2891 3966 parte

788 3980 979 4046 docet
1021 3976 1459 4064 experientias
1519 3978 1728 4045 totius
1790 3978 2251 4065 possibilitatis
2294 3984 2551 4045 naturae
2592 3984 2663 4045 et
2706 3979 2885 4046 artis.

787 4080 879 4145 Et
925 4079 1095 4146 sicut
1137 4078 1350 4167 logica
1410 4080 1604 4147 docet
1649 4080 2083 4167 proprietates
2137 4080 2471 4169 sophistici
2514 4080 2887 4169 argumenti

785 4187 866 4247 ut
929 4180 1248 4259 vitentur,
1325 4180 1418 4246 sic
1489 4180 1632 4247 haec
1705 4181 1982 4247 scientia
2053 4182 2341 4249 revolvit
2414 4204 2638 4249 omnes
2712 4188 2887 4249 artes

851 4590 866 4620 ¹
889 4590 1019 4654 quod
1047 4588 1168 4656 non]
1206 4588 1268 4641 Τ.
1311 4588 1459 4639 omits
1493 4602 1620 4647 nom
1652 4602 1765 4652 quae
1786 4600 1906 4649 non,
1936 4586 1997 4637 13.
2030 4586 2093 4636 L.

845 4669 867 4699 ²
887 4668 946 4718 de
981 4666 1318 4735 Dispositionc
1361 4664 1605 4731 Spltoeroe]
1647 4667 1712 4716 de
1745 4664 1967 4732 Sphaeroe
1988 4663 2345 4728 Dispositione,
2380 4664 2442 4715 Τ.

846 4745 1452 4814 'proprietas-aquas]
1489 4742 2148 4813 magmetptoprina'r.
