3517 5750
572 869 803 956 xxm]
1352 884 1529 935 orus
1572 885 1892 935 rmum.
2551 871 2678 935 109

574 1064 831 1152 agentis
896 1066 999 1128 est
1060 1062 1438 1148 composita,
1503 1065 1573 1127 et
1646 1083 1780 1126 non
1856 1066 1956 1127 est
2019 1061 2220 1127 solius
2288 1060 2532 1138 formae,
2605 1066 2684 1128 ut

574 1168 958 1233 caetimatur.
1050 1165 1143 1229 Et
1204 1164 1381 1249 quod
1444 1164 1685 1251 species
1760 1164 1858 1229 rei
1923 1164 2316 1230 universalis
2375 1165 2468 1230 sit
2531 1165 2678 1230 uni-

572 1268 864 1347 versalis»,
908 1270 978 1332 et
1024 1266 1269 1353 species
1334 1267 1429 1331 rei
1482 1266 1834 1353 singularis
1897 1264 2031 1332 sit¹
2103 1266 2470 1353 singularis».
2587 1267 2680 1331 Et

574 1370 899 1457 quomodo
960 1368 1139 1434 idem
1204 1367 1367 1434 facit
1434 1390 1636 1455 agens
1699 1368 1773 1432 in
1829 1369 2265 1455 quodcunque
2310 1373 2512 1455 agat:
2590 1373 2670 1433 ut

574 1473 629 1538 si
674 1472 959 1538 calidum
1003 1476 1162 1559 agat
1222 1470 1297 1535 in
1340 1469 1675 1556 frigidum,
1722 1476 1794 1536 et
1837 1470 1910 1535 in
1970 1476 2242 1549 tactum,
2288 1469 2450 1535 facit
2510 1470 2678 1535 illud

572 1576 746 1641 idem
790 1576 863 1640 in
910 1580 1279 1660 utrumque,
1343 1572 1593 1639 scilicet
1650 1573 1970 1660 speciem3
2032 1574 2146 1638 sed
2199 1573 2682 1639 diversificatur

573 1678 865 1764 operatio
931 1700 974 1741 a.
1039 1681 1228 1763 parte
1294 1674 1774 1762 recipientium,
1839 1675 2010 1741 sicut
2071 1675 2168 1740 sol
2234 1697 2352 1763 per
2401 1676 2678 1741 eandem

570 1781 891 1845 virtutem
954 1778 1259 1844 dissolvit
1324 1777 1602 1865 glaciem
1646 1783 1716 1843 et
1778 1778 2170 1865 constringit
2231 1778 2464 1843 lutum.
2587 1778 2679 1844 Et
2702 1794 2960 1864 Perfectly

572 1882 799 1948 addidi
848 1903 993 1968 quae
1055 1880 1325 1968 agentia
1368 1885 1648 1967 possunt
1710 1882 2032 1967 complere
2099 1902 2252 1946 suas
2295 1878 2560 1967 species,
2608 1884 2677 1945 et
2702 1863 2950 1999 ἓξὲξ),

575 2008 721 2071 quae
766 2006 915 2051 non.
1007 1984 1075 2049 N
1078 2005 1186 2049 am
1227 1984 1499 2071 agentia
1536 1982 1791 2049 nobilia
1825 2006 1966 2050 non
1993 1987 2286 2071 possunt,
2317 1988 2396 2049 ut
2437 1981 2674 2069 angeli,
2951 1968 2966 1985 ⁶

574 2093 643 2153 et
688 2087 995 2166 coelestia,
1030 2092 1099 2153 et
1150 2087 1464 2163 homines,
1516 2091 1587 2152 et
1628 2091 1866 2152 coetera
1913 2087 2250 2165 animata3
2301 2106 2422 2150 nec
2475 2085 2676 2149 etia-m

571 2191 939 2257 inanimata
984 2190 1199 2255 mixta
1241 2210 1325 2253 ex
1369 2188 1752 2255 elementis:
1799 2190 1956 2276 quia
2001 2192 2166 2255 tunc
2205 2187 2478 2273 angelus
2528 2208 2676 2273 pro-

572 2294 837 2359 duceret
898 2292 1224 2379 angelum,
1264 2290 1369 2357 et'
1438 2292 1535 2357 sol
1574 2292 1798 2371 solem,
1865 2296 1935 2357 et
1977 2292 2173 2357 homo
2211 2288 2562 2369 hominem,
2603 2289 2676 2355 in

571 2396 991 2483 generatione
1060 2394 1341 2481 speciei3
1420 2399 1491 2460 et
1564 2394 1658 2460 sic
1730 2392 2062 2480 quidlibet
2133 2397 2476 2480 generaret
2560 2414 2677 2479 per

572 2500 743 2565 hanc
778 2498 960 2564 viam
1000 2496 1397 2583 completum
1444 2495 1871 2562 individuum
1925 2496 2137 2561 simile
2177 2495 2240 2561 ei
2300 2494 2568 2560 nomine
2606 2500 2676 2559 et

575 2602 975 2677 definitione,
1020 2601 1197 2688 quod
1244 2622 1381 2665 esse
1419 2620 1557 2665 non
1604 2604 1837 2686 potest.
1929 2597 2106 2663 Sunt
2158 2598 2362 2663 etiam
2411 2598 2677 2685 agentia

574 2705 833 2786 debilia,
866 2702 1051 2790 quae⁸
1089 2724 1225 2767 non
1252 2706 1529 2789 possunt
1556 2701 1878 2788 complere
1905 2722 2058 2766 suas
2085 2701 2346 2789 species,
2377 2705 2457 2766 ut
2485 2700 2676 2779 color,

576 2808 749 2890 odor,
802 2828 1006 2894 sapor,
1062 2812 1131 2871 et
1176 2826 1389 2871 sonus.
1508 2804 1643 2871 Sed
1687 2804 1835 2886 alia,
1885 2808 1965 2871 ut
2003 2790 2289 2892 quatuor
2335 2804 2675 2885 elementa,

575 2915 645 2976 et
702 2931 924 2975 eorum
970 2915 1253 2996 quatuor
1300 2907 1675 2995 qualitates,
1724 2912 1794 2973 et
1836 2907 1974 2989 lux,
2029 2912 2302 2994 possunt
2360 2909 2676 2994 complere

577 3033 726 3078 suas
778 3012 1037 3098 species.
1160 3011 1327 3077 Haec
1379 3011 1558 3076 enim
1612 3031 1852 3076 novem
1921 3015 2079 3076 sunt
2131 3009 2444 3076 habentia
2481 3032 2675 3096 gene-

576 3115 901 3181 rationem
960 3111 1363 3200 specierum.⁴
1474 3112 1568 3177 Et
1626 3112 1707 3178 de
1775 3112 2181 3199 patientibus
2239 3119 2308 3178 et
2366 3113 2674 3199 recipien-

576 3219 757 3284 tibus
808 3216 1183 3303 hujusmodi
1232 3215 1511 3302 speciem
1552 3220 1651 3280 est
1698 3237 1942 3302 magna
1978 3214 2456 3282 consideratio:
2517 3237 2675 3300 quo·
2729 3277 2736 3284 .

576 3320 771 3385 modo
830 3319 1079 3386 scilicet
1140 3318 1466 3384 elementa.
1514 3327 1788 3403 possunt
1845 3317 1987 3403 pati
2046 3339 2088 3380 a
2146 3318 2326 3395 coe10,
2387 3321 2457 3382 et
2516 3339 2674 3401 quo-

573 3423 771 3487 modo
850 3421 1140 3486 coelestia
1199 3411 1473 3506 possunt
1530 3419 1817 3504 recipere
1885 3418 2129 3504 species
2187 3418 2674 3496 elementorum,

573 3530 643 3590 et
692 3523 1015 3610 quomodo
1063 3521 1357 3588 coelestia
1408 3543 1449 3585 a
1501 3520 1894 3598 coelestibuS,
1939 3524 2008 3584 et
2059 3518 2449 3604 hujusmodi.
2585 3519 2676 3583 Et

578 3626 836 3692 ostendi
909 3645 1139 3691 causas
1210 3645 1314 3690 om
1322 3622 1509 3688 nium
1592 3624 1870 3689 istorum
1949 3621 2120 3688 circa
2189 3621 2674 3710 generationem

574 3727 944 3816 specierum.

640 4093 655 4123 ¹
679 4093 769 4161 sie]
808 4108 905 4144 om.
945 4092 1006 4144 Τ.
1749 4095 1768 4123 ⁴
1789 4091 1890 4142 laoec
1944 4093 2066 4142 enim
2121 4093 2308 4159 novem]
2377 4093 2486 4144 haec
2543 4093 2678 4144 enim

638 4174 659 4203 ²
680 4171 751 4238 et]
788 4187 887 4224 om.
919 4172 983 4221 Τ.
1678 4189 1864 4225 novem
1898 4179 2016 4223 sunt
2049 4174 2326 4224 necessaria
2358 4175 2420 4223 ad
2467 4187 2676 4237 genem-

639 4255 662 4284 ⁸
681 4255 873 4318 ayo-tia
895 4249 1091 4312 debilia,
1112 4249 1243 4316 quoe]
1265 4249 1465 4316 agentia
1486 4251 1573 4300 de·
1678 4253 1865 4305 tionem
1885 4267 2069 4314 rerum,
2089 4252 2151 4302 B.
2221 4251 2290 4302 So
2311 4252 2370 4302 L.
2395 4253 2478 4312 U„
2501 4260 2680 4316 except

573 4329 707 4392 bilia,
736 4338 794 4381 nt
814 4330 963 4393 color,
986 4331 1125 4390 odor,
1150 4344 1311 4394 sapor,
1335 4344 1386 4380 et
1407 4345 1577 4391 sonus,
1676 4333 1788 4384 that
1807 4331 1930 4398 they
1955 4332 2081 4384 omit
2101 4348 2278 4383 novem.

576 4424 687 4475 qnae
706 4425 807 4461 non
828 4417 1049 4475 possunt,
1070 4411 1173 4476 ec„
1206 4407 1268 4460 T.
