3517 5750
538 851 769 941 xxm]
1337 868 1511 918 opus
1556 870 1875 921 manum„
2558 862 2640 923 81

534 1041 736 1107 libros
808 1042 1241 1129 philosophiae
1307 1062 1545 1107 omnes.
1668 1042 1758 1109 Et
1817 1064 1954 1108 non
2025 1042 2236 1108 solum
2312 1044 2385 1109 in
2462 1066 2646 1112 sacra

538 1142 875 1231 Scriptura
932 1144 1231 1209 fecerunt
1288 1143 1692 1209 mentionem
1769 1146 1851 1209 de
1925 1145 2208 1209 veritate
2287 1145 2460 1224 fidei,
2528 1150 2648 1213 sed

530 1245 607 1309 in
662 1246 799 1321 suis
858 1245 1045 1331 libris
1104 1245 1593 1333 philosophicis,
1639 1251 1708 1312 et
1752 1248 2370 1333 praenuntiaverunt
2418 1249 2642 1313 omnia

530 1352 685 1414 ante
714 1369 915 1434 quam
944 1347 1313 1435 philosophi
1358 1347 1665 1429 fuerunt3
1711 1354 1780 1415 et
1824 1348 1912 1413 ab
1943 1348 2049 1413 his
2079 1355 2239 1414 tunc
2267 1348 2638 1438 philosophi

531 1448 906 1516 habuerunt
951 1470 1212 1515 omnem
1240 1448 1651 1535 sapientiam,
1683 1450 1855 1515 sicut
1883 1448 2303 1529 Aristoteles),
2331 1450 2638 1517 dominus

531 1551 1082 1639 philosophorum,
1166 1550 1519 1617 confitetur
1592 1550 1667 1615 in
1742 1549 1914 1616 libro
1993 1551 2424 1618 Secretorum.
2545 1554 2640 1619 Et

531 1674 677 1719 cum
723 1653 827 1717 his
870 1652 1079 1718 infero
1124 1653 1302 1739 quod
1345 1651 1655 1739 perfectio
1716 1652 2146 1740 philosophiae
2189 1675 2326 1718 non
2384 1660 2484 1720 est
2530 1657 2638 1721 uti

534 1776 612 1819 ea
669 1756 1024 1821 secundum
1067 1755 1213 1820 vias
1256 1753 1789 1842 philosophorum
1833 1753 2219 1834 infidelium,
2277 1757 2392 1821 sed
2436 1756 2635 1822 debet

531 1855 775 1921 elevari
830 1856 919 1921 ad
972 1861 1225 1922 statum
1284 1855 1449 1942 legis
1511 1855 1924 1923 Christianae.
2019 1856 2112 1921 Et
2171 1856 2296 1923 hoc
2373 1864 2474 1923 est
2549 1860 2636 1923 ad

533 1958 945 2045 theologiam,
1032 1963 1103 2023 et
1174 1956 1527 2039 ecclesiam,
1584 1963 1653 2023 et
1744 1958 2173 2024 directionem
2249 1959 2634 2046 reipublicae

529 2059 837 2137 fidelium,
885 2066 958 2125 et
1000 2060 1486 2126 conversionem
1536 2058 1932 2138 infidelium,
1991 2065 2062 2124 et
2103 2060 2636 2146 reprobationem

533 2182 759 2227 eorum
806 2162 922 2247 qui
960 2183 1097 2228 non
1137 2165 1413 2249 possunt
1457 2162 1792 2241 converti3
1839 2166 1908 2226 et
1953 2162 2126 2225 addo
2167 2162 2253 2225 ad
2297 2162 2640 2228 confirma-

528 2263 777 2328 tionem
850 2263 1191 2350 sapientiae
1262 2262 1804 2349 philosophorum
1878 2261 2293 2348 prophetiam
2365 2262 2640 2349 Sibyllae

532 2364 614 2429 de
666 2363 950 2444 Christe,
1002 2370 1071 2429 et
1122 2364 1205 2428 de
1256 2363 1541 2441 ecclesia,
1588 2369 1659 2428 et
1705 2363 1788 2428 de
1838 2363 1984 2428 vita
2026 2362 2269 2427 futura
2361 2362 2538 2429 Nam
2581 2365 2639 2429 si

530 2492 669 2535 una
740 2470 1121 2535 muliercula
1191 2470 1415 2556 potuit
1488 2470 1625 2535 haec
1715 2491 1758 2533 a
1831 2467 1974 2533 Deo
2048 2469 2347 2556 recipere,
2423 2469 2638 2536 multo

532 2570 775 2636 fortius
848 2574 919 2636 et
972 2570 1427 2637 rationabilius
1504 2576 1607 2637 est
1681 2571 1860 2657 quod
1915 2570 2048 2637 viri
2122 2575 2264 2637 tam
2336 2571 2494 2638 boni
2569 2580 2639 2638 et

535 2678 679 2738 tam
729 2672 1067 2759 sapientes,
1126 2673 1297 2739 sicut
1342 2672 1772 2759 Pythagoras,
1829 2676 1898 2738 et
1942 2658 2258 2751 SocrateS,
2304 2679 2373 2738 et
2425 2673 2635 2756 Plato,

536 2780 607 2840 et
678 2774 1084 2853 Aristoteles,
1164 2782 1233 2841 et
1320 2776 1437 2841 alii
1528 2775 1845 2841 zelatores
1919 2774 2192 2839 maximi
2283 2775 2635 2862 sapientiae,

534 2880 917 2964 receperunt
1004 2901 1047 2943 a
1134 2878 1281 2948 Deo
1376 2877 1687 2964 speciales
1774 2875 2308 2958 illuminationes,
2397 2879 2638 2964 quibus

538 2979 1003 3045 intellexerunt
1088 2979 1303 3046 multa
1391 2981 1473 3046 de
1548 2979 1707 3057 De0,
1799 2985 1870 3045 et
1945 2981 2157 3044 salute
2231 2979 2487 3059 animae,
2566 2985 2635 3046 et

538 3079 756 3147 forsan
827 3083 1039 3169 magis
1113 3088 1381 3168 propter
1438 3103 1559 3148 nos
1607 3080 2014 3148 Christianos
2074 3103 2272 3168 quam
2331 3082 2629 3170 propter¹

538 3203 759 3249 eorum
788 3183 1087 3249 salutem.

625 3283 717 3350 Et
774 3286 869 3351 sic
928 3285 1328 3351 terminatur
1398 3306 1553 3371 pars
1610 3285 1898 3351 secunda
1954 3285 2029 3350 in
2088 3306 2222 3370 qua
2277 3284 2635 3373 principale
2661 3295 2752 3376 411
2766 3295 2974 3347 visdom

514 3371 943 3473 'propositum
1004 3391 1106 3452 est
1156 3387 1515 3464 ostendere,
1566 3385 1746 3473 quod
1795 3391 1942 3452 tota
1998 3385 2324 3472 sapientia
2379 3385 2637 3450 conclu·
2660 3365 2894 3478 1¹21}an

539 3489 721 3554 ditur
792 3489 867 3554 in
926 3509 1113 3553 sacra
1170 3487 1524 3574 Scriptura,
1587 3509 1704 3576 per
1752 3488 1866 3572 jus
1923 3491 2150 3552 tamen
2209 3491 2280 3552 et
2351 3485 2634 3572 philoso-
2663 3493 2800 3559 Holy
2811 3493 2976 3558 Scrip-

536 3589 763 3677 phiam
809 3587 1242 3677 explicanda3
1304 3593 1381 3655 ut
1438 3590 1615 3655 sicut
1670 3589 1745 3654 in
1792 3608 2014 3675 pugno
2074 3587 2411 3674 colligitur
2461 3589 2636 3674 quod
2659 3561 2944 3677 {urfv'rssooffi

536 3691 745 3756 latius
800 3691 877 3756 in
948 3691 1173 3778 palma
1250 3693 1638 3778 explicatur,
1707 3690 1800 3757 sic
1857 3694 2006 3756 tota
2061 3689 2389 3777 sapientia
2449 3690 2635 3758 utilis
2659 3694 2758 3743 ΕΜ
2779 3708 2871 3742 0¹·

539 3791 801 3857 homini
852 3789 1235 3861 continetur
1276 3793 1353 3858 in
1394 3794 1597 3858 sacris
1642 3792 1908 3874 litteris,
1955 3792 2112 3858 licet
2156 3813 2290 3858 non
2335 3793 2636 3859 totaliter
2657 3759 2955 3875 ffflffiolff

538 3893 951 3980 explicatur3
1023 3895 1139 3961 sed
1182 3895 1325 3980 ejus
1368 3894 1721 3982 explicatio
1767 3899 1868 3959 est
1901 3894 2017 3981 jus
2059 3894 2442 3960 canonicum
2487 3898 2634 3961 cuin
2656 3892 2754 3970 ¹²¹!
2777 3893 2876 3942 ⁸¹¹⁶

540 3994 973 4084 philosophia.
1067 3996 1247 4062 Nam
1296 4001 1651 4084 utrumque
1691 3996 1872 4083 jacet
1922 3996 1995 4060 in
2031 3996 2388 4064 visceribus
2435 4021 2636 4064 sacrae
2659 3957 2974 4023 ph¹¹⁰⁸⁰ph⁷'

537 4097 911 4185 Scripturas,
960 4103 1029 4164 et
1075 4099 1159 4166 de
1192 4099 1296 4163 his
1338 4104 1678 4178 eruuntur,
1720 4101 1790 4164 et
1833 4119 2027 4186 super
2069 4097 2192 4164 hoc
2211 4098 2240 4138 ²
2276 4099 2642 4165 fundantur

540 4199 761 4265 omnia
807 4222 959 4287 quae
1009 4200 1271 4267 utiliter
1317 4200 1634 4267 dicuntur
1682 4201 1757 4266 in
1809 4198 1962 4286 jure
2013 4201 2326 4266 canonico
2377 4206 2448 4268 et
2497 4201 2641 4289 phi-

536 4298 847 4387 losophia.
967 4301 1059 4367 Et
1115 4301 1240 4368 hoc
1297 4324 1414 4390 per
1457 4302 1679 4391 plures
1737 4300 2288 4367 considerationes
2345 4303 2620 4368 ostendo
2626 4352 2644 4383 ‚

540 4423 701 4487 quas
756 4403 867 4469 hic
927 4425 1063 4470 non
1120 4425 1395 4491 expono,
1516 4403 1693 4470 Nam
1753 4404 1832 4469 in
1889 4425 2084 4470 sensu
2140 4403 2417 4468 litterali
2467 4403 2644 4486 jacet

538 4509 687 4570 tota
732 4504 1169 4592 philosophiae
1212 4511 1521 4593 potestas,
1568 4507 1645 4572 in
1687 4507 1968 4586 naturis,
2019 4510 2090 4572 et
2129 4503 2644 4591 proprietatibus

610 4760 869 4828 'pr-optet]
906 4777 1007 4816 om.
1040 4763 1099 4814 Β.
1582 4762 1597 4831 1
1706 4759 1862 4826 'hocj
1898 4759 2024 4820 hoec,
2056 4757 2118 4810 Τ.

2331 4866 2376 4917 P
