3517 5750
609 890 833 976 mx]
1373 906 1547 956 orus
1590 902 1918 955 mmmm,
2582 882 2716 955 2⁹7

698 1068 831 1135 Sed
880 1068 1181 1156 quamvis
1225 1090 1382 1135 usus
1426 1068 1710 1135 ecclesiae
1760 1066 1979 1133 tenuit
2025 1067 2098 1132 in
2142 1066 2461 1153 principio
2511 1066 2717 1151 aequi-

608 1172 903 1237 noctium
965 1192 1103 1237 esse
1164 1176 1399 1238 octavo
1448 1170 1806 1251 Kalendas,
1857 1176 1926 1235 et
1992 1174 2222 1257 postea
2279 1168 2586 1245 mutavit,
2649 1173 2720 1233 et

608 1278 833 1341 teneat
890 1296 1067 1342 nunc
1124 1272 1593 1361 aequinoctium
1651 1273 1864 1338 fixum
1942 1271 2327 1339 duodecimo
2382 1270 2718 1337 Kalendas

608 1376 875 1463 Aprilis,
908 1382 1133 1443 tamen
1179 1380 1429 1443 certum
1478 1380 1581 1441 est
1621 1375 1800 1461 quod
1839 1374 2314 1461 aequinoctium
2360 1373 2542 1439 istud
2581 1394 2718 1439 non

608 1484 711 1545 est
782 1479 855 1544 in
917 1478 1076 1545 locis
1146 1477 1339 1559 istis,¹
1420 1478 1538 1543 sed
1595 1477 1739 1564 jam
1802 1476 2098 1543 ascendit
2170 1476 2242 1541 in
2335 1476 2717 1543 kalendario

608 1582 801 1669 longe
862 1582 950 1647 ab
1016 1580 1121 1647 his
1182 1580 1355 1662 lociS,
1430 1585 1501 1646 et
1547 1579 1854 1646 similiter
1913 1579 2215 1659 solstitia,
2263 1584 2334 1644 et
2390 1578 2718 1665 reliquum

610 1683 1123 1770 aequinoctiumfl
1236 1682 1415 1748 Nam
1464 1682 1587 1748 hoc
1625 1704 1798 1748 anno
1845 1682 1980 1748 fuit
2013 1681 2370 1749 solstitium
2413 1681 2718 1768 hyemale

612 1786 844 1854 Idibus
892 1784 1306 1853 Decembris⁸
1346 1808 1462 1873 per
1490 1784 1832 1851 duodecim
1881 1784 2018 1850 dies
2065 1789 2220 1851 ante
2267 1782 2717 1851 Nativitatem

613 1889 901 1971 Domini,
933 1894 1003 1955 et
1045 1889 1513 1975 aequinoctium
1561 1887 1830 1953 vernale
1860 1886 2059 1953 tertio
2101 1886 2264 1953 Idus
2306 1886 2550 1953 Martii.
2628 1886 2720 1952 Et

610 1992 967 2057 solstitium
1010 1990 1307 2058 aestivale
1356 1988 1494 2057 est⁴
1540 1989 1791 2056 decimo
1823 1990 2101 2077 septimo
2148 1990 2484 2057 Kalendas
2527 1988 2576 2055 J
2579 1989 2716 2066 ulii,

610 2099 680 2159 et
727 2093 1194 2179 aequinoctium
1225 2092 1607 2159 autumnale
1656 2090 1908 2158 decimo
1938 2098 2129 2158 sexto
2181 2088 2551 2158 Kalendas⁵
2594 2091 2718 2157 Oc-

614 2197 840 2261 tobris.
919 2196 1011 2261 Et
1053 2196 1175 2262 hoc
1218 2200 1438 2283 potest
1480 2216 1615 2260 non
1643 2194 1858 2260 solum
1887 2200 2300 2261 astronomus
2343 2195 2719 2275 certificare,

612 2298 725 2363 sed
801 2298 1080 2385 quilibet
1145 2298 1350 2363 laicus
1416 2296 1503 2363 ad
1568 2298 1830 2363 oculum
1895 2297 2254 2384 perspicere
2316 2318 2433 2384 per
2499 2319 2722 2362 casum

612 2399 782 2465 radii
845 2400 1090 2481 solaris,
1134 2421 1311 2465 nunc
1377 2398 1591 2478 altius,
1656 2420 1836 2465 nunc
1899 2399 2172 2465 inferius
2234 2398 2321 2464 ad
2382 2400 2718 2486 parietem,

614 2500 721 2567 vel
787 2502 985 2580 aliud,
1033 2501 1393 2569 secundum
1438 2501 1616 2588 quod
1660 2501 1936 2588 quisque
2001 2506 2224 2589 potest
2289 2507 2536 2567 notare.
2631 2501 2724 2566 Et

614 2606 1051 2671 mutabuntur
1116 2605 1201 2671 ab
1244 2604 1349 2670 his
1391 2604 1549 2670 loeis
1592 2604 1665 2669 in
1709 2604 2114 2691 temporibus
2181 2604 2676 2670 succedentibus
2708 2626 2724 2683 3

615 2706 773 2793 quia
800 2712 951 2794 post
980 2729 1189 2773 annos
1227 2706 1484 2773 circiter
1511 2706 1702 2787 xciv„
1734 2703 2020 2772 scilicet⁰
2047 2728 2224 2773 anno
2255 2707 2544 2788 Domini,
2576 2707 2722 2771 mil-
2748 2710 2920 2776 Roget

612 2808 837 2875 lesimo
911 2808 1371 2876 trecentesimo
1444 2808 1852 2897 sexagesimo
1925 2830 2079 2891 uno,
2157 2809 2286 2876 erit
2364 2809 2722 2876 solstitium
2747 2774 3060 2909 gagg-geaco

613 2911 914 2996 hyemale
971 2911 1184 3000 pridie
1229 2910 1391 2978 Idus
1452 2911 1849 2993 Decembris,
1912 2917 1982 2978 et
2041 2913 2510 3000 aequinoctium
2575 2933 2722 2978 ver·
2747 2927 2898 3028 3¹³0,
2943 2977 2956 2990 ‚

614 3013 764 3080 nale
793 3019 1029 3100 quarto
1084 3013 1249 3080 Idus
1295 3013 1541 3091 Martii,
1612 3018 1681 3080 et
1724 3014 2086 3081 solstitium
2129 3013 2428 3082 aestivale
2472 3015 2723 3082 decimo
2753 2993 2958 3098 122¹¹7¹f¹²¹

616 3121 848 3183 octavo
912 3115 1247 3182 Kalendas
1306 3117 1355 3184 J
1356 3116 1494 3197 ulii,
1546 3120 1617 3181 et
1666 3116 2136 3203 aequinoctium
2185 3118 2568 3184 autumnale
2611 3119 2722 3184 de-

616 3219 781 3285 cimo
824 3218 1107 3307 septimo
1170 3217 1507 3284 Kalendas
1553 3218 1896 3285 Octobris:
1945 3219 2190 3286 scilicet
2233 3221 2575 3307 quodlibet
2616 3242 2722 3287 eo-

615 3343 763 3388 rum
807 3343 925 3409 per
982 3343 1193 3387 unum
1246 3320 1422 3387 diem
1465 3325 1823 3408 antequam
1898 3322 1990 3388 sit
2049 3323 2259 3389 modo.
2351 3323 2530 3389 Nam
2573 3329 2725 3411 post

616 3447 821 3490 annos
895 3423 1151 3490 circiter
1222 3429 1488 3490 centum
1546 3423 1793 3512 viginti
1859 3423 2149 3512 quinque
2224 3422 2518 3492 ascendit
2608 3448 2726 3512 per

618 3549 825 3593 unum
870 3528 1088 3609 diem;
1152 3531 1222 3593 et
1264 3527 1388 3593 hoc
1430 3527 1671 3594 accidit
1709 3547 1798 3593 ex
1842 3548 2057 3592 errore
2101 3527 2500 3614 quantitatis
2545 3529 2720 3609 anni,

619 3629 777 3716 quia
818 3629 915 3696 sol
972 3628 1234 3696 circiter
1287 3634 1554 3695 tantum
1615 3634 1877 3717 tempus
1943 3629 2260 3696 diminuit
2321 3629 2404 3696 de
2457 3631 2722 3719 quanti-

619 3737 762 3797 tate
836 3732 997 3798 anni
1072 3753 1200 3819 quo
1260 3733 1483 3798 utitur
1547 3729 2008 3798 kalendarium
2073 3755 2192 3820 per
2256 3754 2466 3799 unum
2533 3734 2722 3800 diem.

620 3833 713 3899 Et
757 3835 881 3900 hoc
924 3839 1028 3900 est
1072 3833 1252 3920 quod
1296 3835 1444 3922 plus
1488 3834 1840 3902 concordat
1885 3858 2033 3902 cum
2101 3837 2291 3902 annis
2336 3857 2499 3923 quos
2551 3857 2724 3903 com-

618 3943 927 4023 putamus
973 3938 1059 4004 ab
1092 3937 1568 4003 Incarnatione.
1630 3937 1699 4004 N
1700 3959 1808 4002 am
1840 3937 2236 4005 Ptolomaeus
2287 3961 2461 4005 anno
2511 3946 2726 4005 cente-

620 4039 785 4105 simo
847 4039 1346 4127 quadragesimo
1414 4040 1499 4105 ab
1562 4039 2028 4107 Incarnatione
2080 4041 2341 4108 invenit
2403 4043 2728 4130 aequinoc-

622 4141 789 4208 tium
835 4143 1102 4208 vernale
1154 4141 1502 4208 undecimo
1548 4141 1886 4209 Kalendas
1931 4143 2201 4231 Aprilis,
2256 4150 2328 4210 et
2371 4145 2726 4212 solstitium

620 4243 917 4331 hyemale
1004 4244 1355 4310 undecimo
1418 4243 1751 4311 Kalendas
1826 4246 2152 4328 Januarii,
2227 4252 2308 4313 ut
2383 4252 2570 4335 patet
2643 4270 2728 4313 ex

622 4345 1011 4435 Almagesti.
1104 4346 1237 4413 Sed
1282 4346 1369 4412 ab
1414 4345 1537 4412 hoc
1579 4345 1723 4414 loeo
1783 4347 1858 4413 in
1915 4347 2304 4414 kalendario
2367 4371 2574 4436 usque
2639 4350 2727 4414 ad

688 4577 705 4609 ¹
731 4575 864 4644 istis]
902 4575 1020 4628 illis·
1794 4574 1812 4604 ⁴
1833 4573 1930 4640 est]
1968 4589 2066 4624 om.
2093 4573 2156 4625 Τ.

688 4655 709 4686 ²
730 4663 778 4706 ee
796 4653 1027 4721 reliquum
1039 4651 1397 4721 aequinoctium]
1418 4659 1469 4706 et
1483 4651 1625 4705 simi-
1795 4655 1817 4686 ⁸
1835 4651 2123 4722 Kalendae]
2159 4669 2260 4706 om.
2283 4654 2346 4708 Τ.

621 4733 738 4787 liter
758 4733 1120 4802 oquinoctium
1145 4733 1409 4799 reliquum,
1442 4732 1503 4784 Τ.
1795 4734 1818 4764 ⁸
1836 4731 2046 4802 scilicet]
2083 4733 2298 4799 circiter,
2323 4733 2372 4786 Τ

688 4815 709 4846 ⁸
730 4812 1051 4881 Decembris]
1092 4813 1345 4877 Octobris,
1367 4813 1430 4865 B.
