3517 5750
811 886 842 947 1
855 882 939 948 32
1570 896 1826 947 nostru
1871 894 2160 947 meoms
2745 878 2918 967 [cst.

815 1073 1095 1137 istorum
1162 1068 1715 1159 philosophorum,
1773 1075 1843 1136 et
1909 1073 2134 1135 tamen
2180 1068 2572 1134 Aristoteles
2633 1067 2920 1135 multum

816 1175 1060 1241 nititur
1104 1174 1189 1240 ad
1234 1173 1661 1253 solvendum3
1736 1194 1858 1239 nec
1903 1172 2219 1237 habemus
2263 1171 2555 1257 aliquam
2615 1172 2921 1257 reproba·

818 1276 1067 1342 tionem
1121 1280 1366 1341 certam
1430 1276 1513 1341 de
1578 1274 1702 1341 hac
1744 1275 2068 1362 positione
2131 1296 2248 1361 per
2293 1274 2734 1340 Aristotelem.
2829 1274 2920 1340 Et

818 1380 967 1445 ideo
1012 1378 1238 1444 addidi
1282 1378 1910 1444 demonstrationem
1945 1377 2426 1464 geometricam,
2457 1398 2606 1463 quae
2637 1376 2922 1442 destruit

816 1480 984 1547 hanc
1028 1480 1419 1568 positionem
1464 1479 1767 1545 finaliter.
1861 1479 2035 1545 Nam
2081 1500 2166 1544 ex
2235 1500 2314 1545 ea
2379 1478 2678 1564 sequitur
2743 1479 2920 1565 quod

816 1584 1136 1649 diameter
1209 1584 1299 1649 sit
1372 1580 1976 1648 commensurabilis
2049 1586 2265 1659 costae,
2341 1586 2411 1647 et
2497 1601 2633 1645 non
2707 1582 2919 1646 solum

816 1684 1435 1765 commensurabiliS,
1482 1684 1597 1749 sed
1660 1684 1949 1770 aequalia,
2031 1704 2310 1769 quorum
2385 1686 2744 1768 utrumque
2819 1689 2920 1749 est

816 1786 1233 1873 impossibile.
1371 1786 1463 1852 Et
1536 1807 1713 1851 nunc
1781 1808 2108 1873 apponam
2175 1786 2500 1851 rationem
2575 1785 2920 1851 solutionis

764 1956 779 1967 ,
817 1910 1059 1969 eorum,
1107 1910 1255 1975 quae
1300 1894 1401 1955 est
1462 1888 1649 1955 clava
1696 1887 2043 1967 Herculisg
2088 1909 2222 1973 qua
2267 1887 2500 1967 soluta,
2547 1888 2720 1973 perit
2771 1892 2919 1953 tota

472 2209 585 2263 The
606 2212 724 2263 doc-

466 2278 597 2331 trine
611 2278 793 2331 stated:

471 3131 569 3181 and
585 3130 783 3182 cleared

471 3198 532 3247 of
544 3198 611 3246 its

471 3265 653 3328 logical

470 3331 767 3397 ambiguity.

819 2013 1042 2057 eorum
1088 1992 1455 2081 phantasia.
1537 1990 1629 2056 Et
1672 1990 1854 2056 istud
1900 1990 2093 2056 valde
2137 1990 2678 2057 considerandum
2725 1995 2823 2057 est
2855 1995 2922 2056 et

818 2095 1205 2160 notandum.

911 2198 1163 2263 Dicunt
1208 2198 1383 2263 enim
1430 2197 1562 2262 sic:
1612 2197 1827 2263 Omne
1879 2216 2110 2283 corpus
2154 2200 2371 2282 potest
2421 2194 2634 2261 dividi
2689 2216 2917 2261 secun-

819 2301 977 2367 dum
1053 2301 1276 2365 omnia
1348 2306 1614 2387 puncta,
1720 2299 1879 2386 quia
1952 2299 2338 2365 continuum
2411 2303 2631 2385 potest
2705 2299 2918 2365 dividi

816 2404 1076 2490 ubique,
1124 2409 1195 2469 et
1237 2425 1369 2489 qua
1412 2404 1667 2468 ratione
1734 2403 1806 2466 in
1868 2423 2003 2468 uno
2065 2402 2205 2466 loco
2251 2405 2320 2466 et
2383 2402 2454 2465 in
2521 2401 2667 2467 alio.
2785 2400 2919 2467 Sed

816 2507 1028 2591 posito
1072 2505 1383 2592 possibili,
1414 2526 1553 2569 non
1593 2504 1831 2570 accidit
1873 2502 2285 2590 impossibile.
2379 2503 2572 2589 ErgO,
2621 2504 2677 2569 si
2721 2526 2923 2591 pona-

816 2628 963 2672 mus
1007 2628 1237 2692 corpus
1282 2627 1419 2671 esse
1463 2606 1750 2671 divisum
1795 2606 2152 2671 secundum
2198 2606 2421 2671 omnia
2475 2610 2737 2692 puncta,
2784 2628 2919 2671 non

818 2714 919 2773 est
964 2708 1441 2773 inconveniens.
1536 2707 1667 2773 Sed
1728 2731 1831 2773 res
1893 2710 2302 2794 componitur
2347 2729 2432 2771 ex
2477 2710 2588 2788 eie,
2635 2708 2708 2771 in
2771 2730 2920 2795 quae

817 2809 1157 2876 dividitur.
1252 2808 1430 2898 Ergo
1477 2830 1709 2897 corpus
1754 2810 2167 2898 componitur
2211 2832 2296 2876 ex
2327 2811 2590 2898 punctis
2619 2810 2922 2876 indivisi-

818 2913 1063 2978 bilibus
1109 2935 1224 2978 seu
1268 2935 1353 2977 ex
1372 2914 1391 2952 ¹
1438 2913 1692 2993 atomis,
1743 2914 1905 3000 quia
1948 2919 2208 2980 atomus
2253 2913 2603 3000 respondet
2645 2914 2918 3002 corpori,

816 3015 987 3081 sicut
1027 3020 1315 3102 punctus
1358 3015 1565 3082 lineae.

908 3117 1017 3182 Ad
1062 3117 1185 3183 hoc
1221 3115 1810 3204 distinguendum’
1855 3121 1957 3182 est
1999 3119 2228 3204 prime,
2261 3118 2620 3184 secundum
2664 3140 2921 3206 compo—

818 3220 1125 3286 sitionem
1174 3225 1242 3286 et
1305 3219 1711 3286 divisionem.
1837 3219 2008 3286 Cum
2068 3221 2312 3286 dieitur
2356 3227 2393 3256 “
2413 3242 2644 3307 corpus
2707 3227 2923 3308 potest

820 3329 858 3359 “
887 3322 1098 3389 dividi
1142 3323 1499 3388 secundum
1546 3323 1768 3388 omnia
1808 3320 2111 3409 puncta,''
2141 3321 2240 3387 si³
2268 3321 2410 3388 haec
2439 3324 2920 3406 determinatiO,

816 3425 1199 3493 secundum
1265 3423 1508 3492 omnia
1564 3431 1852 3512 puncta,
1909 3424 2303 3490 determinet
2347 3425 2468 3491 hoc
2535 3426 2712 3512 quod
2759 3426 2920 3504 dico,

807 3535 1023 3615 potest
1098 3527 1349 3608 dividi,
1418 3528 1525 3593 vel
1590 3527 1848 3592 ratione
1897 3525 2041 3611 ejus
2093 3527 2270 3612 quod
2337 3533 2440 3592 est
2504 3527 2759 3607 dividi,
2829 3531 2923 3594 sic

816 3631 981 3695 falsa
1044 3635 1188 3710 est3
1247 3631 1403 3715 quia
1445 3629 1567 3694 hoc
1612 3628 1884 3693 verbum
1947 3627 2183 3694 dividi
2227 3635 2330 3694 est
2371 3629 2714 3715 praesentis
2759 3637 2922 3697 tem*

818 3732 1041 3818 poris,⁴
1116 3736 1187 3796 et
1252 3730 1579 3817 significat
1642 3729 1965 3795 actua-lem
2035 3731 2430 3796 divisionem
2499 3733 2789 3819 corporis
2847 3736 2922 3800 in

817 3838 1064 3920 puncta
1122 3832 1357 3912 omnia,
1422 3831 1599 3917 quod
1664 3838 1767 3896 est
1833 3832 2277 3918 impossibile;
2353 3834 2462 3899 vel
2529 3841 2748 3920 potest
2813 3837 2924 3901 de-

818 3934 1172 3999 terminare
1217 3933 1341 3998 boc
1384 3934 1557 4020 quod
1618 3938 1721 3998 est
1758 3941 1990 4019 potest,
2038 3940 2108 4000 et
2151 3941 2312 4000 tunc
2380 3935 2918 4024 distinguendum

818 4035 1177 4102 secundum
1208 4035 1810 4120 aequivocationem.
1860 4034 2034 4116 Quia
2076 4037 2200 4102 hoc
2246 4039 2519 4103 verbum
2556 4046 2771 4124 potest
2801 4047 2922 4106 aut

818 4137 1216 4225 significabit
1289 4137 1669 4223 potentiam,
1750 4160 1898 4224 quae
1973 4143 2190 4225 potest
2251 4140 2474 4205 reduci
2537 4141 2624 4206 ad
2698 4149 2920 4208 actum

817 4261 1059 4328 purum
1102 4244 1171 4305 et
1214 4239 1649 4326 completum;
1716 4245 1787 4304 et
1849 4245 2008 4305 tunc
2069 4241 2283 4307 adhuc
2327 4239 2493 4306 falsa
2543 4247 2646 4308 est
2691 4247 2918 4323 oratio,

819 4343 976 4429 q’uia
1041 4341 1339 4429 potentia
1382 4339 1727 4406 divisionis
1771 4341 1846 4406 in
1889 4363 2155 4428 corpore
2222 4364 2357 4409 non
2424 4351 2640 4432 potest
2701 4347 2920 4414 reduci

884 4658 900 4689 ¹
924 4657 1011 4724 et]
1049 4673 1145 4708 om.
1181 4657 1243 4709 T.
1989 4657 2009 4688 ⁸
2030 4657 2102 4724 si]
2130 4658 2234 4720 sed,
2260 4657 2320 4708 L.

885 4740 907 4768 ²
927 4735 1338 4802 distinquendum]
1410 4735 1677 4788 dicendum
1730 4745 1820 4797 est,
1988 4737 2008 4766 ⁴
2021 4739 2281 4802 pratentis
2358 4739 2605 4805 temporis]
2687 4744 2925 4808 temporis

820 4815 880 4866 T.
1922 4815 2194 4880 praesentis,
2229 4815 2291 4867 T.
