3517 5750
914 862 1045 927 350
1672 874 1932 925 Rosam
1977 872 2271 923 mcoms

570 1064 851 1129 Ignoranee
910 1070 1099 1115 suam
1142 1070 1257 1135 per
1300 1047 1601 1135 linguas;
1647 1052 1717 1113 et
1763 1046 1856 1113 sic
1899 1046 2153 1113 faciunt
2193 1047 2312 1113 alii
2355 1046 2582 1127 sancti,
2615 1051 2684 1112 et
2725 1046 3014 1115 maxime

572 1132 632 1179 οἳ
652 1130 884 1180 Heln-ew.
910 1152 993 1216 de
1044 1152 1311 1231 Graeco3
1360 1154 1429 1215 et
1480 1150 1804 1237 praecipue
1853 1150 2283 1237 Augustinus.
2375 1148 2510 1215 Sed
2553 1171 2674 1215 nos
2725 1149 3012 1235 theologi

909 1254 1286 1338 ignoramus
1319 1252 1515 1339 [esse]
1552 1253 1696 1338 ipsa
1724 1251 2094 1337 alphabeta,
2118 1256 2520 1339 quapropter
2548 1256 2810 1337 oportet
2839 1251 3014 1337 quod

908 1358 1283 1441 ignoremus
1330 1356 1459 1421 Dei
1504 1360 1773 1421 textum
1823 1360 1893 1419 et
1939 1353 2384 1440 expositiones
2433 1359 2820 1419 sanctorum.
2923 1353 3013 1419 Et

910 1460 982 1523 in
1025 1458 1227 1525 tertia
1269 1464 1457 1545 parte
1497 1457 1694 1523 istius
1738 1458 1954 1543 operis
1997 1458 2186 1543 posui
2229 1456 2422 1543 plura
2463 1457 2764 1543 exempla
2807 1456 3014 1521 mani-

911 1560 1065 1627 festi
1111 1562 1365 1641 erroris,
1396 1567 1465 1626 et
1508 1560 1718 1647 gratis
1763 1560 1951 1647 posui
1989 1559 2086 1624 ibi
2125 1559 2480 1646 alphabeta
2521 1558 2914 1645 linguarum,
2943 1561 3015 1623 et

914 1686 993 1728 ea
1037 1686 1185 1749 quae
1228 1664 1593 1729 necessaria
1636 1668 1795 1729 sunt
1837 1663 1922 1727 ad
1969 1661 2397 1749 intelligenda
2441 1661 2558 1725 illa
2601 1661 2919 1747 exempla,
2947 1665 3016 1727 et

914 1766 1127 1830 multa
1193 1765 1338 1831 alia.
1434 1764 1753 1852 Prologus
1819 1785 1976 1829 vero
2043 1764 2196 1828 libri
2245 1764 2518 1850 Regum,
2567 1764 2680 1850 qui
2741 1768 3018 1828 vocatur

910 1866 1236 1955 yaleatus,
1286 1868 1578 1933 ostendit
1635 1868 1827 1933 nobis
1887 1864 2066 1953 quod
2125 1864 2438 1931 debemus
2497 1866 2660 1931 seire
2709 1866 3015 1953 alphabe-

915 1976 1061 2038 tum
1109 1968 1485 2037 chraeum.
1577 1968 1756 2035 Nam
1801 1968 1898 2034 ibi
1947 1968 2247 2055 tangitur
2296 1990 2610 2035 numerus
2663 1969 3014 2033 elemento-

913 2095 1063 2139 rum
1107 2072 1445 2160 alphabeti
1492 2071 1783 2149 Hebraei,
1831 2076 1902 2136 et
1943 2092 2255 2137 numerus
2305 2071 2668 2159 figurarum
2711 2070 3016 2157 ejusdem.

916 2176 1008 2241 Et
1066 2175 1311 2241 dicitur
1354 2174 1531 2261 quod
1588 2179 1747 2239 sunt
1805 2172 2050 2239 diversi
2108 2173 2406 2253 numeri3
2457 2177 2527 2239 et
2579 2173 2753 2259 quod
2801 2172 3022 2259 aliqua

914 2278 1241 2345 elementa
1306 2278 1557 2343 habent
1624 2276 1914 2363 duplices
1987 2275 2278 2363 figuras;
2353 2280 2424 2340 et
2488 2277 2664 2362 quod
2723 2276 3018 2341 scribunt

917 2381 1111 2447 aliter
1161 2380 1429 2447 Hebraei
1486 2378 1814 2466 principia
1875 2379 2240 2445 dictionum
2300 2382 2370 2443 et
2430 2379 2625 2443 aliter
2681 2379 2846 2445 fines
2905 2400 3019 2465 per

916 2484 1207 2551 diversas
1282 2484 1528 2571 figuras
1603 2482 1896 2569 ejusdem
1971 2480 2296 2546 elementi.
2407 2480 2500 2547 Et
2575 2482 2787 2548 multa
2858 2482 3020 2545 talia

916 2588 1139 2672 tangit
1192 2585 1297 2650 hic
1344 2585 1697 2671 prologus;
1758 2584 1983 2649 nuUus
2043 2589 2267 2649 autem
2325 2588 2546 2671 potest
2594 2585 2718 2653 hoe
2774 2584 3016 2649 intelli-

916 2710 1085 2775 gere,
1116 2688 1245 2753 nisi
1292 2688 1457 2753 sciat
1500 2685 1922 2772 alphabetum
1969 2686 2328 2753 Hebraeum
2373 2690 2444 2751 et
2487 2686 3018 2773 orthographiam

918 2812 1161 2855 eorum.
1252 2789 1343 2855 Et
1388 2788 1537 2854 ideo
1582 2789 1806 2854 nullus
1849 2788 2180 2876 intelliget
2221 2789 2476 2876 galeam
2519 2789 2714 2875 hujus
2766 2788 3016 2876 prologi

918 2891 1267 2978 magnifici,
1332 2892 1463 2956 nisi
1530 2893 1904 2978 gustaverit
1979 2893 2518 2980 orthographiam
2582 2893 3016 2958 Hebraeorum

917 3000 987 3060 et
1030 2994 1475 3079 alphabetum.

1008 3095 1329 3162 Similiter
1391 3119 1539 3162 cum
1592 3095 1639 3160 J
1642 3096 1916 3162 eremias
1991 3095 2414 3184 prophetavit
2487 3103 2718 3164 contra
2791 3098 3018 3180 Babel‚

916 3219 1053 3264 non
1114 3219 1309 3264 ausus
1367 3197 1497 3264 fuit
1557 3219 1798 3284 ponere
1856 3199 1980 3264 hoc
2029 3200 2324 3279 verbum,
2381 3221 2464 3264 ne
2523 3201 2870 3266 suscitaret
2919 3202 3020 3266 fu-

916 3323 1128 3368 rorem
1176 3301 1584 3368 Caldaeorum
1646 3306 1875 3366 contra
1933 3303 2150 3388 ipsum
2202 3307 2272 3366 et
2318 3301 2630 3388 populum
2677 3303 2846 3384 Dei3
2907 3303 3022 3368 sed

920 3406 1144 3492 posuit
1195 3403 1437 3472 Sesaclz
1489 3427 1607 3490 pro
1669 3403 1889 3468 Babel.
1999 3403 2206 3490 Cujus
2259 3405 2546 3469 nominis
2605 3405 2775 3470 ratio
2835 3405 3020 3470 nullo

920 3507 1112 3573 modo
1143 3513 1362 3594 potest
1390 3507 1559 3586 sciri,
1590 3505 1721 3570 nisi
1749 3505 1945 3570 homo
1985 3506 2152 3570 sciat
2181 3505 2606 3592 alphabetum
2639 3507 3016 3574 Hebraeum.

920 3609 1011 3676 Et
1055 3633 1259 3696 quum
1305 3609 1470 3675 bene
1516 3608 1847 3674 studuerit
1893 3607 2073 3688 scire,
2104 3628 2240 3673 non
2285 3615 2504 3693 potest
2547 3610 2863 3675 nescienti
2905 3632 3018 3674 ex-

918 3712 1159 3797 plicare
1218 3712 1348 3776 nisi
1406 3711 1619 3796 primo
1690 3710 1927 3775 docent
1992 3731 2144 3774 eum
2202 3709 2672 3796 alphabetum3
2735 3733 2856 3776 nec
2914 3712 3021 3776 hic

916 3815 1159 3898 possim
1218 3813 1343 3878 hoc
1402 3832 1725 3898 exponere
1771 3812 1900 3878 nisi
1955 3813 2113 3898 quia
2162 3813 2352 3898 posui
2403 3813 2828 3899 alphabetum
2882 3813 3018 3878 He-

917 3915 1169 3980 braeum
1199 3914 1272 3978 in
1301 3936 1491 4000 opere
1522 3914 1699 3998 quod
1738 3915 1952 3980 mitto.
2047 3914 2223 3980 Nam
2265 3937 2417 3980 cum
2448 3915 2655 3982 Babel
2695 3918 3020 3984 scribatur

917 4037 1034 4102 per
1078 4017 1207 4080 duo
1240 4013 1396 4094 beth,
1430 4021 1497 4080 et
1526 4037 1735 4081 unum
1779 4015 2033 4082 lamech
2064 4023 2472 4103 punctuatur
2499 4041 2680 4086 more
2713 4019 3016 4102 Hebraeo,

917 4118 1138 4203 posuit
1188 4119 1509 4205 propheta
1567 4118 1698 4183 duo
1746 4117 1866 4184 sin
1911 4141 2032 4206 pro
2081 4120 2337 4186 duobus
2386 4121 2543 4202 beth,
2592 4128 2661 4188 et
2705 4121 2878 4209 caph
2923 4143 3021 4186 se-

914 4220 1205 4286 cundum
1272 4243 1390 4308 pro
1458 4219 1731 4301 lamech,
1794 4229 1874 4286 ut
1941 4221 2239 4288 Chaldaei
2315 4245 2558 4290 nomen
2624 4225 3016 4311 ignorarent.

919 4323 1088 4390 Cum
1148 4329 1372 4388 tamen
1432 4324 1645 4389 omnis
1704 4322 1963 4404 habere,
2025 4325 2268 4406 videre,
2321 4331 2392 4391 et
2453 4327 2744 4392 dividere
2804 4331 3020 4414 posset

914 4426 1201 4492 nominis
1272 4427 1617 4506 rationem,
1680 4426 1838 4512 quia
1910 4448 2090 4497 more
2167 4449 2390 4492 eorum
2466 4434 2568 4494 est
2631 4427 3020 4495 instruendo

914 4551 1167 4618 parvos,
1224 4531 1401 4618 quod
1460 4531 1713 4595 faciunt
1774 4551 1883 4596 eos
1943 4530 2335 4617 conjungere
2381 4531 2664 4617 primam
2713 4553 2861 4598 cum
2919 4532 3018 4596 ul-

916 4633 1099 4714 tima,
1161 4639 1232 4698 et
1306 4633 1657 4700 secundam
1724 4654 1875 4697 cum
1949 4633 2370 4720 penultima3
2446 4639 2516 4699 et
2573 4635 2668 4699 sic
2740 4635 3018 4702 ulterius

914 4755 1119 4823 usque
1166 4735 1256 4802 ad
1306 4737 1469 4802 duas
1514 4735 1768 4802 medias
1815 4735 2014 4802 simul
2063 4735 2328 4824 positas,
2381 4737 2630 4804 scilicet
2691 4737 2868 4826 caph
2922 4759 3020 4806 se-
