3517 5750
922 860 1053 929 352
1676 874 1934 924 nocem
1981 872 2269 923 memus

920 1046 1093 1131 quod
1142 1066 1275 1110 non
1320 1050 1539 1132 potest
1585 1066 1723 1111 esse
1768 1044 2102 1109 ablativus
2149 1064 2352 1123 casae,
2397 1043 2512 1108 sed
2578 1040 3026 1107 nominativus

918 1147 1140 1212 neutri
1186 1146 1456 1233 generiS,
1490 1146 1663 1213 sicut
1706 1148 1886 1234 apud
1931 1168 2069 1212 nos.
2163 1146 2256 1211 Et
2297 1146 2447 1211 ideo
2491 1145 2813 1231 glossator
2855 1142 3024 1207 male

918 1248 1080 1314 dicit
1154 1250 1333 1335 quod
1392 1254 1613 1337 potest
1670 1270 1808 1315 esee
1873 1248 2154 1314 ablativi
2219 1270 2405 1313 casus
2463 1246 2570 1311 vel
2630 1243 3026 1310 nominativi

916 1350 1386 1417 indifferenter.
1508 1350 1601 1417 Et
1676 1352 1747 1415 in
1831 1350 2171 1430 Matthaeo,
2248 1350 2630 1415 duodecimo
2719 1346 3021 1433 eapitulo,

920 1460 955 1487 “
1004 1452 1291 1539 Spiritus
1352 1452 1761 1541 blasphemia
1779 1450 1816 1477 ’³
1862 1452 2060 1518 debet
2119 1450 2265 1527 dici,
2329 1457 2400 1516 et
2463 1472 2598 1515 non
2671 1458 2708 1484 “
2739 1449 3025 1535 Spiritus

922 1560 957 1589 “
1002 1552 1479 1642 blasphemiae‚'’
1510 1555 1669 1641 quia
1712 1552 1984 1641 spiritus
2027 1559 2130 1619 est
2173 1553 2454 1641 genitivi
2495 1573 2694 1627 casus,
2729 1573 2806 1617 eo
2851 1551 3024 1636 quod

919 1656 990 1721 in
1023 1656 1249 1723 Graeco
1279 1657 1550 1745 ponitur
1592 1658 1934 1739 πνεύματος,
1975 1654 2152 1741 quod
2195 1660 2297 1720 est
2323 1655 2656 1741 genitivus
2683 1654 2881 1737 hujus
2909 1674 3026 1717 no·
3129 1724 3134 1729 ,

920 1758 1115 1824 minis
1179 1780 1437 1825 neum
1454 1782 1482 1839 ;
1544 1760 1721 1824 unde
1775 1758 2046 1844 spiritus
2105 1762 2208 1821 est
2257 1756 2660 1843 blasphemia
2719 1755 3022 1843 SpirituS,

918 1866 989 1925 et
1036 1882 1169 1925 non
1222 1860 1491 1948 spiritus
1537 1859 1969 1947 blaephemiae.
2063 1858 2154 1924 Et
2201 1856 2322 1924 hoc
2363 1862 2552 1945 patet
2595 1857 2827 1937 aliter3
2869 1878 3021 1921 nam

920 1961 1215 2047 spiritus
1274 1961 1705 2049 blasphemiae
1765 1968 1868 2027 est
1927 1961 2140 2025 malus
2206 1960 2494 2047 spiritus,
2555 1958 2670 2025 sed
2731 1958 3026 2045 blasphe-

920 2065 1055 2129 mia
1128 2064 1417 2152 Spiritus
1507 2063 1735 2129 Sancti
1813 2062 2130 2149 accipitur
2203 2062 2319 2142 ibi,
2393 2062 2566 2127 sicut
2654 2065 2842 2147 patet
2909 2082 3028 2146 per

922 2172 1185 2231 textum
1230 2174 1655 2252 sequentem3
1710 2170 1781 2231 et
1843 2186 1958 2251 per
2021 2164 2341 2243 Marcum,
2391 2162 2674 2229 secundo
2727 2163 3026 2249 capitulo.

923 2268 1013 2333 Et
1078 2270 1223 2334 ideo
1286 2290 1563 2355 magnus
1626 2266 1868 2333 accidit
1925 2288 2107 2332 error
2173 2286 2323 2331 cum
2387 2265 2676 2352 Spiritus
2751 2263 3028 2329 Sanctus

920 2376 1361 2436 commutetur
1404 2370 1477 2433 in
1522 2370 1830 2456 spiritum
1877 2368 2258 2454 malignum.
2351 2366 2442 2431 Et
2485 2371 2763 2453 possunt
2806 2366 3026 2431 induci

921 2460 1220 2559 esempla
1282 2472 1653 2537 communia
1712 2470 1784 2535 in
1851 2469 2136 2535 Hebraeo
2211 2474 2282 2535 et
2357 2468 2586 2535 Graeco
2653 2470 2738 2533 de
2805 2468 3027 2533 Veteri

920 2574 1337 2639 Testamento
1368 2596 1383 2653 ;
1428 2573 1604 2639 unde
1650 2571 2084 2657 Augustinus,
2121 2572 2221 2636 De
2267 2570 2592 2635 Doctrina
2636 2570 3026 2647 Christiana,

920 2676 991 2740 in
1036 2676 1203 2741 libro
1248 2676 1425 2741 dicit.
1495 2725 1509 2741 .
1579 2726 1592 2741 .
1657 2673 1695 2739 ‚¹
1767 2674 2088 2739 Similiter
2129 2676 2204 2737 in
2253 2671 2490 2737 Genesi
2535 2672 2812 2759 legimus
2857 2673 3026 2758 quod

920 2777 966 2841 J
969 2778 1131 2841 udas
1222 2776 1505 2842 tradidit
1576 2798 1695 2863 pro
1771 2777 2092 2841 arrabone
2114 2774 2140 2811 ²
2209 2774 2510 2852 Thamor,
2586 2774 2892 2840 baculum
2959 2778 3030 2839 et

920 2878 1238 2943 annulum
1298 2885 1433 2964 'pro
1506 2877 1697 2944 haedo
1775 2879 1858 2944 de
1932 2878 2255 2966 gregibus.
2369 2877 2461 2943 Et
2529 2877 2827 2943 doctores
2892 2899 3027 2941 mo-

924 2980 1113 3044 derni
1166 2979 1399 3044 dicunt
1450 2979 1626 3065 quod
1672 2979 1973 3046 arrabon
2021 2981 2198 3046 idem
2245 2986 2346 3047 est
2389 2979 2562 3066 quod
2619 3001 2808 3060 arra,
2855 2979 3030 3064 quod

923 3081 1159 3146 falsum
1224 3085 1338 3146 est.
1456 3081 1633 3146 Nam
1694 3103 1868 3148 aon-a
1935 3083 2110 3169 apud
2173 3105 2398 3150 omnes
2461 3085 2561 3147 est
2622 3102 2774 3168 pars
2835 3081 3030 3168 pretii

922 3206 1073 3270 quae
1132 3185 1344 3271 primo
1404 3183 1615 3262 datur,
1670 3205 1792 3250 nec
1850 3185 2175 3271 repetitur
2249 3207 2292 3250 a
2359 3183 2651 3250 debitore
2715 3205 2864 3249 cum
2931 3205 3028 3248 re-

924 3287 1185 3352 siduum
1230 3285 1549 3367 solvitur3
1612 3289 1682 3351 et
1734 3287 1884 3350 ideo
1934 3308 2056 3351 neo
2101 3291 2204 3352 est
2257 3287 2495 3374 pignus
2541 3286 2718 3371 quod
2775 3285 3033 3350 debitor

924 3389 1167 3476 repetit
1226 3409 1429 3476 quum
1498 3388 1786 3474 pretium
1849 3388 2064 3454 solvit.
2177 3387 2310 3454 Sed
2369 3387 2673 3455 arrabon
2729 3393 2833 3453 est
2893 3387 3029 3452 He-

924 3491 1189 3558 braeum.
1283 3491 1376 3556 Et
1418 3490 1721 3556 similiter
1765 3489 1840 3555 in
1883 3490 2110 3556 Graeco
2157 3489 2483 3555 scribitur.
2579 3489 2672 3554 Et
2709 3489 3030 3555 Hebraeus

924 3593 1267 3660 constituit
1315 3593 1409 3658 ibi
1458 3593 1713 3679 pignus,
1761 3597 1844 3656 ut
1895 3591 2176 3678 quilibet
2221 3591 2454 3657 videns
2511 3591 2818 3658 literatus
2864 3591 3030 3656 bene

924 3695 1091 3775 scit3
1157 3695 1335 3780 quod
1397 3699 1466 3759 et
1528 3699 1715 3779 patet
1775 3715 1892 3780 per
1949 3697 2212 3758 textum
2277 3693 2558 3759 Genesis.
2653 3692 2826 3774 Quia
2881 3715 3024 3758 cum

924 3795 972 3860 J
978 3796 1137 3860 udas
1194 3817 1329 3860 non
1386 3795 1623 3858 habuit
1682 3793 1944 3859 haedum
2003 3801 2408 3881 praesentem,
2457 3795 2644 3860 dedit
2687 3794 2748 3860 ei
2793 3796 3030 3881 pignus

924 3901 995 3960 et
1058 3896 1429 3961 memoriale
1491 3917 1607 3981 pro
1675 3895 1880 3961 haedo.
1975 3895 2174 3961 Unde
2235 3919 2369 3962 non
2430 3897 2616 3962 dedit
2661 3896 2723 3961 ei
2775 3919 2988 3960 arram
3005 3895 3032 3931 ²³

926 3996 1200 4082 alicujus
1257 3997 1547 4082 pecuniae
1606 3997 2074 4082 persolvendae,
2121 3997 2236 4064 sed
2281 3999 2468 4064 dedit
2519 3997 2695 4084 quod
2740 4003 3034 4084 repetere

924 4099 1141 4163 voluit
1192 4099 1455 4184 quando
1508 4097 1795 4164 solverat
1846 4101 2022 4186 quod
2069 4100 2388 4187 promisit.
2481 4101 2576 4165 Et
2621 4101 2802 4166 istud
2849 4106 3034 4186 patet

924 4221 1041 4288 per
1096 4200 1313 4287 ipsum
1368 4201 1690 4266 Graecum.
1801 4201 1975 4266 Nam
2033 4203 2149 4267 ubi
2209 4223 2330 4267 nos
2389 4202 2708 4268 habemus
2745 4202 3033 4288 φέρηται,

928 4302 1197 4370 Graecus
1240 4302 1443 4368 habet
1488 4301 1828 4384 ‹zm-abon3
1887 4305 2064 4369 unde
2109 4305 2296 4391 Eph.‚
2343 4305 2556 4390 primo
2599 4305 2904 4392 capitulo,
2952 4304 3034 4369 de

1498 4519 1691 4525 ——-——-
1774 4519 1780 4524 ν
1840 4519 1849 4522 -
1879 4519 1888 4524 -
1924 4519 2031 4525 --—-—
2058 4515 2796 4526 -—————-.-..-—..———-———-
2825 4517 2858 4522 -ι
2881 4515 2943 4522 ——-
2967 4513 3016 4522 —-—

996 4653 1155 4705 ‘dicit
1187 4692 1200 4707 .
1236 4691 1251 4704 .
1286 4688 1301 4703 .
1342 4653 1367 4720 ]
1407 4653 1476 4705 So
1498 4654 1551 4704 in
1575 4653 1686 4706 MS.
2093 4652 2326 4718 ’ar-ram]
2364 4669 2542 4714 erram,
2579 4651 2691 4704 MS.

990 4735 1013 4765 2
1032 4733 1297 4800 arrabone]
1335 4749 1457 4784 aura
1477 4735 1623 4794 bone,
1646 4733 1757 4783 MS.
1821 4727 1828 4732 ’
