<?xml version="1.0" encoding="UTF-8"?>
<!DOCTYPE html PUBLIC "-//W3C//DTD XHTML 1.0 Transitional//EN"
    "http://www.w3.org/TR/xhtml1/DTD/xhtml1-transitional.dtd">
<html xmlns="http://www.w3.org/1999/xhtml" xml:lang="en" lang="en">
 <head>
  <title>
</title>
<meta http-equiv="Content-Type" content="text/html;charset=utf-8" />
  <meta name='ocr-system' content='tesseract 3.04.00' />
  <meta name='ocr-capabilities' content='ocr_page ocr_carea ocr_par ocr_line ocrx_word'/>
</head>
<body>
  <div class='ocr_page' id='page_1' title='image "./frrogeribaconop00brewgoog_0671.png"; bbox 0 0 3517 5750; ppageno 0'>
   <div class='ocr_carea' id='block_1_1' title="bbox 841 861 2131 932">
    <p class='ocr_par' dir='ltr' id='par_1_1' title="bbox 841 861 2131 932">
     <span class='ocr_line' id='line_1_1' title="bbox 841 861 2131 932; baseline -0.003 -2"><span class='ocrx_word' id='word_1_1' title='bbox 841 861 976 932; x_wconf 76' lang='lat'><strong>558</strong></span> <span class='ocrx_word' id='word_1_2' title='bbox 1649 877 2011 928; x_wconf 70' lang='lat' dir='ltr'><strong>APPstx</strong></span> <span class='ocrx_word' id='word_1_3' title='bbox 2060 875 2131 926; x_wconf 87' lang='lat'><strong>11.</strong></span> 
     </span>
    </p>
   </div>
   <div class='ocr_carea' id='block_1_2' title="bbox 831 1048 2949 4690">
    <p class='ocr_par' dir='ltr' id='par_1_2' title="bbox 841 1048 2949 1321">
     <span class='ocr_line' id='line_1_2' title="bbox 843 1048 2949 1136; baseline -0.003 -15"><span class='ocrx_word' id='word_1_4' title='bbox 843 1053 1134 1121; x_wconf 82' lang='lat' dir='ltr'><strong>subsellii</strong></span> <span class='ocrx_word' id='word_1_5' title='bbox 1189 1049 1570 1128; x_wconf 72' lang='lat' dir='ltr'><strong>scholastici,</strong></span> <span class='ocrx_word' id='word_1_6' title='bbox 1619 1051 1734 1136; x_wconf 89' lang='lat' dir='ltr'><strong>qui</strong></span> <span class='ocrx_word' id='word_1_7' title='bbox 1778 1072 1927 1116; x_wconf 90' lang='lat' dir='ltr'><strong>cum</strong></span> <span class='ocrx_word' id='word_1_8' title='bbox 1972 1049 2213 1117; x_wconf 79' lang='lat' dir='ltr'><strong>saeculo</strong></span> <span class='ocrx_word' id='word_1_9' title='bbox 2240 1048 2403 1132; x_wconf 69' lang='lat' dir='ltr'><strong>xiii„</strong></span> <span class='ocrx_word' id='word_1_10' title='bbox 2432 1051 2581 1115; x_wconf 86' lang='lat' dir='ltr'><strong>tum</strong></span> <span class='ocrx_word' id='word_1_11' title='bbox 2618 1050 2949 1136; x_wconf 87' lang='lat' dir='ltr'><strong>sequenti-</strong></span> 
     </span>
     <span class='ocr_line' id='line_1_3' title="bbox 842 1151 2947 1239; baseline -0.002 -19"><span class='ocrx_word' id='word_1_12' title='bbox 842 1155 966 1220; x_wconf 85' lang='lat' dir='ltr'><strong>bus</strong></span> <span class='ocrx_word' id='word_1_13' title='bbox 1023 1153 1260 1219; x_wconf 89' lang='lat' dir='ltr'><strong>deinde</strong></span> <span class='ocrx_word' id='word_1_14' title='bbox 1321 1151 1727 1238; x_wconf 89' lang='lat' dir='ltr'><strong>temporibus</strong></span> <span class='ocrx_word' id='word_1_15' title='bbox 1772 1152 2096 1230; x_wconf 87' lang='lat' dir='ltr'><strong>florentes,</strong></span> <span class='ocrx_word' id='word_1_16' title='bbox 2143 1151 2217 1217; x_wconf 90' lang='lat' dir='ltr'><strong>id</strong></span> <span class='ocrx_word' id='word_1_17' title='bbox 2270 1152 2487 1239; x_wconf 86' lang='lat' dir='ltr'><strong>ipsum</strong></span> <span class='ocrx_word' id='word_1_18' title='bbox 2554 1151 2947 1238; x_wconf 67' lang='lat' dir='ltr'><strong>scripserint.</strong></span> 
     </span>
     <span class='ocr_line' id='line_1_4' title="bbox 841 1254 1562 1321; baseline -0.006 1"><span class='ocrx_word' id='word_1_19' title='bbox 841 1255 976 1321; x_wconf 84' lang='lat' dir='ltr'><strong>Sed</strong></span> <span class='ocrx_word' id='word_1_20' title='bbox 1019 1255 1338 1320; x_wconf 84' lang='lat' dir='ltr'><strong>hactenus</strong></span> <span class='ocrx_word' id='word_1_21' title='bbox 1381 1254 1562 1319; x_wconf 85' lang='lat' dir='ltr'><strong>satis.</strong></span> 
     </span>
    </p>

    <p class='ocr_par' dir='ltr' id='par_1_3' title="bbox 833 1351 2944 4077">
     <span class='ocr_line' id='line_1_5' title="bbox 929 1351 2939 1444; baseline -0.003 -20"><span class='ocrx_word' id='word_1_22' title='bbox 929 1355 1242 1444; x_wconf 79' lang='lat' dir='ltr'><strong>Superest</strong></span> <span class='ocrx_word' id='word_1_23' title='bbox 1299 1355 1459 1443; x_wconf 87' lang='lat' dir='ltr'><strong>jam,</strong></span> <span class='ocrx_word' id='word_1_24' title='bbox 1513 1359 1608 1434; x_wconf 89' lang='lat' dir='ltr'><strong>ut,</strong></span> <span class='ocrx_word' id='word_1_25' title='bbox 1678 1373 1828 1440; x_wconf 81' lang='lat' dir='ltr'><strong>quae</strong></span> <span class='ocrx_word' id='word_1_26' title='bbox 1886 1353 1971 1420; x_wconf 89' lang='lat' dir='ltr'><strong>de</strong></span> <span class='ocrx_word' id='word_1_27' title='bbox 2052 1375 2123 1419; x_wconf 87' lang='lat' dir='ltr'><strong>re</strong></span> <span class='ocrx_word' id='word_1_28' title='bbox 2200 1353 2326 1419; x_wconf 85' lang='lat' dir='ltr'><strong>hac</strong></span> <span class='ocrx_word' id='word_1_29' title='bbox 2388 1353 2667 1420; x_wconf 77' lang='lat' dir='ltr'><strong>senserit</strong></span> <span class='ocrx_word' id='word_1_30' title='bbox 2752 1351 2939 1434; x_wconf 81' lang='lat' dir='ltr'><strong>Baco,</strong></span> 
     </span>
     <span class='ocr_line' id='line_1_6' title="bbox 839 1455 2941 1544; baseline -0.003 -19"><span class='ocrx_word' id='word_1_31' title='bbox 839 1457 1266 1544; x_wconf 85' lang='lat' dir='ltr'><strong>inquiramus.</strong></span> <span class='ocrx_word' id='word_1_32' title='bbox 1393 1455 1494 1522; x_wconf 84' lang='lat' dir='ltr'><strong>Ac</strong></span> <span class='ocrx_word' id='word_1_33' title='bbox 1557 1455 1845 1544; x_wconf 87' lang='lat' dir='ltr'><strong>primum</strong></span> <span class='ocrx_word' id='word_1_34' title='bbox 1910 1457 2003 1522; x_wconf 85' lang='lat' dir='ltr'><strong>sic</strong></span> <span class='ocrx_word' id='word_1_35' title='bbox 2064 1455 2439 1535; x_wconf 81' lang='lat' dir='ltr'><strong>statuimus,</strong></span> <span class='ocrx_word' id='word_1_36' title='bbox 2510 1461 2591 1520; x_wconf 91' lang='lat' dir='ltr'><strong>ut</strong></span> <span class='ocrx_word' id='word_1_37' title='bbox 2666 1455 2941 1541; x_wconf 88' lang='lat' dir='ltr'><strong>pseudo-</strong></span> 
     </span>
     <span class='ocr_line' id='line_1_7' title="bbox 839 1557 2941 1646; baseline -0.002 -20"><span class='ocrx_word' id='word_1_38' title='bbox 839 1561 1317 1646; x_wconf 84' lang='lat' dir='ltr'><strong>astrologorum</strong></span> <span class='ocrx_word' id='word_1_39' title='bbox 1400 1559 1718 1646; x_wconf 80' lang='lat' dir='ltr'><strong>praedicta</strong></span> <span class='ocrx_word' id='word_1_40' title='bbox 1816 1557 2122 1644; x_wconf 90' lang='lat' dir='ltr'><strong>rejecerit</strong></span> <span class='ocrx_word' id='word_1_41' title='bbox 2234 1563 2306 1622; x_wconf 90' lang='lat' dir='ltr'><strong>et</strong></span> <span class='ocrx_word' id='word_1_42' title='bbox 2416 1561 2941 1622; x_wconf 80' lang='lat' dir='ltr'><strong>astronomorum</strong></span> 
     </span>
     <span class='ocr_line' id='line_1_8' title="bbox 840 1657 2943 1748; baseline -0.002 -22"><span class='ocrx_word' id='word_1_43' title='bbox 840 1661 1098 1748; x_wconf 80' lang='lat' dir='ltr'><strong>placitis</strong></span> <span class='ocrx_word' id='word_1_44' title='bbox 1173 1661 1541 1726; x_wconf 76' lang='lat' dir='ltr'><strong>adhaeserit</strong></span> <span class='ocrx_word' id='word_1_45' title='bbox 1683 1657 1790 1725; x_wconf 90' lang='lat' dir='ltr'><strong>Ut</strong></span> <span class='ocrx_word' id='word_1_46' title='bbox 1855 1663 1957 1725; x_wconf 87' lang='lat' dir='ltr'><strong>est</strong></span> <span class='ocrx_word' id='word_1_47' title='bbox 2024 1663 2325 1724; x_wconf 88' lang='lat' dir='ltr'><strong>nostrum</strong></span> <span class='ocrx_word' id='word_1_48' title='bbox 2408 1659 2733 1724; x_wconf 87' lang='lat' dir='ltr'><strong>Baconem</strong></span> <span class='ocrx_word' id='word_1_49' title='bbox 2793 1679 2943 1723; x_wconf 91' lang='lat' dir='ltr'><strong>cum</strong></span> 
     </span>
     <span class='ocr_line' id='line_1_9' title="bbox 843 1759 2939 1846; baseline -0.001 -20"><span class='ocrx_word' id='word_1_50' title='bbox 843 1763 1102 1828; x_wconf 81' lang='lat' dir='ltr'><strong>Bacone</strong></span> <span class='ocrx_word' id='word_1_51' title='bbox 1175 1761 1536 1840; x_wconf 85' lang='lat' dir='ltr'><strong>defendere,</strong></span> <span class='ocrx_word' id='word_1_52' title='bbox 1605 1761 1706 1826; x_wconf 86' lang='lat' dir='ltr'><strong>ita</strong></span> <span class='ocrx_word' id='word_1_53' title='bbox 1772 1779 2103 1826; x_wconf 73' lang='lat' dir='ltr'><strong>censorem</strong></span> <span class='ocrx_word' id='word_1_54' title='bbox 2158 1760 2439 1825; x_wconf 85' lang='lat' dir='ltr'><strong>Baconis</strong></span> <span class='ocrx_word' id='word_1_55' title='bbox 2508 1781 2644 1826; x_wconf 93' lang='lat' dir='ltr'><strong>non</strong></span> <span class='ocrx_word' id='word_1_56' title='bbox 2696 1759 2939 1846; x_wconf 83' lang='lat' dir='ltr'><strong>pigeat.</strong></span> 
     </span>
     <span class='ocr_line' id='line_1_10' title="bbox 843 1859 2943 1949; baseline -0.002 -20"><span class='ocrx_word' id='word_1_57' title='bbox 843 1863 913 1929; x_wconf 90' lang='lat' dir='ltr'><strong>Is</strong></span> <span class='ocrx_word' id='word_1_58' title='bbox 975 1884 1126 1930; x_wconf 90' lang='lat' dir='ltr'><strong>cum</strong></span> <span class='ocrx_word' id='word_1_59' title='bbox 1193 1883 1504 1949; x_wconf 83' lang='lat' dir='ltr'><strong>supernas</strong></span> <span class='ocrx_word' id='word_1_60' title='bbox 1565 1881 1667 1926; x_wconf 86' lang='lat' dir='ltr'><strong>res</strong></span> <span class='ocrx_word' id='word_1_61' title='bbox 1731 1863 1977 1948; x_wconf 84' lang='lat' dir='ltr'><strong>absque</strong></span> <span class='ocrx_word' id='word_1_62' title='bbox 2030 1861 2311 1926; x_wconf 86' lang='lat' dir='ltr'><strong>mathesi</strong></span> <span class='ocrx_word' id='word_1_63' title='bbox 2380 1861 2681 1947; x_wconf 86' lang='lat' dir='ltr'><strong>cognosci</strong></span> <span class='ocrx_word' id='word_1_64' title='bbox 2762 1859 2943 1925; x_wconf 87' lang='lat' dir='ltr'><strong>haud</strong></span> 
     </span>
     <span class='ocr_line' id='line_1_11' title="bbox 846 1959 2937 2052; baseline -0.003 -20"><span class='ocrx_word' id='word_1_65' title='bbox 846 1987 1034 2052; x_wconf 86' lang='lat' dir='ltr'><strong>posse</strong></span> <span class='ocrx_word' id='word_1_66' title='bbox 1111 1963 1547 2046; x_wconf 65' lang='lat' dir='ltr'><strong>contenderet,</strong></span> <span class='ocrx_word' id='word_1_67' title='bbox 1597 1967 1745 2028; x_wconf 87' lang='lat' dir='ltr'><strong>tum</strong></span> <span class='ocrx_word' id='word_1_68' title='bbox 1808 1959 1911 2028; x_wconf 84' lang='lat' dir='ltr'><strong>ita</strong></span> <span class='ocrx_word' id='word_1_69' title='bbox 1970 1962 2234 2028; x_wconf 84' lang='lat' dir='ltr'><strong>disserit</strong></span> <span class='ocrx_word' id='word_1_70' title='bbox 2294 1961 2449 2028; x_wconf 74' lang='lat' dir='ltr'><strong>dist.</strong></span> <span class='ocrx_word' id='word_1_71' title='bbox 2516 1965 2621 2042; x_wconf 89' lang='grc'><strong>11,</strong></span> <span class='ocrx_word' id='word_1_72' title='bbox 2684 1981 2826 2048; x_wconf 81' lang='lat' dir='ltr'><strong>cap.</strong></span> <span class='ocrx_word' id='word_1_73' title='bbox 2878 1967 2937 2042; x_wconf 90' lang='lat'><strong>1,</strong></span> 
     </span>
     <span class='ocr_line' id='line_1_12' title="bbox 850 2061 2944 2153; baseline -0.001 -23"><span class='ocrx_word' id='word_1_74' title='bbox 850 2085 998 2153; x_wconf 86' lang='lat' dir='ltr'><strong>pag.</strong></span> <span class='ocrx_word' id='word_1_75' title='bbox 1064 2069 1188 2132; x_wconf 79' lang='lat'><strong>48:</strong></span> <span class='ocrx_word' id='word_1_76' title='bbox 1269 2072 1308 2102; x_wconf 87' lang='lat'><em>“</em></span> <span class='ocrx_word' id='word_1_77' title='bbox 1329 2065 1500 2132; x_wconf 84' lang='lat' dir='ltr'><strong>Duae</strong></span> <span class='ocrx_word' id='word_1_78' title='bbox 1581 2061 1877 2130; x_wconf 77' lang='lat' dir='ltr'><strong>scientias</strong></span> <span class='ocrx_word' id='word_1_79' title='bbox 1958 2079 2217 2151; x_wconf 80' lang='lat' dir='ltr'><strong>magnae</strong></span> <span class='ocrx_word' id='word_1_80' title='bbox 2260 2065 2741 2130; x_wconf 70' lang='lat' dir='ltr'><strong>mathematicae</strong></span> <span class='ocrx_word' id='word_1_81' title='bbox 2786 2069 2944 2128; x_wconf 85' lang='lat' dir='ltr'><strong>sunt</strong></span> 
     </span>
     <span class='ocr_line' id='line_1_13' title="bbox 845 2163 2941 2251; baseline -0.001 -19"><span class='ocrx_word' id='word_1_82' title='bbox 845 2173 882 2202; x_wconf 87' lang='lat'><strong><em>“</em></strong></span> <span class='ocrx_word' id='word_1_83' title='bbox 927 2168 1012 2232; x_wconf 87' lang='lat' dir='ltr'><strong>de</strong></span> <span class='ocrx_word' id='word_1_84' title='bbox 1074 2163 1464 2245; x_wconf 85' lang='lat' dir='ltr'><strong>coelestibus,</strong></span> <span class='ocrx_word' id='word_1_85' title='bbox 1535 2187 1618 2232; x_wconf 89' lang='lat' dir='ltr'><strong>sc.</strong></span> <span class='ocrx_word' id='word_1_86' title='bbox 1681 2163 2037 2251; x_wconf 85' lang='lat' dir='ltr'><strong>astrologia</strong></span> <span class='ocrx_word' id='word_1_87' title='bbox 2122 2165 2526 2250; x_wconf 77' lang='lat' dir='ltr'><strong>speculativa</strong></span> <span class='ocrx_word' id='word_1_88' title='bbox 2592 2169 2664 2229; x_wconf 87' lang='lat' dir='ltr'><strong>et</strong></span> <span class='ocrx_word' id='word_1_89' title='bbox 2736 2170 2941 2229; x_wconf 84' lang='lat' dir='ltr'><strong>astro-</strong></span> 
     </span>
     <span class='ocr_line' id='line_1_14' title="bbox 841 2265 2941 2356; baseline -0.001 -23"><span class='ocrx_word' id='word_1_90' title='bbox 841 2275 878 2303; x_wconf 86' lang='lat'><em>“</em></span> <span class='ocrx_word' id='word_1_91' title='bbox 923 2267 1102 2356; x_wconf 83' lang='lat' dir='ltr'><strong>logia</strong></span> <span class='ocrx_word' id='word_1_92' title='bbox 1163 2267 1464 2354; x_wconf 76' lang='lat' dir='ltr'><strong>practica.</strong></span> <span class='ocrx_word' id='word_1_93' title='bbox 1591 2266 1817 2331; x_wconf 89' lang='lat' dir='ltr'><strong>Prima</strong></span> <span class='ocrx_word' id='word_1_94' title='bbox 1876 2265 2248 2352; x_wconf 87' lang='lat' dir='ltr'><strong>speculatur</strong></span> <span class='ocrx_word' id='word_1_95' title='bbox 2300 2266 2747 2352; x_wconf 69' lang='lat' dir='ltr'><strong>quantitatem</strong></span> <span class='ocrx_word' id='word_1_96' title='bbox 2804 2287 2941 2330; x_wconf 87' lang='lat' dir='ltr'><strong>om-</strong></span> 
     </span>
     <span class='ocr_line' id='line_1_15' title="bbox 841 2365 2944 2455; baseline -0.001 -21"><span class='ocrx_word' id='word_1_97' title='bbox 841 2377 878 2406; x_wconf 84' lang='lat'><strong>“</strong></span> <span class='ocrx_word' id='word_1_98' title='bbox 923 2370 1108 2434; x_wconf 86' lang='lat' dir='ltr'><strong>nium</strong></span> <span class='ocrx_word' id='word_1_99' title='bbox 1177 2391 1325 2455; x_wconf 83' lang='lat' dir='ltr'><strong>quae</strong></span> <span class='ocrx_word' id='word_1_100' title='bbox 1391 2372 1551 2433; x_wconf 88' lang='lat' dir='ltr'><strong>sunt</strong></span> <span class='ocrx_word' id='word_1_101' title='bbox 1617 2367 1688 2431; x_wconf 88' lang='lat' dir='ltr'><strong>in</strong></span> <span class='ocrx_word' id='word_1_102' title='bbox 1764 2366 2152 2445; x_wconf 88' lang='lat' dir='ltr'><strong>coelestibus,</strong></span> <span class='ocrx_word' id='word_1_103' title='bbox 2210 2373 2280 2433; x_wconf 90' lang='lat' dir='ltr'><strong>et</strong></span> <span class='ocrx_word' id='word_1_104' title='bbox 2344 2365 2569 2432; x_wconf 89' lang='lat' dir='ltr'><strong>omnia</strong></span> <span class='ocrx_word' id='word_1_105' title='bbox 2644 2387 2791 2453; x_wconf 84' lang='lat' dir='ltr'><strong>quae</strong></span> <span class='ocrx_word' id='word_1_106' title='bbox 2858 2365 2944 2432; x_wconf 87' lang='lat' dir='ltr'><strong>ad</strong></span> 
     </span>
     <span class='ocr_line' id='line_1_16' title="bbox 843 2468 2939 2556; baseline -0.002 -19"><span class='ocrx_word' id='word_1_107' title='bbox 843 2479 879 2506; x_wconf 88' lang='lat'><strong>“</strong></span> <span class='ocrx_word' id='word_1_108' title='bbox 925 2470 1370 2556; x_wconf 81' lang='lat' dir='ltr'><strong>quantitatem</strong></span> <span class='ocrx_word' id='word_1_109' title='bbox 1437 2470 1859 2546; x_wconf 86' lang='lat' dir='ltr'><strong>reducuntur,</strong></span> <span class='ocrx_word' id='word_1_110' title='bbox 1936 2473 2079 2534; x_wconf 87' lang='lat' dir='ltr'><strong>tam</strong></span> <span class='ocrx_word' id='word_1_111' title='bbox 2142 2468 2493 2534; x_wconf 82' lang='lat' dir='ltr'><strong>discretam</strong></span> <span class='ocrx_word' id='word_1_112' title='bbox 2548 2489 2745 2554; x_wconf 89' lang='lat' dir='ltr'><strong>quam</strong></span> <span class='ocrx_word' id='word_1_113' title='bbox 2790 2489 2939 2534; x_wconf 88' lang='lat' dir='ltr'><strong>con-</strong></span> 
     </span>
     <span class='ocr_line' id='line_1_17' title="bbox 839 2569 2941 2658; baseline -0.002 -20"><span class='ocrx_word' id='word_1_114' title='bbox 839 2577 876 2610; x_wconf 87' lang='lat'><strong>“</strong></span> <span class='ocrx_word' id='word_1_115' title='bbox 921 2573 1180 2638; x_wconf 88' lang='lat' dir='ltr'><strong>tinuam</strong></span> <span class='ocrx_word' id='word_1_116' title='bbox 1253 2571 1716 2658; x_wconf 78' lang='lat' dir='ltr'><strong>quantitatem.</strong></span> <span class='ocrx_word' id='word_1_117' title='bbox 1830 2569 2007 2634; x_wconf 88' lang='lat' dir='ltr'><strong>Nam</strong></span> <span class='ocrx_word' id='word_1_118' title='bbox 2068 2589 2413 2636; x_wconf 85' lang='lat' dir='ltr'><strong>numerum</strong></span> <span class='ocrx_word' id='word_1_119' title='bbox 2488 2570 2799 2635; x_wconf 86' lang='lat' dir='ltr'><strong>coelorum</strong></span> <span class='ocrx_word' id='word_1_120' title='bbox 2872 2572 2941 2634; x_wconf 84' lang='lat' dir='ltr'><strong>et</strong></span> 
     </span>
     <span class='ocr_line' id='line_1_18' title="bbox 837 2670 2939 2758; baseline -0.001 -20"><span class='ocrx_word' id='word_1_121' title='bbox 837 2677 876 2709; x_wconf 85' lang='lat'>“</span> <span class='ocrx_word' id='word_1_122' title='bbox 919 2675 1274 2752; x_wconf 86' lang='lat' dir='ltr'><strong>stellarum,</strong></span> <span class='ocrx_word' id='word_1_123' title='bbox 1344 2693 1622 2758; x_wconf 84' lang='lat' dir='ltr'><strong>quarum</strong></span> <span class='ocrx_word' id='word_1_124' title='bbox 1683 2671 2019 2757; x_wconf 78' lang='lat' dir='ltr'><strong>quantitas</strong></span> <span class='ocrx_word' id='word_1_125' title='bbox 2062 2675 2281 2758; x_wconf 88' lang='lat' dir='ltr'><strong>potest</strong></span> <span class='ocrx_word' id='word_1_126' title='bbox 2324 2691 2442 2756; x_wconf 88' lang='lat' dir='ltr'><strong>per</strong></span> <span class='ocrx_word' id='word_1_127' title='bbox 2498 2670 2939 2736; x_wconf 89' lang='lat' dir='ltr'><strong>instrumenta</strong></span> 
     </span>
     <span class='ocr_line' id='line_1_19' title="bbox 837 2771 2935 2859; baseline -0.001 -21"><span class='ocrx_word' id='word_1_128' title='bbox 837 2781 874 2810; x_wconf 91' lang='lat'><strong>“</strong></span> <span class='ocrx_word' id='word_1_129' title='bbox 919 2773 1398 2859; x_wconf 87' lang='lat' dir='ltr'><strong>comprehendi,</strong></span> <span class='ocrx_word' id='word_1_130' title='bbox 1447 2772 1787 2850; x_wconf 85' lang='lat' dir='ltr'><strong>certificat,</strong></span> <span class='ocrx_word' id='word_1_131' title='bbox 1832 2776 1904 2838; x_wconf 86' lang='lat' dir='ltr'><strong>et</strong></span> <span class='ocrx_word' id='word_1_132' title='bbox 1960 2771 2206 2858; x_wconf 80' lang='lat' dir='ltr'><strong>figuras</strong></span> <span class='ocrx_word' id='word_1_133' title='bbox 2258 2771 2576 2850; x_wconf 89' lang='lat' dir='ltr'><strong>omnium,</strong></span> <span class='ocrx_word' id='word_1_134' title='bbox 2624 2776 2697 2837; x_wconf 90' lang='lat' dir='ltr'><strong>et</strong></span> <span class='ocrx_word' id='word_1_135' title='bbox 2755 2791 2935 2857; x_wconf 83' lang='lat' dir='ltr'><strong>mag-</strong></span> 
     </span>
     <span class='ocr_line' id='line_1_20' title="bbox 837 2871 2933 2960; baseline 0 -23"><span class='ocrx_word' id='word_1_136' title='bbox 837 2882 876 2911; x_wconf 85' lang='lat'><strong>“</strong></span> <span class='ocrx_word' id='word_1_137' title='bbox 919 2873 1273 2951; x_wconf 89' lang='lat' dir='ltr'><strong>nitudines,</strong></span> <span class='ocrx_word' id='word_1_138' title='bbox 1321 2880 1391 2939; x_wconf 87' lang='lat' dir='ltr'><strong>et</strong></span> <span class='ocrx_word' id='word_1_139' title='bbox 1437 2872 1828 2939; x_wconf 79' lang='lat' dir='ltr'><strong>altitudines</strong></span> <span class='ocrx_word' id='word_1_140' title='bbox 1874 2896 1916 2938; x_wconf 87' lang='lat' dir='ltr'><strong>a</strong></span> <span class='ocrx_word' id='word_1_141' title='bbox 1960 2880 2155 2953; x_wconf 82' lang='lat' dir='ltr'><strong>terra,</strong></span> <span class='ocrx_word' id='word_1_142' title='bbox 2204 2894 2281 2939; x_wconf 86' lang='lat' dir='ltr'><strong>ac</strong></span> <span class='ocrx_word' id='word_1_143' title='bbox 2338 2871 2808 2960; x_wconf 86' lang='lat' dir='ltr'><strong>spissitudines,</strong></span> <span class='ocrx_word' id='word_1_144' title='bbox 2862 2878 2933 2938; x_wconf 90' lang='lat' dir='ltr'><strong>et</strong></span> 
     </span>
     <span class='ocr_line' id='line_1_21' title="bbox 837 2976 2937 3062; baseline -0 -22"><span class='ocrx_word' id='word_1_145' title='bbox 837 2984 874 3013; x_wconf 77' lang='lat'><strong>‘⁸</strong></span> <span class='ocrx_word' id='word_1_146' title='bbox 917 2996 1280 3052; x_wconf 89' lang='lat' dir='ltr'><strong>numerum,</strong></span> <span class='ocrx_word' id='word_1_147' title='bbox 1341 2994 1420 3039; x_wconf 87' lang='lat' dir='ltr'><strong>ac</strong></span> <span class='ocrx_word' id='word_1_148' title='bbox 1487 2976 2030 3061; x_wconf 83' lang='lat' dir='ltr'><strong>magnitudinem,</strong></span> <span class='ocrx_word' id='word_1_149' title='bbox 2086 2996 2161 3041; x_wconf 84' lang='lat' dir='ltr'><strong>ac</strong></span> <span class='ocrx_word' id='word_1_150' title='bbox 2204 2976 2609 3062; x_wconf 84' lang='lat' dir='ltr'><strong>parvitatem</strong></span> <span class='ocrx_word' id='word_1_151' title='bbox 2672 2980 2937 3040; x_wconf 87' lang='lat' dir='ltr'><strong>ortuum</strong></span> 
     </span>
     <span class='ocr_line' id='line_1_22' title="bbox 835 3076 2935 3163; baseline -0.001 -21"><span class='ocrx_word' id='word_1_152' title='bbox 835 3082 872 3114; x_wconf 80' lang='lat'><strong>‘¹</strong></span> <span class='ocrx_word' id='word_1_153' title='bbox 917 3081 990 3142; x_wconf 88' lang='lat' dir='ltr'><strong>et</strong></span> <span class='ocrx_word' id='word_1_154' title='bbox 1039 3096 1399 3156; x_wconf 84' lang='lat' dir='ltr'><strong>occasumn,</strong></span> <span class='ocrx_word' id='word_1_155' title='bbox 1469 3076 1825 3163; x_wconf 86' lang='lat' dir='ltr'><strong>signorum,</strong></span> <span class='ocrx_word' id='word_1_156' title='bbox 1876 3076 2232 3155; x_wconf 85' lang='lat' dir='ltr'><strong>stellarum,</strong></span> <span class='ocrx_word' id='word_1_157' title='bbox 2300 3082 2368 3142; x_wconf 87' lang='lat' dir='ltr'><strong>et</strong></span> <span class='ocrx_word' id='word_1_158' title='bbox 2425 3082 2729 3143; x_wconf 90' lang='lat' dir='ltr'><strong>motuum</strong></span> <span class='ocrx_word' id='word_1_159' title='bbox 2796 3080 2935 3141; x_wconf 85' lang='lat' dir='ltr'><strong>tam</strong></span> 
     </span>
     <span class='ocr_line' id='line_1_23' title="bbox 835 3176 2933 3266; baseline -0 -22"><span class='ocrx_word' id='word_1_160' title='bbox 835 3184 876 3217; x_wconf 73' lang='lat'><strong>‘³</strong></span> <span class='ocrx_word' id='word_1_161' title='bbox 919 3176 1234 3245; x_wconf 87' lang='lat' dir='ltr'><strong>coelorum</strong></span> <span class='ocrx_word' id='word_1_162' title='bbox 1295 3199 1494 3265; x_wconf 86' lang='lat' dir='ltr'><strong>quam</strong></span> <span class='ocrx_word' id='word_1_163' title='bbox 1555 3176 1913 3260; x_wconf 88' lang='lat' dir='ltr'><strong>stellarum,</strong></span> <span class='ocrx_word' id='word_1_164' title='bbox 1990 3181 2061 3244; x_wconf 90' lang='lat' dir='ltr'><strong>et</strong></span> <span class='ocrx_word' id='word_1_165' title='bbox 2121 3178 2529 3266; x_wconf 83' lang='lat' dir='ltr'><strong>quantitates</strong></span> <span class='ocrx_word' id='word_1_166' title='bbox 2582 3184 2653 3244; x_wconf 91' lang='lat' dir='ltr'><strong>et</strong></span> <span class='ocrx_word' id='word_1_167' title='bbox 2724 3180 2933 3243; x_wconf 80' lang='lat' dir='ltr'><strong>varie-</strong></span> 
     </span>
     <span class='ocr_line' id='line_1_24' title="bbox 835 3279 2933 3367; baseline -0.001 -21"><span class='ocrx_word' id='word_1_168' title='bbox 835 3280 875 3317; x_wconf 78' lang='lat'>“</span> <span class='ocrx_word' id='word_1_169' title='bbox 919 3284 1094 3347; x_wconf 85' lang='lat' dir='ltr'><strong>tates</strong></span> <span class='ocrx_word' id='word_1_170' title='bbox 1153 3280 1510 3367; x_wconf 88' lang='lat' dir='ltr'><strong>eclipsium,</strong></span> <span class='ocrx_word' id='word_1_171' title='bbox 1573 3284 1642 3345; x_wconf 90' lang='lat' dir='ltr'><strong>et</strong></span> <span class='ocrx_word' id='word_1_172' title='bbox 1711 3284 1965 3346; x_wconf 73' lang='lat' dir='ltr'><strong>coetera.</strong></span> <span class='ocrx_word' id='word_1_173' title='bbox 2032 3330 2049 3345; x_wconf 87' lang='lat'><strong><em>.</em></strong></span> <span class='ocrx_word' id='word_1_174' title='bbox 2098 3330 2111 3345; x_wconf 93' lang='lat'>.</span> <span class='ocrx_word' id='word_1_175' title='bbox 2155 3330 2171 3347; x_wconf 90' lang='lat'><strong>.</strong></span> <span class='ocrx_word' id='word_1_176' title='bbox 2236 3280 2532 3346; x_wconf 70' lang='lat' dir='ltr'><strong>Praetica</strong></span> <span class='ocrx_word' id='word_1_177' title='bbox 2603 3300 2761 3345; x_wconf 82' lang='lat' dir='ltr'><strong>vero</strong></span> <span class='ocrx_word' id='word_1_178' title='bbox 2820 3279 2933 3345; x_wconf 88' lang='lat' dir='ltr'><strong>de·-</strong></span> 
     </span>
     <span class='ocr_line' id='line_1_25' title="bbox 841 3377 2936 3462; baseline -0 -15"><span class='ocrx_word' id='word_1_179' title='bbox 841 3390 878 3418; x_wconf 87' lang='lat'><em>“</em></span> <span class='ocrx_word' id='word_1_180' title='bbox 923 3380 1180 3448; x_wconf 87' lang='lat' dir='ltr'><strong>scendit</strong></span> <span class='ocrx_word' id='word_1_181' title='bbox 1227 3382 1311 3447; x_wconf 87' lang='lat' dir='ltr'><strong>ad</strong></span> <span class='ocrx_word' id='word_1_182' title='bbox 1386 3382 1524 3462; x_wconf 88' lang='lat' dir='ltr'><strong>hoc,</strong></span> <span class='ocrx_word' id='word_1_183' title='bbox 1585 3382 1666 3447; x_wconf 88' lang='lat' dir='ltr'><strong>ut</strong></span> <span class='ocrx_word' id='word_1_184' title='bbox 1724 3380 1812 3446; x_wconf 87' lang='lat' dir='ltr'><strong>ad</strong></span> <span class='ocrx_word' id='word_1_185' title='bbox 1856 3402 2117 3447; x_wconf 85' lang='lat' dir='ltr'><strong>omnem</strong></span> <span class='ocrx_word' id='word_1_186' title='bbox 2178 3382 2409 3447; x_wconf 87' lang='lat' dir='ltr'><strong>horam</strong></span> <span class='ocrx_word' id='word_1_187' title='bbox 2472 3382 2750 3448; x_wconf 87' lang='lat' dir='ltr'><strong>sciamus</strong></span> <span class='ocrx_word' id='word_1_188' title='bbox 2794 3377 2936 3446; x_wconf 89' lang='lat' dir='ltr'><strong>loca</strong></span> 
     </span>
     <span class='ocr_line' id='line_1_26' title="bbox 847 3481 2937 3570; baseline -0.001 -21"><span class='ocrx_word' id='word_1_189' title='bbox 847 3490 884 3519; x_wconf 87' lang='lat'><em>“</em></span> <span class='ocrx_word' id='word_1_190' title='bbox 929 3485 1363 3570; x_wconf 88' lang='lat' dir='ltr'><strong>planetarum,</strong></span> <span class='ocrx_word' id='word_1_191' title='bbox 1411 3486 1482 3547; x_wconf 88' lang='lat' dir='ltr'><strong>et</strong></span> <span class='ocrx_word' id='word_1_192' title='bbox 1527 3481 1881 3561; x_wconf 83' lang='lat' dir='ltr'><strong>stellarum,</strong></span> <span class='ocrx_word' id='word_1_193' title='bbox 1948 3489 2017 3549; x_wconf 84' lang='lat' dir='ltr'><strong>et</strong></span> <span class='ocrx_word' id='word_1_194' title='bbox 2069 3488 2370 3569; x_wconf 84' lang='lat' dir='ltr'><strong>aspectus</strong></span> <span class='ocrx_word' id='word_1_195' title='bbox 2422 3486 2491 3549; x_wconf 89' lang='lat' dir='ltr'><strong>et</strong></span> <span class='ocrx_word' id='word_1_196' title='bbox 2562 3482 2937 3569; x_wconf 89' lang='lat' dir='ltr'><strong>compositi-</strong></span> 
     </span>
     <span class='ocr_line' id='line_1_27' title="bbox 835 3584 2933 3669; baseline -0 -19"><span class='ocrx_word' id='word_1_197' title='bbox 835 3592 872 3619; x_wconf 89' lang='lat'><strong>“</strong></span> <span class='ocrx_word' id='word_1_198' title='bbox 917 3606 1074 3650; x_wconf 83' lang='lat' dir='ltr'><strong>ones</strong></span> <span class='ocrx_word' id='word_1_199' title='bbox 1125 3604 1369 3664; x_wconf 73' lang='lat' dir='ltr'><strong>eam,</strong></span> <span class='ocrx_word' id='word_1_200' title='bbox 1412 3588 1484 3649; x_wconf 87' lang='lat' dir='ltr'><strong>et</strong></span> <span class='ocrx_word' id='word_1_201' title='bbox 1542 3585 1760 3649; x_wconf 88' lang='lat' dir='ltr'><strong>omnia</strong></span> <span class='ocrx_word' id='word_1_202' title='bbox 1804 3604 1955 3669; x_wconf 82' lang='lat' dir='ltr'><strong>quae</strong></span> <span class='ocrx_word' id='word_1_203' title='bbox 1997 3584 2071 3648; x_wconf 91' lang='lat' dir='ltr'><strong>in</strong></span> <span class='ocrx_word' id='word_1_204' title='bbox 2100 3585 2471 3651; x_wconf 69' lang='lat' dir='ltr'><strong>coelestibus</strong></span> <span class='ocrx_word' id='word_1_205' title='bbox 2514 3588 2933 3663; x_wconf 80' lang='lat' dir='ltr'><strong>renovantur,</strong></span> 
     </span>
     <span class='ocr_line' id='line_1_28' title="bbox 833 3683 2936 3773; baseline -0 -22"><span class='ocrx_word' id='word_1_206' title='bbox 833 3691 874 3723; x_wconf 75' lang='lat'><strong>‘⁸</strong></span> <span class='ocrx_word' id='word_1_207' title='bbox 919 3691 1119 3773; x_wconf 89' lang='lat' dir='ltr'><strong>atque</strong></span> <span class='ocrx_word' id='word_1_208' title='bbox 1178 3683 1514 3751; x_wconf 87' lang='lat' dir='ltr'><strong>descendit</strong></span> <span class='ocrx_word' id='word_1_209' title='bbox 1585 3685 1673 3750; x_wconf 90' lang='lat' dir='ltr'><strong>ad</strong></span> <span class='ocrx_word' id='word_1_210' title='bbox 1719 3706 1799 3751; x_wconf 89' lang='lat' dir='ltr'><strong>ea</strong></span> <span class='ocrx_word' id='word_1_211' title='bbox 1896 3706 2045 3771; x_wconf 86' lang='lat' dir='ltr'><strong>quae</strong></span> <span class='ocrx_word' id='word_1_212' title='bbox 2113 3686 2288 3751; x_wconf 87' lang='lat' dir='ltr'><strong>flunt</strong></span> <span class='ocrx_word' id='word_1_213' title='bbox 2346 3686 2419 3750; x_wconf 88' lang='lat' dir='ltr'><strong>in</strong></span> <span class='ocrx_word' id='word_1_214' title='bbox 2494 3692 2660 3765; x_wconf 78' lang='lat' dir='ltr'><strong>ae&#39;re,</strong></span> <span class='ocrx_word' id='word_1_215' title='bbox 2724 3686 2936 3772; x_wconf 86' lang='lat' dir='ltr'><strong>cujus-</strong></span> 
     </span>
     <span class='ocr_line' id='line_1_29' title="bbox 837 3783 2936 3867; baseline -0.001 -13"><span class='ocrx_word' id='word_1_216' title='bbox 837 3794 876 3825; x_wconf 90' lang='lat'><strong>“</strong></span> <span class='ocrx_word' id='word_1_217' title='bbox 919 3787 1100 3854; x_wconf 91' lang='lat' dir='ltr'><strong>modi</strong></span> <span class='ocrx_word' id='word_1_218' title='bbox 1158 3792 1317 3852; x_wconf 81' lang='lat' dir='ltr'><strong>sunt</strong></span> <span class='ocrx_word' id='word_1_219' title='bbox 1361 3793 1647 3867; x_wconf 78' lang='lat' dir='ltr'><strong>cometae,</strong></span> <span class='ocrx_word' id='word_1_220' title='bbox 1696 3792 1765 3852; x_wconf 89' lang='lat' dir='ltr'><strong>et</strong></span> <span class='ocrx_word' id='word_1_221' title='bbox 1824 3783 2043 3867; x_wconf 89' lang='lat' dir='ltr'><strong>irides,</strong></span> <span class='ocrx_word' id='word_1_222' title='bbox 2122 3794 2195 3853; x_wconf 90' lang='lat' dir='ltr'><strong>et</strong></span> <span class='ocrx_word' id='word_1_223' title='bbox 2290 3791 2529 3854; x_wconf 75' lang='lat' dir='ltr'><strong>caetera</strong></span> <span class='ocrx_word' id='word_1_224' title='bbox 2576 3788 2672 3852; x_wconf 91' lang='lat' dir='ltr'><strong>ibi</strong></span> <span class='ocrx_word' id='word_1_225' title='bbox 2748 3808 2936 3853; x_wconf 88' lang='lat' dir='ltr'><strong>reno-</strong></span> 
     </span>
     <span class='ocr_line' id='line_1_30' title="bbox 837 3886 2933 3969; baseline 0 -16"><span class='ocrx_word' id='word_1_226' title='bbox 837 3892 876 3926; x_wconf 85' lang='lat'>“</span> <span class='ocrx_word' id='word_1_227' title='bbox 917 3892 1094 3964; x_wconf 84' lang='lat' dir='ltr'><strong>vata,</strong></span> <span class='ocrx_word' id='word_1_228' title='bbox 1176 3893 1256 3952; x_wconf 88' lang='lat' dir='ltr'><strong>ut</strong></span> <span class='ocrx_word' id='word_1_229' title='bbox 1341 3888 1622 3955; x_wconf 85' lang='lat' dir='ltr'><strong>sciamus</strong></span> <span class='ocrx_word' id='word_1_230' title='bbox 1709 3886 1855 3954; x_wconf 87' lang='lat' dir='ltr'><strong>loca</strong></span> <span class='ocrx_word' id='word_1_231' title='bbox 1931 3908 2175 3967; x_wconf 87' lang='lat' dir='ltr'><strong>eorum,</strong></span> <span class='ocrx_word' id='word_1_232' title='bbox 2242 3893 2311 3954; x_wconf 90' lang='lat' dir='ltr'><strong>et</strong></span> <span class='ocrx_word' id='word_1_233' title='bbox 2378 3888 2785 3969; x_wconf 74' lang='lat' dir='ltr'><strong>altitudine8‚</strong></span> <span class='ocrx_word' id='word_1_234' title='bbox 2863 3892 2933 3953; x_wconf 89' lang='lat' dir='ltr'><strong>et</strong></span> 
     </span>
     <span class='ocr_line' id='line_1_31' title="bbox 836 3984 2311 4077; baseline 0.003 -27"><span class='ocrx_word' id='word_1_235' title='bbox 836 3994 876 4025; x_wconf 83' lang='lat'><strong>“</strong></span> <span class='ocrx_word' id='word_1_236' title='bbox 919 3986 1412 4074; x_wconf 83' lang='lat' dir='ltr'><strong>magnitudines</strong></span> <span class='ocrx_word' id='word_1_237' title='bbox 1459 3994 1530 4054; x_wconf 91' lang='lat' dir='ltr'><strong>et</strong></span> <span class='ocrx_word' id='word_1_238' title='bbox 1588 3984 1897 4077; x_wconf 82' lang='lat' dir='ltr'><strong>figuras,”</strong></span> <span class='ocrx_word' id='word_1_239' title='bbox 1946 3994 2015 4055; x_wconf 88' lang='lat' dir='ltr'><strong>et</strong></span> <span class='ocrx_word' id='word_1_240' title='bbox 2059 3995 2311 4056; x_wconf 60' lang='lat' dir='ltr'><strong>caetera„</strong></span> 
     </span>
    </p>

    <p class='ocr_par' dir='ltr' id='par_1_4' title="bbox 831 4088 2932 4690">
     <span class='ocr_line' id='line_1_32' title="bbox 925 4088 2932 4177; baseline 0 -20"><span class='ocrx_word' id='word_1_241' title='bbox 925 4090 1069 4157; x_wconf 82' lang='lat' dir='ltr'><strong>Sim</strong></span> <span class='ocrx_word' id='word_1_242' title='bbox 1135 4088 1441 4171; x_wconf 57' lang='lat' dir='ltr'><strong>menda,</strong></span> <span class='ocrx_word' id='word_1_243' title='bbox 1487 4092 1590 4169; x_wconf 78' lang='lat' dir='ltr'><strong>si,</strong></span> <span class='ocrx_word' id='word_1_244' title='bbox 1655 4112 1805 4177; x_wconf 76' lang='lat' dir='ltr'><strong>quse</strong></span> <span class='ocrx_word' id='word_1_245' title='bbox 1860 4090 2107 4158; x_wconf 83' lang='lat' dir='ltr'><strong>dixerit</strong></span> <span class='ocrx_word' id='word_1_246' title='bbox 2172 4092 2363 4171; x_wconf 80' lang='lat' dir='ltr'><strong>BacO,</strong></span> <span class='ocrx_word' id='word_1_247' title='bbox 2434 4094 2665 4158; x_wconf 82' lang='lat' dir='ltr'><strong>tonsor</strong></span> <span class='ocrx_word' id='word_1_248' title='bbox 2728 4091 2932 4177; x_wconf 87' lang='lat' dir='ltr'><strong>juxta</strong></span> 
     </span>
     <span class='ocr_line' id='line_1_33' title="bbox 834 4194 2931 4283; baseline -0.001 -20"><span class='ocrx_word' id='word_1_249' title='bbox 834 4218 910 4263; x_wconf 87' lang='lat' dir='ltr'><strong>ac</strong></span> <span class='ocrx_word' id='word_1_250' title='bbox 981 4196 1201 4283; x_wconf 87' lang='lat' dir='ltr'><strong>lippus</strong></span> <span class='ocrx_word' id='word_1_251' title='bbox 1253 4194 1434 4261; x_wconf 87' lang='lat' dir='ltr'><strong>haud</strong></span> <span class='ocrx_word' id='word_1_252' title='bbox 1480 4196 1881 4283; x_wconf 87' lang='lat' dir='ltr'><strong>intelligant.</strong></span> <span class='ocrx_word' id='word_1_253' title='bbox 1990 4198 2183 4262; x_wconf 89' lang='lat' dir='ltr'><strong>Prior</strong></span> <span class='ocrx_word' id='word_1_254' title='bbox 2227 4196 2602 4283; x_wconf 73' lang='lat' dir='ltr'><strong>astrologiae</strong></span> <span class='ocrx_word' id='word_1_255' title='bbox 2660 4218 2811 4283; x_wconf 86' lang='lat' dir='ltr'><strong>pars</strong></span> <span class='ocrx_word' id='word_1_256' title='bbox 2856 4196 2931 4261; x_wconf 94' lang='lat' dir='ltr'><strong>in</strong></span> 
     </span>
     <span class='ocr_line' id='line_1_34' title="bbox 834 4296 2931 4385; baseline -0.001 -21"><span class='ocrx_word' id='word_1_257' title='bbox 834 4317 912 4364; x_wconf 92' lang='lat' dir='ltr'><strong>eo</strong></span> <span class='ocrx_word' id='word_1_258' title='bbox 970 4296 1388 4384; x_wconf 89' lang='lat' dir='ltr'><strong>potissimum</strong></span> <span class='ocrx_word' id='word_1_259' title='bbox 1440 4300 1759 4377; x_wconf 82' lang='lat' dir='ltr'><strong>versatur,</strong></span> <span class='ocrx_word' id='word_1_260' title='bbox 1830 4303 1911 4364; x_wconf 92' lang='lat' dir='ltr'><strong>ut</strong></span> <span class='ocrx_word' id='word_1_261' title='bbox 1973 4318 2319 4385; x_wconf 87' lang='lat' dir='ltr'><strong>corporum</strong></span> <span class='ocrx_word' id='word_1_262' title='bbox 2372 4297 2735 4364; x_wconf 87' lang='lat' dir='ltr'><strong>coelestium</strong></span> <span class='ocrx_word' id='word_1_263' title='bbox 2808 4298 2931 4361; x_wconf 87' lang='lat' dir='ltr'><strong>tri-</strong></span> 
     </span>
     <span class='ocr_line' id='line_1_35' title="bbox 833 4396 2929 4488; baseline -0.001 -24"><span class='ocrx_word' id='word_1_264' title='bbox 833 4413 990 4464; x_wconf 85' lang='lat' dir='ltr'><strong>nam</strong></span> <span class='ocrx_word' id='word_1_265' title='bbox 1041 4398 1492 4465; x_wconf 78' lang='lat' dir='ltr'><strong>extensionem</strong></span> <span class='ocrx_word' id='word_1_266' title='bbox 1553 4396 1869 4481; x_wconf 85' lang='lat' dir='ltr'><strong>definiat;</strong></span> <span class='ocrx_word' id='word_1_267' title='bbox 1936 4400 2349 4488; x_wconf 85' lang='lat' dir='ltr'><strong>planetarum</strong></span> <span class='ocrx_word' id='word_1_268' title='bbox 2392 4398 2590 4465; x_wconf 76' lang='lat' dir='ltr'><strong>facies</strong></span> <span class='ocrx_word' id='word_1_269' title='bbox 2641 4399 2929 4464; x_wconf 89' lang='lat' dir='ltr'><strong>contem-</strong></span> 
     </span>
     <span class='ocr_line' id='line_1_36' title="bbox 831 4497 2931 4586; baseline 0.001 -23"><span class='ocrx_word' id='word_1_270' title='bbox 831 4498 1090 4586; x_wconf 83' lang='lat' dir='ltr'><strong>pletur3</strong></span> <span class='ocrx_word' id='word_1_271' title='bbox 1164 4497 1450 4565; x_wconf 86' lang='lat' dir='ltr'><strong>siderum</strong></span> <span class='ocrx_word' id='word_1_272' title='bbox 1539 4498 1797 4565; x_wconf 88' lang='lat' dir='ltr'><strong>obitum</strong></span> <span class='ocrx_word' id='word_1_273' title='bbox 1886 4506 1956 4566; x_wconf 90' lang='lat' dir='ltr'><strong>et</strong></span> <span class='ocrx_word' id='word_1_274' title='bbox 2024 4504 2245 4567; x_wconf 86' lang='lat' dir='ltr'><strong>ortum</strong></span> <span class='ocrx_word' id='word_1_275' title='bbox 2322 4500 2689 4581; x_wconf 84' lang='lat' dir='ltr'><strong>describat3</strong></span> <span class='ocrx_word' id='word_1_276' title='bbox 2776 4500 2931 4567; x_wconf 90' lang='lat' dir='ltr'><strong>solis</strong></span> 
     </span>
     <span class='ocr_line' id='line_1_37' title="bbox 832 4600 2931 4690; baseline -0 -23"><span class='ocrx_word' id='word_1_277' title='bbox 832 4621 966 4667; x_wconf 90' lang='lat' dir='ltr'><strong>non</strong></span> <span class='ocrx_word' id='word_1_278' title='bbox 1015 4601 1232 4667; x_wconf 88' lang='lat' dir='ltr'><strong>minus</strong></span> <span class='ocrx_word' id='word_1_279' title='bbox 1278 4624 1480 4687; x_wconf 87' lang='lat' dir='ltr'><strong>quam</strong></span> <span class='ocrx_word' id='word_1_280' title='bbox 1527 4601 1705 4667; x_wconf 83' lang='lat' dir='ltr'><strong>lunae</strong></span> <span class='ocrx_word' id='word_1_281' title='bbox 1776 4600 2070 4690; x_wconf 87' lang='lat' dir='ltr'><strong>eclipsim</strong></span> <span class='ocrx_word' id='word_1_282' title='bbox 2124 4600 2501 4668; x_wconf 82' lang='lat' dir='ltr'><strong>consideret.</strong></span> <span class='ocrx_word' id='word_1_283' title='bbox 2581 4601 2729 4667; x_wconf 89' lang='lat' dir='ltr'><strong>Hoc</strong></span> <span class='ocrx_word' id='word_1_284' title='bbox 2770 4622 2931 4666; x_wconf 80' lang='lat' dir='ltr'><strong>vero</strong></span> 
     </span>
    </p>
   </div>
   <div class='ocr_carea' id='block_1_3' title="bbox 834 4704 2929 4796">
    <p class='ocr_par' dir='ltr' id='par_1_5' title="bbox 834 4704 2929 4796">
     <span class='ocr_line' id='line_1_38' title="bbox 834 4704 2929 4796; baseline 0.001 -23"><span class='ocrx_word' id='word_1_285' title='bbox 834 4712 937 4773; x_wconf 84' lang='lat' dir='ltr'><strong>est</strong></span> <span class='ocrx_word' id='word_1_286' title='bbox 994 4706 1264 4773; x_wconf 87' lang='lat' dir='ltr'><strong>effectus</strong></span> <span class='ocrx_word' id='word_1_287' title='bbox 1319 4706 1396 4773; x_wconf 90' lang='lat' dir='ltr'><strong>in</strong></span> <span class='ocrx_word' id='word_1_288' title='bbox 1453 4705 1664 4773; x_wconf 88' lang='lat' dir='ltr'><strong>causis</strong></span> <span class='ocrx_word' id='word_1_289' title='bbox 1733 4706 1870 4773; x_wconf 90' lang='lat' dir='ltr'><strong>suis</strong></span> <span class='ocrx_word' id='word_1_290' title='bbox 1932 4708 2350 4775; x_wconf 83' lang='lat' dir='ltr'><strong>naturalibus</strong></span> <span class='ocrx_word' id='word_1_291' title='bbox 2420 4704 2929 4796; x_wconf 82' lang='lat' dir='ltr'><strong>circumspicere,</strong></span> 
     </span>
    </p>
   </div>
  </div>
 </body>
</html>
