3517 5750
533 855 662 942 xi]
1205 873 1665 926 cournxnmu
1709 875 1960 926 swnn.
2497 865 2629 930 509

527 1046 771 1114 scilicet
839 1048 1446 1136 antepenultimam,
1511 1050 1617 1116 cui
1680 1057 1933 1118 caeteroe
1984 1058 2348 1120 consonant
2392 1059 2462 1120 et
2526 1076 2631 1122 ac-

525 1154 880 1216 cantantur
923 1151 1072 1218 aliae
1117 1152 1406 1238 syllabae.
1498 1153 1674 1219 Sunt
1703 1153 2027 1240 prosodiae
2056 1155 2293 1222 decem.
2386 1157 2631 1225 Primae

527 1251 676 1318 duae
737 1259 895 1320 sunt
955 1275 1174 1320 macra
1231 1259 1303 1320 et
1344 1255 1628 1334 brachia,
1675 1257 1744 1322 id
1810 1262 1925 1335 est,
1991 1257 2189 1344 longa
2252 1263 2321 1324 et
2389 1259 2629 1328 brevis,

528 1355 620 1420 Et
661 1360 984 1422 vocantur
1027 1363 1325 1444 tempora
1368 1358 1543 1445 apud
1590 1358 1885 1438 Graecos3
1932 1363 2195 1446 tempus
2246 1361 2518 1449 longum
2562 1369 2635 1428 et

526 1457 725 1523 breve
753 1482 770 1538 3
816 1479 964 1545 quae
1005 1459 1238 1546 primae
1282 1460 1672 1527 dimensioni
1716 1461 2184 1542 assimilantur,
2239 1469 2319 1528 ut
2361 1465 2633 1550 praedic-

525 1564 672 1625 tum
737 1566 850 1627 est.
944 1562 1036 1627 Et
1093 1561 1218 1628 hoc
1284 1563 1620 1629 sciendum
1674 1570 1775 1630 est
1838 1563 1921 1630 de
1983 1564 2108 1644 his,
2160 1565 2347 1650 quod
2412 1587 2633 1633 macra

529 1683 642 1728 seu
685 1662 884 1752 longa
925 1663 1284 1730 denotatur
1341 1686 1458 1752 per
1500 1665 1740 1732 lineam
1802 1671 2049 1732 rectam
2110 1667 2390 1753 positam
2436 1689 2633 1755 super

526 1765 850 1851 syllabam
893 1767 1002 1845 sic,
1067 1767 1256 1853 (—);
1299 1775 1371 1834 et
1413 1767 1678 1833 brachia
1739 1768 2043 1855 prosodia
2103 1769 2457 1836 denotatur
2518 1792 2637 1856 per

529 1867 898 1934 inferiorem
973 1873 1227 1956 partem
1293 1869 1516 1936 circuli
1589 1871 1697 1950 sic,
1746 1871 1917 1957 (υ).
2007 1870 2179 1938 Duae
2253 1893 2413 1936 vero
2484 1872 2633 1938 aliae

527 1971 846 2055 prosodiae
909 1977 1066 2037 sunt
1111 1969 1320 2038 dosia
1363 1977 1432 2038 et
1489 1970 1685 2058 peili,
1755 1977 1827 2038 et
1886 1977 2207 2038 vocantur
2252 1980 2633 2059 neupmata

525 2074 700 2160 apud
748 2073 1023 2151 Groecos,
1069 2077 1138 2139 et
1181 2073 1453 2160 spiritus
1497 2078 1566 2138 et
1625 2073 2056 2160 aspirationes
2099 2074 2281 2160 apud
2324 2095 2489 2157 nos;
2556 2081 2626 2142 et

525 2175 972 2241 assimilantur
1031 2175 1332 2242 secundae
1393 2175 1809 2257 dimensioni,
1876 2180 1956 2241 ut
2002 2174 2255 2242 dictum
2326 2181 2443 2244 est.
2537 2177 2629 2244 Et

527 2277 758 2365 figurae
799 2278 1036 2343 harum
1103 2299 1188 2344 ex
1251 2278 1460 2344 causis
1525 2281 1777 2343 notatae
1842 2281 2001 2342 sunt
2061 2277 2285 2363 prius3
2354 2277 2631 2364 ideoque

527 2380 1116 2466 pertranseundum
1175 2385 1289 2446 est.
1381 2377 1736 2445 Sciendum
1826 2385 2052 2445 autem
2146 2380 2325 2465 quod
2418 2381 2633 2446 omnis

525 2481 770 2548 vocalis
843 2487 1062 2569 potest
1133 2481 1406 2568 aspirari
1481 2481 1838 2547 secundum
1900 2481 2204 2560 Graeeos3
2280 2486 2349 2547 et
2408 2481 2633 2568 ypsilo

525 2591 790 2672 propter
835 2584 1232 2650 tenuitatem
1275 2584 1422 2650 soni
1481 2605 1734 2670 semper
1776 2582 2125 2670 aspiratur,
2174 2605 2378 2669 quum
2438 2585 2627 2672 poni-

527 2695 640 2753 tur
701 2688 776 2752 in
837 2686 1163 2776 principio
1206 2685 1558 2767 dictionis3
1625 2690 1696 2752 et
1760 2687 1977 2752 omnis
2039 2685 2243 2752 dictio
2304 2686 2627 2774 incipiens

528 2810 570 2854 a
615 2787 827 2856 vocali
872 2789 1072 2854 habet
1113 2793 1344 2856 notam
1388 2787 1663 2854 alterius
1724 2787 2163 2877 aspirationis.
2257 2788 2348 2854 Et
2393 2789 2635 2855 vocalis

529 2914 783 2981 semper
847 2893 1179 2979 aspiratur
1243 2914 1286 2957 a
1349 2897 1540 2978 parte
1583 2896 1757 2969 ante,
1822 2896 1903 2957 ut
1978 2890 2141 2957 dicit
2216 2890 2629 2971 Priscianu8,¹

529 2997 686 3081 quia
730 2996 943 3061 omnis
987 3016 1122 3060 vox
1183 2993 1332 3081 plus
1392 2998 1587 3059 sonat
1653 3014 1859 3079 quum
1933 2992 2353 3080 postponitur
2432 3016 2633 3082 quam

529 3118 732 3183 quum
776 3096 1218 3183 anteponitur,
1281 3096 1452 3163 sicut
1495 3094 1634 3181 ipse
1679 3094 1858 3173 dicit,
1907 3099 2175 3182 propter
2219 3094 2396 3181 quod
2461 3098 2631 3183 aspi-

527 3200 698 3267 ratio
741 3221 877 3265 non
922 3198 1119 3265 debet
1185 3197 1343 3285 poni
1385 3203 1552 3285 post,
1615 3218 1702 3262 ne
1760 3196 1961 3263 nimis
2022 3198 2331 3263 intendat
2398 3219 2631 3265 sonum

528 3302 770 3369 vocalis
815 3322 964 3387 quae
1025 3300 1310 3367 multum
1352 3298 1554 3365 habet
1598 3299 1682 3365 de
1741 3320 1919 3379 sono,
1966 3303 2035 3365 et
2079 3298 2229 3365 ideo
2272 3300 2334 3365 ei
2379 3321 2631 3387 praepo-

529 3405 732 3471 nitur.
824 3403 958 3470 Sed
1025 3402 1414 3469 consonanti
1465 3400 1889 3487 postponitur
1932 3406 2013 3467 ut
2056 3400 2341 3466 multum
2408 3400 2629 3468 inten-

527 3507 729 3573 datur
770 3526 985 3585 sonus,
1033 3526 1110 3571 eo
1155 3504 1334 3590 quod
1391 3522 1750 3569 consonans
1809 3524 2041 3589 parum
2099 3501 2302 3568 habet
2343 3503 2427 3568 de
2472 3524 2631 3569 sono

525 3614 823 3696 respectu
867 3606 1127 3684 vocalis,
1197 3611 1268 3673 et
1325 3604 1474 3672 ideo
1537 3604 1853 3692 aspiratio
1915 3603 2063 3692 plus
2124 3604 2418 3671 adhaeret
2479 3626 2629 3671 con-

527 3712 918 3778 sonantibus
983 3730 1182 3798 quam
1249 3707 1598 3775 vocalibus.
1713 3706 1891 3772 Nam
1954 3705 2134 3793 apud
2194 3712 2627 3773 consonantes

527 3814 772 3879 transit
815 3812 888 3877 in
932 3810 1372 3878 substantiam
1415 3808 1560 3875 soni
1603 3830 1847 3887 eorum,
1902 3812 1981 3875 ut
2024 3807 2187 3875 dicit
2230 3808 2623 3891 Priscianus,

525 3916 812 3981 maxime
871 3916 946 3979 in
989 3914 1212 3991 mutis,
1258 3913 1416 3999 quia
1457 3910 1913 3998 imperfectum
1956 3910 2207 3977 habent
2255 3932 2509 3990 sonum,
2556 3917 2624 3978 et

526 4018 675 4083 ideo
719 4039 918 4084 sonus
962 4036 1188 4083 eorum
1232 4012 1628 4081 naturaliter
1671 4012 2002 4080 desiderat
2028 4012 2371 4079 fortificari
2414 4014 2625 4101 magis

528 4142 726 4207 quam
791 4120 938 4186 soni
1018 4118 1296 4185 aliarum
1354 4117 1712 4196 literarum,
1774 4116 1933 4202 quia
2005 4136 2111 4181 res
2186 4114 2626 4203 imperfectior

525 4224 736 4312 magis
810 4222 1068 4309 indiget
1125 4218 1532 4307 perfectione.
1653 4216 1787 4283 Sed
1862 4222 2065 4283 mutae
2138 4218 2316 4283 inter
2390 4238 2621 4283 omnes

526 4326 822 4392 homines
863 4324 1115 4391 habent
1159 4342 1391 4387 sonum
1435 4318 1648 4407 magis
1691 4318 2163 4405 imperfectum.
2272 4318 2365 4384 Et
2410 4318 2621 4384 solum

526 4430 956 4494 consonantes
1029 4424 1206 4512 apud
1275 4420 1536 4489 Graeoos
1597 4419 1754 4487 forti
1820 4420 2237 4508 aspiratione,
2307 4441 2458 4506 quae
2523 4426 2624 4487 est

1225 4748 1242 4780 ι
1264 4743 1580 4812 praciam]
1617 4742 1738 4795 ibid.
1772 4758 1821 4808 p.
1846 4746 1891 4795 ε.
