3517 5750
585 848 803 936 xum]
1371 864 1547 915 orus
1590 864 1912 915 mmmm.
2559 852 2688 915 185

584 1044 701 1117 eet,
734 1039 912 1125 quod
940 1059 1019 1105 ea
1048 1060 1197 1125 quae
1238 1038 1421 1105 dicta
1470 1043 1647 1119 sunt,
1682 1060 1840 1105 vera
1867 1041 2028 1105 sunt
2079 1038 2162 1104 de
2208 1036 2424 1125 spatio
2475 1037 2684 1115 finito,

588 1146 657 1207 et
700 1146 1025 1226 quantum
1068 1141 1155 1206 ad
1196 1140 1635 1227 privationem
1674 1140 2164 1228 spiritualitatis
2207 1140 2422 1206 adhuc
2458 1163 2690 1207 verum

590 1247 707 1319 est,
754 1243 934 1329 quod
984 1243 1154 1308 sicut
1211 1265 1425 1329 neque
1484 1243 1773 1329 spatium
1825 1243 2092 1309 finitum
2142 1244 2692 1331 comparationem
2770 1236 2780 1243 ’

590 1342 792 1409 habet
842 1344 931 1409 ad
976 1344 1301 1430 spiritum,
1357 1346 1451 1410 sic
1506 1367 1719 1431 neque
1781 1346 2066 1431 spatium
2119 1345 2470 1411 infinitum.
2561 1345 2695 1411 Sed

588 1445 727 1511 haec
784 1446 1071 1533 privatio
1132 1447 1639 1534 comparationis
1700 1446 1941 1513 sufficit
2021 1469 2140 1533 pro
2199 1448 2416 1535 spatio
2481 1446 2695 1529 finite,

590 1553 669 1613 ut
714 1570 847 1613 non
896 1548 1071 1616 absit
1119 1548 1315 1615 alicui
1362 1549 1538 1636 parti
1590 1547 1777 1635 ejus;
1830 1570 1964 1615 non
2013 1554 2236 1615 tamen
2285 1548 2524 1615 sufficit
2571 1548 2696 1615 hoc

590 1650 675 1715 ad
750 1650 1039 1737 spatium
1114 1650 1472 1731 infinitum,
1542 1652 1699 1737 quia
1777 1652 2046 1738 angelus
2129 1664 2200 1717 et
2275 1657 2379 1717 est
2448 1656 2696 1717 natura

591 1751 965 1839 spiritualia,
1012 1758 1081 1819 et
1140 1758 1241 1819 est
1300 1760 1617 1831 creatura,
1678 1760 1747 1819 et
1807 1755 2124 1841 potentiae
2182 1754 2410 1820 finitae.
2503 1753 2697 1834 Quod

593 1856 801 1943 igitur
856 1878 991 1921 non
1048 1856 1227 1921 absit
1285 1856 1482 1922 alicui
1564 1856 1739 1943 parti
1799 1857 1998 1944 spatii
2075 1857 2344 1936 infiniti,
2405 1878 2541 1921 non
2599 1879 2698 1921 ro-

594 1962 849 2046 pugnat
906 1959 1139 2046 angelo
1186 1960 1259 2024 in
1310 1964 1637 2045 quantum
1690 1963 1792 2025 est
1837 1966 2080 2025 natura
2125 1958 2506 2046 spiritualis,
2583 1957 2698 2023 sed

594 2061 663 2126 in
708 2066 1031 2147 quantum
1076 2066 1179 2127 est
1222 2067 1540 2139 creatura,
1572 2065 1645 2127 et
1686 2062 2058 2148 potentiam
2119 2062 2368 2127 habens
2413 2060 2696 2126 finitam.

596 2164 685 2229 Et
744 2164 893 2229 ideo
946 2163 1063 2229 illa
1120 2185 1315 2230 causa
1374 2164 1764 2251 privationis
1824 2162 2140 2229 absentiae
2211 2163 2538 2249 angelicae,
2593 2185 2696 2228 re-

584 2272 810 2354 spectu
856 2266 1207 2354 cujuslibet
1255 2267 1465 2354 partis
1525 2266 1741 2353 spatii,
1805 2270 2073 2353 propter
2133 2270 2445 2333 naturam
2503 2266 2696 2352 spiri-

588 2370 937 2450 tualitatis,
986 2368 1421 2456 intelligenda
1466 2374 1571 2435 est
1632 2368 1715 2434 de
1769 2369 1987 2455 spatio
2027 2367 2240 2449 finito,
2289 2368 2465 2434 sicut
2521 2368 2699 2433 inter

594 2472 833 2539 coelum
861 2476 931 2536 et
959 2476 1220 2537 terram.
1314 2471 1457 2536 Nec
1485 2476 1746 2557 oportet
1776 2492 1896 2537 nos
1943 2470 2126 2556 loqui
2173 2470 2256 2537 de
2285 2471 2416 2536 alio
2464 2470 2699 2557 spatie,

596 2574 755 2660 quia
820 2574 1077 2639 nullum
1123 2573 1306 2639 aliud
1350 2578 1468 2650 est,
1535 2594 1611 2638 eo
1680 2573 1860 2659 quod.
1927 2574 2214 2639 mundus
2282 2577 2386 2639 est
2447 2571 2696 2639 finitus„

600 2676 692 2741 Et
734 2676 883 2741 ideo
926 2696 1139 2741 sermo
1182 2675 1464 2741 refertur
1507 2676 1596 2741 ad
1638 2676 1928 2760 spatium
1959 2674 2226 2741 finitum
2257 2699 2274 2757 3
2321 2680 2390 2741 et
2431 2681 2702 2762 propter
2724 2699 2804 2751 Α,
2827 2698 2912 2750 the

602 2778 739 2855 hoc,
786 2778 845 2843 si
888 2778 1181 2865 fingatur
1222 2778 1512 2865 spatium
1542 2778 1902 2860 infinitum,
1955 2784 2116 2844 tunc
2161 2782 2424 2865 oportet
2467 2778 2697 2861 dicere,
2723 2768 2980 2886 ssfffffin

600 2888 679 2948 ut
721 2903 897 2948 nunc
940 2887 1193 2947 tactum
1240 2891 1355 2948 est.
1444 2881 1539 2948 Et
1580 2903 1698 2969 per
1726 2881 1850 2948 hoc
1881 2887 2041 2946 tunc
2069 2881 2350 2948 habetur
2377 2883 2701 2970 quomodo
2726 2903 2810 2953 the
2833 2901 2983 2966 body,

604 2985 825 3050 anima
890 2983 1233 3050 rationalis
1294 2987 1399 3050 est
1464 2985 1537 3050 in
1602 3005 1886 3072 corpore.
1977 2984 2242 3052 Dicitur
2303 2985 2480 3052 enim
2526 2985 2703 3073 quod
2726 2973 2944 3100 {3532
2981 3033 3000 3082 i
3001 3048 3038 3082 n

604 3093 705 3154 est
775 3087 1023 3174 ubique
1094 3086 1169 3150 in
1244 3107 1525 3174 corpore,
1591 3092 1662 3152 et
1728 3087 1802 3154 in
1867 3087 2146 3175 singulis
2222 3087 2539 3174 partibuS,
2586 3088 2702 3158 sed.
2725 3102 2810 3152 the
2832 3101 2988 3161 hem-t,

606 3196 831 3257 tamen
874 3211 1009 3256 non
1051 3189 1362 3268 localiter,
1429 3190 1545 3257 sed
1608 3194 1689 3255 ut
1748 3190 1962 3256 forma
2007 3195 2076 3257 et
2120 3191 2432 3276 perfectio
2477 3213 2700 3277 corpo·
2727 3168 3036 3286 {eegtngggb-

600 3294 713 3372 ris,
790 3315 878 3358 ex
954 3314 1086 3379 quo
1154 3313 1305 3358 cum
1378 3313 1645 3380 corpore
1704 3293 1788 3358 fit
1845 3290 2095 3358 unum¹
2159 3313 2278 3378 per
2335 3293 2702 3371 essentiam,
2729 3302 2816 3353 the
2837 3301 2980 3354 bend.

608 3397 855 3462 scilicet
921 3416 1055 3461 una
1140 3415 1463 3482 persona3
1532 3417 1681 3482 quae
1767 3401 1990 3460 tamen
2065 3415 2202 3460 non
2295 3394 2442 3460 ideo
2503 3395 2706 3460 habet

604 3499 811 3565 situm
856 3499 928 3562 in
972 3503 1115 3564 toto
1162 3519 1445 3584 corpore,
1476 3519 1595 3564 nec
1640 3498 1713 3562 in
1755 3497 1978 3582 aliqua
2019 3501 2226 3584 parte,
2269 3503 2390 3562 nec
2435 3504 2708 3583 occupat

608 3605 825 3665 totum
894 3619 1014 3665 nec
1076 3605 1331 3686 partem
1398 3599 1735 3678 localiter3
1799 3598 1954 3666 licet
1998 3621 2284 3686 praesens
2330 3599 2525 3676 cordi,
2571 3621 2708 3665 non

606 3703 795 3768 abest
840 3702 1043 3790 capiti
1087 3724 1208 3770 nec
1251 3703 1423 3789 pedi,
1454 3724 1575 3768 nec
1618 3702 1826 3776 distat
1869 3701 1956 3767 ab
2001 3703 2138 3780 eis;
2181 3701 2340 3787 quia
2383 3702 2564 3767 nulla
2607 3706 2709 3768 est

607 3805 927 3870 distantia
970 3805 1321 3892 corporalis
1365 3808 1665 3892 respectu
1710 3804 1984 3891 spiritus
2027 3804 2418 3872 annotanda.

1518 4085 1675 4158 on».
1722 4083 1794 4156 L.

698 4277 888 4344 TOTA
932 4301 1087 4344 vero
1134 4275 1499 4366 disputatio
1544 4275 1675 4344 ista
1718 4278 2039 4344 fundatur
2089 4293 2285 4368 super
2342 4281 2481 4360 hoc,
2530 4273 2702 4367 quod
2733 4298 3001 4363 corporeal

610 4379 930 4447 distantia
1016 4375 1363 4468 corporalis
1436 4382 1847 4448 considerata
1933 4386 2231 4470 respectu
2318 4384 2704 4451 substantiae
2729 4365 2992 4482 ἕξζξξῃὲξᾱ

608 4483 970 4572 spiritualis
1016 4489 1337 4572 tanquam
1381 4483 1567 4564 nihil,
1615 4489 1685 4552 et
1729 4476 1876 4552 idco
1921 4485 2172 4550 nullam
2217 4486 2705 4574 proportionem
2729 4497 2858 4550 have
2881 4513 2948 4548 no

1145 4787 1159 4819 ¹
1196 4795 1242 4838 et
1264 4788 1315 4838 in
1336 4785 1539 4854 singulte
1573 4825 1584 4838 .
1618 4815 1634 4838 ι
1671 4821 1684 4840 .
1718 4823 1731 4840 .
1767 4783 1939 4853 unum]
1977 4801 2074 4838 om.
2101 4783 2160 4837 T.
