3517 5750
571 859 702 950 1x.]
1240 877 1702 932 commorunt
1745 879 1999 932 s‘mnn.
2541 867 2672 932 503

567 1073 728 1119 vero
787 1052 1208 1120 semivocales
1281 1055 1598 1122 dicuntur
1661 1055 1951 1142 liquidae,
1996 1061 2139 1122 tam
2185 1055 2363 1142 apud
2408 1055 2671 1123 Graecos

566 1171 767 1242 quam
833 1155 1122 1224 latinos.
1235 1153 1330 1222 Et
1402 1159 1712 1224 dicuntur
1774 1159 2059 1245 liquidae,
2109 1162 2191 1223 ut
2252 1159 2417 1224 dicit
2490 1157 2671 1224 Pris-

565 1258 810 1339 cianus,
855 1259 1013 1345 quia
1059 1259 1239 1326 facili
1281 1261 1554 1348 produci
1599 1266 1670 1327 et
1713 1261 1954 1348 corripi
1990 1265 2268 1349 possunt
2310 1260 2669 1327 secundum

566 1361 746 1446 quod
813 1361 1092 1428 diversis
1165 1362 1378 1432 literis
1441 1363 1590 1429 aliis
1653 1363 2162 1452 conjunguntur,
2210 1368 2281 1430 et
2343 1362 2493 1429 ideo
2569 1362 2671 1427 di-

565 1467 810 1529 cuntur
873 1461 1244 1551 liquescere,
1293 1471 1363 1532 et
1424 1465 1644 1546 fluere,
1693 1469 1765 1533 et
1808 1465 2153 1534 instabiles
2219 1485 2357 1532 esse
2417 1467 2493 1531 in
2552 1489 2672 1531 sua

563 1569 821 1632 natura„
911 1568 1248 1635 Dicuntur
1306 1570 1509 1635 etiam
1569 1569 1841 1656 liquidae
1904 1568 2063 1658 quia
2126 1567 2209 1635 de
2274 1565 2451 1635 facili
2524 1589 2671 1634 mu·

563 1672 796 1735 tantur
840 1670 924 1736 de
965 1691 1085 1736 sua
1128 1673 1462 1760 potestate
1488 1676 1558 1738 et
1598 1671 2003 1758 proprietate
2049 1676 2377 1759 quantum
2420 1670 2672 1736 habent

563 1770 727 1836 elias
769 1772 844 1837 in
885 1778 1116 1853 metro,
1194 1774 1366 1840 sicut
1425 1779 1806 1861 exponetur.
1916 1773 2095 1840 Nam
2156 1773 2335 1863 apud
2399 1773 2671 1839 Latinos

563 1877 850 1958 quatuor
891 1879 1052 1941 sunt
1095 1874 1382 1963 liquidae,
1415 1875 1662 1952 scilicet
1706 1875 1749 1952 l,
1798 1897 1889 1956 m,
1935 1898 2007 1958 n,
2054 1897 2112 1954 r,
2160 1881 2239 1942 ut
2286 1875 2448 1942 dicit
2494 1874 2669 1939 Pris-

563 1975 830 2058 cianus3
889 1981 960 2044 et
1005 1976 1436 2044 nihilominus
1495 1977 1882 2064 liquescunt.
1975 1977 2357 2066 Aliquando
2401 1975 2667 2065 quidem

561 2097 604 2142 r
648 2077 969 2166 liquescit,
1017 2101 1168 2147 cum
1204 2080 1466 2162 dicitur,
1511 2079 2042 2146 Alexandreide:

1165 2249 1202 2278 ‘⁸
1235 2243 1406 2311 Cum
1450 2242 1662 2330 patris
1703 2199 2046 2308 intentu?

565 2405 740 2488 Quia
795 2429 930 2475 non
991 2407 1296 2496 producit
1355 2407 1638 2494 primam
1699 2407 2026 2495 syllabam
2088 2406 2285 2494 hujus
2358 2403 2669 2475 dictionis

553 2509 802 2597 patris.
893 2511 1090 2594 Quod
1133 2517 1360 2578 tamen
1403 2511 1566 2578 facit
1608 2511 1788 2598 apud
1832 2509 2237 2577 Theodolum
2291 2533 2441 2578 cum
2502 2510 2667 2577 dici-

563 2616 679 2677 tur
698 2661 716 2677 ⁰
1041 2711 1078 2738 ‘⁸
1107 2701 1378 2770 Patrem
1421 2701 1720 2790 sequitur
1764 2724 1883 2771 sua,
1925 2701 2195 2792 proles.'’

564 2841 752 2910 Idem
795 2846 988 2932 patet
1030 2841 1114 2909 de
1159 2841 1186 2909 l
1227 2841 1302 2909 in
1346 2841 1639 2909 'I'hobiaz

1143 2988 1180 3018 “
1209 2980 1452 3069 Replet
1507 2976 1767 3069 agenda.
1827 2980 2063 3047 sacral'

563 3092 656 3163 Et
697 3090 772 3161 in
815 3095 1039 3162 eodem
1071 3119 1089 3161 z

1171 3228 1208 3257 “
1238 3220 1440 3289 sacra
1481 3218 1742 3308 agenda
1783 3218 2054 3308 replet.'’

562 3380 736 3449 Item
780 3402 854 3448 m
895 3382 1213 3470 liquescit.
1274 3380 1598 3470 Virgilius
1639 3382 1714 3448 in
1743 3379 1997 3447 decimo
2042 3380 2355 3447 AEneidos
2403 3378 2660 3469 [129.]:

563 3554 600 3583 “
623 3546 692 3613 N
693 3568 767 3613 ec
814 3546 1041 3633 Clytio
1065 3545 1085 3585 ¹
1134 3546 1433 3635 genitore
1477 3544 1694 3612 minor
1721 3566 1844 3613 nec
1872 3544 2079 3612 fratre
2102 3544 2140 3571 ”
2188 3543 2663 3636 [Menestheo]

558 3708 628 3778 N
629 3734 738 3778 am
781 3710 1133 3800 corripitur
1173 3710 1416 3778 ultima
1457 3708 1658 3798 hujus
1687 3710 1997 3777 dictionis
2024 3708 2269 3799 fratre.
2350 3708 2445 3779 Et
2488 3711 2664 3800 quod

557 3814 722 3880 alias
787 3815 1112 3903 producat
1182 3814 1532 3903 vulgatum
1599 3816 1716 3882 est.
1854 3810 2031 3881 Item
2080 3834 2139 3882 ‘n
2195 3814 2515 3905 liquescit,
2583 3818 2666 3881 ut

561 3916 842 3985 Ovidius
902 3923 1140 4006 quarto
1195 3916 1624 4006 Metamorp.:

1183 4078 1220 4109 “
1242 4070 1700 4160 Piscosamque
1747 4070 2053 4139 Gnidon)
2576 4120 2590 4133 .

558 4202 754 4291 Quod
827 4210 1053 4277 autem
1096 4230 1152 4277 ‘n
1193 4210 1512 4298 liquescat
1571 4205 1843 4277 cuilibet
1910 4212 2117 4297 patet.
2238 4206 2299 4277 S
2358 4208 2667 4277 similiter

553 4310 859 4400 liquescit
919 4312 994 4378 in
1059 4310 1382 4402 principio
1445 4310 1775 4395 dictionis,
1843 4316 1925 4378 ut
1990 4310 2313 4380 Horatius
2374 4312 2449 4378 in
2516 4312 2666 4380 Sera

553 4414 866 4482 monibus
915 4414 988 4504 [i.
1023 4418 1082 4499 5,
1117 4412 1296 4505 35.]=

1098 4558 1136 4589 “
1153 4550 1474 4619 Ridentes
1517 4548 1793 4641 praemia
1834 4546 2124 4619 scribae.’'
2153 4546 2181 4589 ³

621 4780 638 4811 ¹
668 4778 854 4845 Clytio*
895 4780 1072 4847 Lycio,
1096 4780 1210 4833 1182
1587 4778 1598 4851 Ι
1645 4778 1668 4813 ’
1687 4776 1887 4847 scribae]
1911 4778 2147 4830 rudentes
2158 4777 2321 4843 prima
2334 4776 2513 4841 scribe,
2526 4778 2641 4831 1182
