<?xml version="1.0" encoding="UTF-8"?>
<!DOCTYPE html PUBLIC "-//W3C//DTD XHTML 1.0 Transitional//EN"
    "http://www.w3.org/TR/xhtml1/DTD/xhtml1-transitional.dtd">
<html xmlns="http://www.w3.org/1999/xhtml" xml:lang="en" lang="en">
 <head>
  <title>
</title>
<meta http-equiv="Content-Type" content="text/html;charset=utf-8" />
  <meta name='ocr-system' content='tesseract 3.04.00' />
  <meta name='ocr-capabilities' content='ocr_page ocr_carea ocr_par ocr_line ocrx_word'/>
</head>
<body>
  <div class='ocr_page' id='page_1' title='image "./frrogeribaconop00brewgoog_0224.png"; bbox 0 0 3517 5750; ppageno 0'>
   <div class='ocr_carea' id='block_1_1' title="bbox 595 856 2691 945">
    <p class='ocr_par' dir='ltr' id='par_1_1' title="bbox 595 856 2691 945">
     <span class='ocr_line' id='line_1_1' title="bbox 595 856 2691 945; baseline 0.004 -24"><span class='ocrx_word' id='word_1_1' title='bbox 595 856 861 945; x_wconf 70' lang='lat' dir='ltr'><strong>xxxn]</strong></span> <span class='ocrx_word' id='word_1_2' title='bbox 1382 874 1558 925; x_wconf 75' lang='lat' dir='ltr'><strong>orus</strong></span> <span class='ocrx_word' id='word_1_3' title='bbox 1602 877 1924 929; x_wconf 75' lang='lat' dir='ltr'>TERTIUM.</span> <span class='ocrx_word' id='word_1_4' title='bbox 2567 868 2691 930; x_wconf 91' lang='lat'><strong>111</strong></span> 
     </span>
    </p>
   </div>
   <div class='ocr_carea' id='block_1_2' title="bbox 594 1048 3004 1961">
    <p class='ocr_par' dir='ltr' id='par_1_2' title="bbox 594 1048 3004 1961">
     <span class='ocr_line' id='line_1_2' title="bbox 594 1048 2704 1141; baseline 0.002 -27"><span class='ocrx_word' id='word_1_5' title='bbox 594 1048 953 1135; x_wconf 76' lang='lat' dir='ltr'><strong>majoribus</strong></span> <span class='ocrx_word' id='word_1_6' title='bbox 1010 1048 1425 1115; x_wconf 79' lang='lat' dir='ltr'><strong>mirabilibus</strong></span> <span class='ocrx_word' id='word_1_7' title='bbox 1482 1055 1759 1121; x_wconf 78' lang='lat' dir='ltr'><strong>naturae.</strong></span> <span class='ocrx_word' id='word_1_8' title='bbox 1854 1050 2054 1119; x_wconf 87' lang='lat' dir='ltr'><strong>Unde</strong></span> <span class='ocrx_word' id='word_1_9' title='bbox 2113 1052 2222 1120; x_wconf 90' lang='lat' dir='ltr'><strong>hic</strong></span> <span class='ocrx_word' id='word_1_10' title='bbox 2280 1057 2468 1141; x_wconf 83' lang='lat' dir='ltr'><strong>patet</strong></span> <span class='ocrx_word' id='word_1_11' title='bbox 2525 1054 2704 1141; x_wconf 90' lang='lat' dir='ltr'><strong>quod</strong></span> 
     </span>
     <span class='ocr_line' id='line_1_3' title="bbox 596 1152 2702 1244; baseline 0.002 -26"><span class='ocrx_word' id='word_1_12' title='bbox 596 1156 839 1218; x_wconf 83' lang='lat' dir='ltr'><strong>natura</strong></span> <span class='ocrx_word' id='word_1_13' title='bbox 894 1157 999 1218; x_wconf 86' lang='lat' dir='ltr'><strong>est</strong></span> <span class='ocrx_word' id='word_1_14' title='bbox 1057 1152 1438 1239; x_wconf 70' lang='lat' dir='ltr'><strong>sagacitatis</strong></span> <span class='ocrx_word' id='word_1_15' title='bbox 1497 1156 1687 1240; x_wconf 82' lang='lat' dir='ltr'><strong>quasi</strong></span> <span class='ocrx_word' id='word_1_16' title='bbox 1746 1154 2050 1222; x_wconf 81' lang='lat' dir='ltr'><strong>infinitae.</strong></span> <span class='ocrx_word' id='word_1_17' title='bbox 2166 1155 2236 1221; x_wconf 87' lang='lat' dir='ltr'>N</span> <span class='ocrx_word' id='word_1_18' title='bbox 2237 1178 2344 1223; x_wconf 85' lang='lat' dir='ltr'><strong>am</strong></span> <span class='ocrx_word' id='word_1_19' title='bbox 2404 1178 2524 1244; x_wconf 88' lang='lat' dir='ltr'><strong>per</strong></span> <span class='ocrx_word' id='word_1_20' title='bbox 2581 1158 2702 1223; x_wconf 78' lang='lat' dir='ltr'><strong>has</strong></span> 
     </span>
     <span class='ocr_line' id='line_1_4' title="bbox 596 1256 2704 1325; baseline 0.002 -5"><span class='ocrx_word' id='word_1_21' title='bbox 596 1256 955 1321; x_wconf 80' lang='lat' dir='ltr'><strong>varietates</strong></span> <span class='ocrx_word' id='word_1_22' title='bbox 1044 1256 1412 1321; x_wconf 85' lang='lat' dir='ltr'><strong>incessuum</strong></span> <span class='ocrx_word' id='word_1_23' title='bbox 1502 1261 1572 1322; x_wconf 88' lang='lat' dir='ltr'><strong>et</strong></span> <span class='ocrx_word' id='word_1_24' title='bbox 1668 1258 2066 1323; x_wconf 71' lang='lat' dir='ltr'><strong>fractionum</strong></span> <span class='ocrx_word' id='word_1_25' title='bbox 2164 1259 2340 1324; x_wconf 89' lang='lat' dir='ltr'><strong>fiunt</strong></span> <span class='ocrx_word' id='word_1_26' title='bbox 2437 1260 2704 1325; x_wconf 80' lang='lat' dir='ltr'><strong>infinita.</strong></span> 
     </span>
     <span class='ocr_line' id='line_1_5' title="bbox 595 1359 2704 1442; baseline 0.002 -19"><span class='ocrx_word' id='word_1_27' title='bbox 595 1371 855 1425; x_wconf 84' lang='lat' dir='ltr'><strong>natnrae</strong></span> <span class='ocrx_word' id='word_1_28' title='bbox 898 1363 1163 1438; x_wconf 79' lang='lat' dir='ltr'><strong>secreta,</strong></span> <span class='ocrx_word' id='word_1_29' title='bbox 1196 1364 1267 1425; x_wconf 91' lang='lat' dir='ltr'><strong>et</strong></span> <span class='ocrx_word' id='word_1_30' title='bbox 1310 1359 1617 1427; x_wconf 84' lang='lat' dir='ltr'><strong>similiter</strong></span> <span class='ocrx_word' id='word_1_31' title='bbox 1674 1360 2033 1428; x_wconf 77' lang='lat' dir='ltr'><strong>manifesta</strong></span> <span class='ocrx_word' id='word_1_32' title='bbox 2073 1362 2372 1427; x_wconf 76' lang='lat' dir='ltr'><strong>sensibus</strong></span> <span class='ocrx_word' id='word_1_33' title='bbox 2416 1364 2704 1442; x_wconf 89' lang='lat' dir='ltr'><strong>nostris;</strong></span> 
     </span>
     <span class='ocr_line' id='line_1_6' title="bbox 595 1462 2704 1552; baseline 0.001 -25"><span class='ocrx_word' id='word_1_34' title='bbox 595 1463 767 1527; x_wconf 88' lang='lat' dir='ltr'><strong>sicut</strong></span> <span class='ocrx_word' id='word_1_35' title='bbox 827 1466 1015 1549; x_wconf 83' lang='lat' dir='ltr'><strong>patet</strong></span> <span class='ocrx_word' id='word_1_36' title='bbox 1074 1462 1161 1527; x_wconf 80' lang='lat' dir='ltr'><strong>ad</strong></span> <span class='ocrx_word' id='word_1_37' title='bbox 1219 1463 1441 1527; x_wconf 84' lang='lat' dir='ltr'><strong>visum</strong></span> <span class='ocrx_word' id='word_1_38' title='bbox 1502 1463 1584 1529; x_wconf 93' lang='lat' dir='ltr'><strong>de</strong></span> <span class='ocrx_word' id='word_1_39' title='bbox 1643 1464 1889 1528; x_wconf 76' lang='lat' dir='ltr'><strong>urinali</strong></span> <span class='ocrx_word' id='word_1_40' title='bbox 1946 1464 2144 1552; x_wconf 85' lang='lat' dir='ltr'><strong>pleno</strong></span> <span class='ocrx_word' id='word_1_41' title='bbox 2201 1486 2392 1551; x_wconf 88' lang='lat' dir='ltr'><strong>aqua,</strong></span> <span class='ocrx_word' id='word_1_42' title='bbox 2452 1465 2562 1531; x_wconf 84' lang='lat' dir='ltr'><strong>vel</strong></span> <span class='ocrx_word' id='word_1_43' title='bbox 2621 1465 2704 1529; x_wconf 90' lang='lat' dir='ltr'><strong>de</strong></span> 
     </span>
     <span class='ocr_line' id='line_1_7' title="bbox 594 1564 2704 1654; baseline 0.002 -27"><span class='ocrx_word' id='word_1_44' title='bbox 594 1564 907 1650; x_wconf 82' lang='lat' dir='ltr'><strong>crystallo</strong></span> <span class='ocrx_word' id='word_1_45' title='bbox 976 1564 1269 1631; x_wconf 87' lang='lat' dir='ltr'><strong>rotundo</strong></span> <span class='ocrx_word' id='word_1_46' title='bbox 1336 1564 1593 1651; x_wconf 86' lang='lat' dir='ltr'><strong>objecto</strong></span> <span class='ocrx_word' id='word_1_47' title='bbox 1656 1566 1860 1631; x_wconf 81' lang='lat' dir='ltr'><strong>radiis</strong></span> <span class='ocrx_word' id='word_1_48' title='bbox 1921 1566 2258 1633; x_wconf 77' lang='lat' dir='ltr'><strong>solaribus.</strong></span> <span class='ocrx_word' id='word_1_49' title='bbox 2347 1567 2526 1633; x_wconf 85' lang='lat' dir='ltr'><strong>Nam</strong></span> <span class='ocrx_word' id='word_1_50' title='bbox 2585 1589 2704 1654; x_wconf 91' lang='lat' dir='ltr'><strong>per</strong></span> 
     </span>
     <span class='ocr_line' id='line_1_8' title="bbox 594 1666 2702 1757; baseline 0.002 -26"><span class='ocrx_word' id='word_1_51' title='bbox 594 1666 764 1731; x_wconf 81' lang='lat' dir='ltr'><strong>hanc</strong></span> <span class='ocrx_word' id='word_1_52' title='bbox 804 1666 1132 1753; x_wconf 73' lang='lat' dir='ltr'><strong>duplicem</strong></span> <span class='ocrx_word' id='word_1_53' title='bbox 1175 1666 1583 1749; x_wconf 75' lang='lat' dir='ltr'><strong>finctionem,</strong></span> <span class='ocrx_word' id='word_1_54' title='bbox 1614 1690 1896 1754; x_wconf 83' lang='lat' dir='ltr'><strong>quarum</strong></span> <span class='ocrx_word' id='word_1_55' title='bbox 1939 1668 2154 1757; x_wconf 85' lang='lat' dir='ltr'><strong>prima</strong></span> <span class='ocrx_word' id='word_1_56' title='bbox 2197 1670 2278 1734; x_wconf 86' lang='lat' dir='ltr'><strong>fit</strong></span> <span class='ocrx_word' id='word_1_57' title='bbox 2321 1669 2396 1734; x_wconf 92' lang='lat' dir='ltr'><strong>in</strong></span> <span class='ocrx_word' id='word_1_58' title='bbox 2439 1692 2702 1757; x_wconf 87' lang='lat' dir='ltr'><strong>corpore</strong></span> 
     </span>
     <span class='ocr_line' id='line_1_9' title="bbox 596 1769 2701 1855; baseline 0.002 -20"><span class='ocrx_word' id='word_1_59' title='bbox 596 1769 884 1850; x_wconf 69' lang='lat' dir='ltr'><strong>urinalia,</strong></span> <span class='ocrx_word' id='word_1_60' title='bbox 915 1770 1093 1855; x_wconf 92' lang='lat' dir='ltr'><strong>quod</strong></span> <span class='ocrx_word' id='word_1_61' title='bbox 1146 1774 1249 1837; x_wconf 84' lang='lat' dir='ltr'><strong>est</strong></span> <span class='ocrx_word' id='word_1_62' title='bbox 1278 1770 1543 1836; x_wconf 82' lang='lat' dir='ltr'><strong>densius</strong></span> <span class='ocrx_word' id='word_1_63' title='bbox 1586 1778 1753 1849; x_wconf 57' lang='lat' dir='ltr'><strong>abre,</strong></span> <span class='ocrx_word' id='word_1_64' title='bbox 1785 1776 1857 1837; x_wconf 84' lang='lat' dir='ltr'><strong>et</strong></span> <span class='ocrx_word' id='word_1_65' title='bbox 1899 1773 2186 1838; x_wconf 84' lang='lat' dir='ltr'><strong>secunda</strong></span> <span class='ocrx_word' id='word_1_66' title='bbox 2225 1772 2300 1837; x_wconf 88' lang='lat' dir='ltr'><strong>in</strong></span> <span class='ocrx_word' id='word_1_67' title='bbox 2343 1778 2494 1839; x_wconf 69' lang='lat' dir='ltr'><strong>aere</strong></span> <span class='ocrx_word' id='word_1_68' title='bbox 2523 1777 2701 1839; x_wconf 88' lang='lat' dir='ltr'><strong>retro</strong></span> 
     </span>
     <span class='ocr_line' id='line_1_10' title="bbox 598 1870 3004 1961; baseline 0.002 -26"><span class='ocrx_word' id='word_1_69' title='bbox 598 1872 872 1953; x_wconf 78' lang='lat' dir='ltr'><strong>urinale,</strong></span> <span class='ocrx_word' id='word_1_70' title='bbox 926 1870 1103 1959; x_wconf 91' lang='lat' dir='ltr'><strong>quod</strong></span> <span class='ocrx_word' id='word_1_71' title='bbox 1150 1877 1255 1938; x_wconf 90' lang='lat' dir='ltr'><strong>est</strong></span> <span class='ocrx_word' id='word_1_72' title='bbox 1314 1872 1627 1939; x_wconf 79' lang='lat' dir='ltr'><strong>subtilius</strong></span> <span class='ocrx_word' id='word_1_73' title='bbox 1677 1874 1938 1953; x_wconf 75' lang='lat' dir='ltr'><strong>urinali,</strong></span> <span class='ocrx_word' id='word_1_74' title='bbox 1999 1875 2238 1940; x_wconf 82' lang='lat' dir='ltr'><strong>accidit</strong></span> <span class='ocrx_word' id='word_1_75' title='bbox 2299 1875 2477 1961; x_wconf 92' lang='lat' dir='ltr'><strong>quod</strong></span> <span class='ocrx_word' id='word_1_76' title='bbox 2533 1874 2702 1939; x_wconf 82' lang='lat' dir='ltr'><strong>radii</strong></span> <span class='ocrx_word' id='word_1_77' title='bbox 2727 1871 2806 1923; x_wconf 81' lang='lat' dir='ltr'><strong>As</strong></span> <span class='ocrx_word' id='word_1_78' title='bbox 2827 1872 3004 1925; x_wconf 71' lang='lat' dir='ltr'>⁸¹¹0W¹²</span> 
     </span>
    </p>
   </div>
   <div class='ocr_carea' id='block_1_3' title="bbox 596 1940 3022 4014">
    <p class='ocr_par' dir='ltr' id='par_1_3' title="bbox 596 1940 3022 3502">
     <span class='ocr_line' id='line_1_11' title="bbox 596 1940 3022 2071; baseline 0.001 -32"><span class='ocrx_word' id='word_1_79' title='bbox 596 1980 1075 2071; x_wconf 78' lang='lat' dir='ltr'><strong>congregantur</strong></span> <span class='ocrx_word' id='word_1_80' title='bbox 1122 1976 1205 2040; x_wconf 82' lang='lat' dir='ltr'><strong>ad</strong></span> <span class='ocrx_word' id='word_1_81' title='bbox 1256 1980 1575 2062; x_wconf 87' lang='lat' dir='ltr'><strong>punctum</strong></span> <span class='ocrx_word' id='word_1_82' title='bbox 1624 1998 1830 2049; x_wconf 84' lang='lat' dir='ltr'><strong>unum</strong></span> <span class='ocrx_word' id='word_1_83' title='bbox 1881 1977 1955 2042; x_wconf 91' lang='lat' dir='ltr'><strong>in</strong></span> <span class='ocrx_word' id='word_1_84' title='bbox 1999 1982 2150 2043; x_wconf 76' lang='lat' dir='ltr'><strong>ae‘re</strong></span> <span class='ocrx_word' id='word_1_85' title='bbox 2193 1981 2372 2043; x_wconf 87' lang='lat' dir='ltr'><strong>retro</strong></span> <span class='ocrx_word' id='word_1_86' title='bbox 2432 1976 2700 2057; x_wconf 49' lang='lat' dir='ltr'><strong>urinae,</strong></span> <span class='ocrx_word' id='word_1_87' title='bbox 2725 1940 2931 2070; x_wconf 48' lang='grc' dir='ltr'><strong>ἓξὲξ</strong></span> <span class='ocrx_word' id='word_1_88' title='bbox 2933 1942 3022 2007; x_wconf 81' lang='lat' dir='ltr'><strong>ing</strong></span> 
     </span>
     <span class='ocr_line' id='line_1_12' title="bbox 596 2076 2704 2165; baseline 0.001 -23"><span class='ocrx_word' id='word_1_89' title='bbox 596 2076 669 2142; x_wconf 91' lang='lat' dir='ltr'><strong>in</strong></span> <span class='ocrx_word' id='word_1_90' title='bbox 722 2097 852 2163; x_wconf 90' lang='lat' dir='ltr'><strong>quo</strong></span> <span class='ocrx_word' id='word_1_91' title='bbox 908 2082 1155 2165; x_wconf 87' lang='lat' dir='ltr'><strong>puncto</strong></span> <span class='ocrx_word' id='word_1_92' title='bbox 1232 2078 1611 2143; x_wconf 79' lang='lat' dir='ltr'><strong>accenditur</strong></span> <span class='ocrx_word' id='word_1_93' title='bbox 1682 2080 1876 2165; x_wconf 84' lang='lat' dir='ltr'><strong>ignis,</strong></span> <span class='ocrx_word' id='word_1_94' title='bbox 1935 2079 2052 2165; x_wconf 88' lang='lat' dir='ltr'><strong>qui</strong></span> <span class='ocrx_word' id='word_1_95' title='bbox 2127 2080 2456 2145; x_wconf 88' lang='lat' dir='ltr'><strong>comburit</strong></span> <span class='ocrx_word' id='word_1_96' title='bbox 2529 2080 2704 2144; x_wconf 82' lang='lat' dir='ltr'><strong>levia</strong></span> 
     </span>
     <span class='ocr_line' id='line_1_13' title="bbox 597 2180 2702 2268; baseline 0.001 -23"><span class='ocrx_word' id='word_1_97' title='bbox 597 2180 1135 2261; x_wconf 82' lang='lat' dir='ltr'><strong>combustibilia3</strong></span> <span class='ocrx_word' id='word_1_98' title='bbox 1194 2185 1265 2246; x_wconf 90' lang='lat' dir='ltr'><strong>et</strong></span> <span class='ocrx_word' id='word_1_99' title='bbox 1321 2180 1471 2245; x_wconf 92' lang='lat' dir='ltr'><strong>ideo</strong></span> <span class='ocrx_word' id='word_1_100' title='bbox 1543 2181 1683 2247; x_wconf 83' lang='lat' dir='ltr'><strong>haec</strong></span> <span class='ocrx_word' id='word_1_101' title='bbox 1756 2180 2123 2248; x_wconf 89' lang='lat' dir='ltr'><strong>combustio</strong></span> <span class='ocrx_word' id='word_1_102' title='bbox 2195 2180 2436 2268; x_wconf 89' lang='lat' dir='ltr'><strong>probat</strong></span> <span class='ocrx_word' id='word_1_103' title='bbox 2509 2180 2702 2247; x_wconf 91' lang='lat' dir='ltr'><strong>nobis</strong></span> 
     </span>
     <span class='ocr_line' id='line_1_14' title="bbox 598 2282 2702 2370; baseline 0 -22"><span class='ocrx_word' id='word_1_104' title='bbox 598 2282 775 2369; x_wconf 91' lang='lat' dir='ltr'><strong>quod</strong></span> <span class='ocrx_word' id='word_1_105' title='bbox 817 2288 1061 2348; x_wconf 81' lang='lat' dir='ltr'><strong>natura</strong></span> <span class='ocrx_word' id='word_1_106' title='bbox 1104 2288 1413 2370; x_wconf 83' lang='lat' dir='ltr'><strong>operatur</strong></span> <span class='ocrx_word' id='word_1_107' title='bbox 1454 2282 1814 2349; x_wconf 87' lang='lat' dir='ltr'><strong>secundum</strong></span> <span class='ocrx_word' id='word_1_108' title='bbox 1850 2283 2012 2349; x_wconf 77' lang='lat' dir='ltr'><strong>duas</strong></span> <span class='ocrx_word' id='word_1_109' title='bbox 2055 2284 2404 2349; x_wconf 81' lang='lat' dir='ltr'><strong>fractiones</strong></span> <span class='ocrx_word' id='word_1_110' title='bbox 2433 2306 2448 2348; x_wconf 91' lang='lat'><strong>:</strong></span> <span class='ocrx_word' id='word_1_111' title='bbox 2495 2289 2564 2349; x_wconf 89' lang='lat' dir='ltr'><strong>et</strong></span> <span class='ocrx_word' id='word_1_112' title='bbox 2609 2284 2702 2349; x_wconf 85' lang='lat' dir='ltr'><strong>sic</strong></span> 
     </span>
     <span class='ocr_line' id='line_1_15' title="bbox 596 2384 2700 2473; baseline 0 -22"><span class='ocrx_word' id='word_1_113' title='bbox 596 2384 917 2473; x_wconf 83' lang='lat' dir='ltr'><strong>probatur</strong></span> <span class='ocrx_word' id='word_1_114' title='bbox 981 2408 1179 2453; x_wconf 81' lang='lat' dir='ltr'><strong>causa</strong></span> <span class='ocrx_word' id='word_1_115' title='bbox 1236 2408 1354 2472; x_wconf 90' lang='lat' dir='ltr'><strong>per</strong></span> <span class='ocrx_word' id='word_1_116' title='bbox 1431 2386 1753 2452; x_wconf 87' lang='lat' dir='ltr'><strong>effectum.</strong></span> <span class='ocrx_word' id='word_1_117' title='bbox 1858 2386 1950 2451; x_wconf 89' lang='lat' dir='ltr'><strong>Et</strong></span> <span class='ocrx_word' id='word_1_118' title='bbox 2009 2386 2132 2451; x_wconf 92' lang='lat' dir='ltr'><strong>hoc</strong></span> <span class='ocrx_word' id='word_1_119' title='bbox 2193 2390 2296 2451; x_wconf 89' lang='lat' dir='ltr'><strong>est</strong></span> <span class='ocrx_word' id='word_1_120' title='bbox 2353 2408 2700 2473; x_wconf 84' lang='lat' dir='ltr'><strong>argumen-</strong></span> 
     </span>
     <span class='ocr_line' id='line_1_16' title="bbox 598 2488 2699 2576; baseline 0 -23"><span class='ocrx_word' id='word_1_121' title='bbox 598 2494 746 2554; x_wconf 88' lang='lat' dir='ltr'><strong>tum</strong></span> <span class='ocrx_word' id='word_1_122' title='bbox 805 2489 1133 2554; x_wconf 78' lang='lat' dir='ltr'><strong>naturalis</strong></span> <span class='ocrx_word' id='word_1_123' title='bbox 1192 2488 1583 2576; x_wconf 85' lang='lat' dir='ltr'><strong>philosophi,</strong></span> <span class='ocrx_word' id='word_1_124' title='bbox 1630 2488 1899 2576; x_wconf 89' lang='lat' dir='ltr'><strong>quando</strong></span> <span class='ocrx_word' id='word_1_125' title='bbox 1959 2510 2078 2576; x_wconf 92' lang='lat' dir='ltr'><strong>per</strong></span> <span class='ocrx_word' id='word_1_126' title='bbox 2119 2510 2307 2555; x_wconf 85' lang='lat' dir='ltr'><strong>suam</strong></span> <span class='ocrx_word' id='word_1_127' title='bbox 2367 2489 2699 2576; x_wconf 80' lang='lat' dir='ltr'><strong>propriam</strong></span> 
     </span>
     <span class='ocr_line' id='line_1_17' title="bbox 598 2590 2698 2678; baseline 0.001 -23"><span class='ocrx_word' id='word_1_128' title='bbox 598 2590 995 2657; x_wconf 72' lang='lat' dir='ltr'><strong>industriam</strong></span> <span class='ocrx_word' id='word_1_129' title='bbox 1054 2592 1293 2677; x_wconf 84' lang='lat' dir='ltr'><strong>arguit.</strong></span> <span class='ocrx_word' id='word_1_130' title='bbox 1386 2591 1517 2658; x_wconf 87' lang='lat' dir='ltr'><strong>Sed</strong></span> <span class='ocrx_word' id='word_1_131' title='bbox 1565 2592 1826 2678; x_wconf 80' lang='lat' dir='ltr'><strong>quando</strong></span> <span class='ocrx_word' id='word_1_132' title='bbox 1878 2592 2240 2678; x_wconf 77' lang='lat' dir='ltr'><strong>adjuvatur</strong></span> <span class='ocrx_word' id='word_1_133' title='bbox 2283 2612 2400 2678; x_wconf 84' lang='lat' dir='ltr'><strong>per</strong></span> <span class='ocrx_word' id='word_1_134' title='bbox 2442 2613 2698 2678; x_wconf 86' lang='lat' dir='ltr'><strong>geome-</strong></span> 
     </span>
     <span class='ocr_line' id='line_1_18' title="bbox 600 2692 2698 2781; baseline 0 -22"><span class='ocrx_word' id='word_1_135' title='bbox 600 2694 833 2759; x_wconf 80' lang='lat' dir='ltr'><strong>tricam</strong></span> <span class='ocrx_word' id='word_1_136' title='bbox 906 2698 1319 2780; x_wconf 83' lang='lat' dir='ltr'><strong>potestatem,</strong></span> <span class='ocrx_word' id='word_1_137' title='bbox 1381 2699 1545 2759; x_wconf 86' lang='lat' dir='ltr'><strong>tunc</strong></span> <span class='ocrx_word' id='word_1_138' title='bbox 1617 2697 1837 2781; x_wconf 85' lang='lat' dir='ltr'><strong>potest</strong></span> <span class='ocrx_word' id='word_1_139' title='bbox 1897 2693 2342 2761; x_wconf 80' lang='lat' dir='ltr'><strong>demonstrare</strong></span> <span class='ocrx_word' id='word_1_140' title='bbox 2401 2692 2698 2759; x_wconf 86' lang='lat' dir='ltr'><strong>combus-</strong></span> 
     </span>
     <span class='ocr_line' id='line_1_19' title="bbox 598 2796 2698 2884; baseline -0 -21"><span class='ocrx_word' id='word_1_141' title='bbox 598 2798 847 2863; x_wconf 87' lang='lat' dir='ltr'><strong>tionem</strong></span> <span class='ocrx_word' id='word_1_142' title='bbox 882 2796 1053 2862; x_wconf 79' lang='lat' dir='ltr'><strong>hanc</strong></span> <span class='ocrx_word' id='word_1_143' title='bbox 1095 2818 1213 2884; x_wconf 87' lang='lat' dir='ltr'><strong>per</strong></span> <span class='ocrx_word' id='word_1_144' title='bbox 1252 2818 1513 2862; x_wconf 82' lang='lat' dir='ltr'><strong>eausam</strong></span> <span class='ocrx_word' id='word_1_145' title='bbox 1552 2817 1757 2862; x_wconf 84' lang='lat' dir='ltr'><strong>suam.</strong></span> <span class='ocrx_word' id='word_1_146' title='bbox 1850 2797 1942 2861; x_wconf 90' lang='lat' dir='ltr'><strong>Et</strong></span> <span class='ocrx_word' id='word_1_147' title='bbox 1985 2798 2078 2863; x_wconf 85' lang='lat' dir='ltr'><strong>sic</strong></span> <span class='ocrx_word' id='word_1_148' title='bbox 2121 2801 2222 2863; x_wconf 87' lang='lat' dir='ltr'><strong>est</strong></span> <span class='ocrx_word' id='word_1_149' title='bbox 2267 2797 2347 2863; x_wconf 91' lang='lat' dir='ltr'><strong>de</strong></span> <span class='ocrx_word' id='word_1_150' title='bbox 2391 2797 2698 2864; x_wconf 89' lang='lat' dir='ltr'><strong>omnibus</strong></span> 
     </span>
     <span class='ocr_line' id='line_1_20' title="bbox 601 2899 2698 2989; baseline -0.001 -22"><span class='ocrx_word' id='word_1_151' title='bbox 601 2900 1085 2989; x_wconf 74' lang='lat' dir='ltr'><strong>operationibus</strong></span> <span class='ocrx_word' id='word_1_152' title='bbox 1144 2899 1575 2967; x_wconf 81' lang='lat' dir='ltr'><strong>naturalibus.</strong></span> <span class='ocrx_word' id='word_1_153' title='bbox 1686 2901 1780 2965; x_wconf 89' lang='lat' dir='ltr'><strong>Et</strong></span> <span class='ocrx_word' id='word_1_154' title='bbox 1829 2901 1978 2966; x_wconf 87' lang='lat' dir='ltr'><strong>ideo</strong></span> <span class='ocrx_word' id='word_1_155' title='bbox 2023 2922 2156 2967; x_wconf 88' lang='lat' dir='ltr'><strong>non</strong></span> <span class='ocrx_word' id='word_1_156' title='bbox 2217 2905 2492 2987; x_wconf 84' lang='lat' dir='ltr'><strong>possunt</strong></span> <span class='ocrx_word' id='word_1_157' title='bbox 2553 2900 2698 2965; x_wconf 72' lang='lat' dir='ltr'><strong>dari</strong></span> 
     </span>
     <span class='ocr_line' id='line_1_21' title="bbox 601 3001 2698 3092; baseline -0.001 -22"><span class='ocrx_word' id='word_1_158' title='bbox 601 3025 813 3070; x_wconf 84' lang='lat' dir='ltr'><strong>causae</strong></span> <span class='ocrx_word' id='word_1_159' title='bbox 855 3025 1075 3068; x_wconf 82' lang='lat' dir='ltr'><strong>rerum</strong></span> <span class='ocrx_word' id='word_1_160' title='bbox 1119 3001 1525 3068; x_wconf 75' lang='lat' dir='ltr'><strong>naturalium</strong></span> <span class='ocrx_word' id='word_1_161' title='bbox 1568 3002 1700 3068; x_wconf 89' lang='lat' dir='ltr'><strong>nisi</strong></span> <span class='ocrx_word' id='word_1_162' title='bbox 1742 3023 1860 3090; x_wconf 86' lang='lat' dir='ltr'><strong>per</strong></span> <span class='ocrx_word' id='word_1_163' title='bbox 1902 3003 2043 3068; x_wconf 81' lang='lat' dir='ltr'><strong>vias</strong></span> <span class='ocrx_word' id='word_1_164' title='bbox 2086 3005 2481 3092; x_wconf 71' lang='lat' dir='ltr'><strong>geometriae,</strong></span> <span class='ocrx_word' id='word_1_165' title='bbox 2521 3003 2698 3090; x_wconf 90' lang='lat' dir='ltr'><strong>quod</strong></span> 
     </span>
     <span class='ocr_line' id='line_1_22' title="bbox 601 3104 2696 3193; baseline -0.001 -21"><span class='ocrx_word' id='word_1_166' title='bbox 601 3111 703 3172; x_wconf 87' lang='lat' dir='ltr'><strong>est</strong></span> <span class='ocrx_word' id='word_1_167' title='bbox 744 3127 995 3172; x_wconf 85' lang='lat' dir='ltr'><strong>summe</strong></span> <span class='ocrx_word' id='word_1_168' title='bbox 1040 3105 1427 3172; x_wconf 82' lang='lat' dir='ltr'><strong>notandum.</strong></span> <span class='ocrx_word' id='word_1_169' title='bbox 1520 3104 1697 3170; x_wconf 88' lang='lat' dir='ltr'><strong>Nam</strong></span> <span class='ocrx_word' id='word_1_170' title='bbox 1737 3106 1795 3171; x_wconf 90' lang='lat' dir='ltr'><strong>si</strong></span> <span class='ocrx_word' id='word_1_171' title='bbox 1835 3127 1954 3171; x_wconf 83' lang='lat' dir='ltr'><strong>vos</strong></span> <span class='ocrx_word' id='word_1_172' title='bbox 1983 3128 2024 3172; x_wconf 83' lang='lat' dir='ltr'>a</span> <span class='ocrx_word' id='word_1_173' title='bbox 2060 3128 2448 3193; x_wconf 90' lang='lat' dir='ltr'><strong>quocunque</strong></span> <span class='ocrx_word' id='word_1_174' title='bbox 2487 3105 2696 3193; x_wconf 91' lang='lat' dir='ltr'><strong>philo-</strong></span> 
     </span>
     <span class='ocr_line' id='line_1_23' title="bbox 600 3207 2699 3297; baseline -0 -22"><span class='ocrx_word' id='word_1_175' title='bbox 600 3209 919 3297; x_wconf 86' lang='lat' dir='ltr'><strong>sophante</strong></span> <span class='ocrx_word' id='word_1_176' title='bbox 962 3207 1374 3288; x_wconf 75' lang='lat' dir='ltr'><strong>naturaliter,</strong></span> <span class='ocrx_word' id='word_1_177' title='bbox 1408 3212 1988 3296; x_wconf 81' lang='lat' dir='ltr'><strong>quantumcunque</strong></span> <span class='ocrx_word' id='word_1_178' title='bbox 2029 3208 2361 3275; x_wconf 85' lang='lat' dir='ltr'><strong>audiverit</strong></span> <span class='ocrx_word' id='word_1_179' title='bbox 2388 3209 2498 3274; x_wconf 82' lang='lat' dir='ltr'><strong>vel</strong></span> <span class='ocrx_word' id='word_1_180' title='bbox 2526 3208 2699 3295; x_wconf 84' lang='lat' dir='ltr'><strong>lege-</strong></span> 
     </span>
     <span class='ocr_line' id='line_1_24' title="bbox 600 3309 2702 3398; baseline -0 -21"><span class='ocrx_word' id='word_1_181' title='bbox 600 3313 711 3394; x_wconf 90' lang='lat' dir='ltr'><strong>rit,</strong></span> <span class='ocrx_word' id='word_1_182' title='bbox 767 3311 1079 3398; x_wconf 82' lang='lat' dir='ltr'><strong>quaeratis</strong></span> <span class='ocrx_word' id='word_1_183' title='bbox 1126 3331 1387 3377; x_wconf 79' lang='lat' dir='ltr'><strong>causam</strong></span> <span class='ocrx_word' id='word_1_184' title='bbox 1438 3311 1637 3397; x_wconf 87' lang='lat' dir='ltr'><strong>hujus</strong></span> <span class='ocrx_word' id='word_1_185' title='bbox 1687 3311 2176 3391; x_wconf 79' lang='lat' dir='ltr'><strong>combustionis,</strong></span> <span class='ocrx_word' id='word_1_186' title='bbox 2231 3310 2401 3375; x_wconf 90' lang='lat' dir='ltr'><strong>nihil</strong></span> <span class='ocrx_word' id='word_1_187' title='bbox 2454 3309 2702 3396; x_wconf 87' lang='lat' dir='ltr'><strong>poterit</strong></span> 
     </span>
     <span class='ocr_line' id='line_1_25' title="bbox 598 3412 2408 3502; baseline -0.003 -20"><span class='ocrx_word' id='word_1_188' title='bbox 598 3415 1020 3502; x_wconf 83' lang='lat' dir='ltr'><strong>respondere3</strong></span> <span class='ocrx_word' id='word_1_189' title='bbox 1066 3415 1180 3480; x_wconf 89' lang='lat' dir='ltr'><strong>sed</strong></span> <span class='ocrx_word' id='word_1_190' title='bbox 1226 3413 1401 3480; x_wconf 88' lang='lat' dir='ltr'><strong>dicet</strong></span> <span class='ocrx_word' id='word_1_191' title='bbox 1444 3413 1537 3480; x_wconf 87' lang='lat' dir='ltr'><strong>sic</strong></span> <span class='ocrx_word' id='word_1_192' title='bbox 1580 3435 1717 3480; x_wconf 86' lang='lat' dir='ltr'><strong>esse</strong></span> <span class='ocrx_word' id='word_1_193' title='bbox 1763 3435 1848 3478; x_wconf 85' lang='lat' dir='ltr'><strong>ex</strong></span> <span class='ocrx_word' id='word_1_194' title='bbox 1895 3412 2152 3478; x_wconf 82' lang='lat' dir='ltr'><strong>occulta</strong></span> <span class='ocrx_word' id='word_1_195' title='bbox 2195 3433 2408 3478; x_wconf 86' lang='lat' dir='ltr'><strong>causa.</strong></span> 
     </span>
    </p>

    <p class='ocr_par' dir='ltr' id='par_1_4' title="bbox 600 3511 3015 4014">
     <span class='ocr_line' id='line_1_26' title="bbox 690 3511 3015 3604; baseline -0.005 -19"><span class='ocrx_word' id='word_1_196' title='bbox 690 3519 863 3586; x_wconf 90' lang='lat' dir='ltr'><strong>Puer</strong></span> <span class='ocrx_word' id='word_1_197' title='bbox 912 3539 1070 3584; x_wconf 83' lang='lat' dir='ltr'><strong>vero</strong></span> <span class='ocrx_word' id='word_1_198' title='bbox 1120 3517 1169 3583; x_wconf 86' lang='lat' dir='ltr'><strong>J</strong></span> <span class='ocrx_word' id='word_1_199' title='bbox 1172 3517 1460 3583; x_wconf 78' lang='lat' dir='ltr'><strong>ohannes</strong></span> <span class='ocrx_word' id='word_1_200' title='bbox 1518 3517 1818 3604; x_wconf 84' lang='lat' dir='ltr'><strong>portavit</strong></span> <span class='ocrx_word' id='word_1_201' title='bbox 1868 3515 2250 3601; x_wconf 81' lang='lat' dir='ltr'><strong>crystallum</strong></span> <span class='ocrx_word' id='word_1_202' title='bbox 2311 3511 2700 3600; x_wconf 82' lang='lat' dir='ltr'><strong>sphaericum</strong></span> <span class='ocrx_word' id='word_1_203' title='bbox 2725 3521 2887 3574; x_wconf 77' lang='lat' dir='ltr'><strong>Sends</strong></span> <span class='ocrx_word' id='word_1_204' title='bbox 2905 3523 3015 3573; x_wconf 79' lang='lat' dir='ltr'><strong>him</strong></span> 
     </span>
     <span class='ocr_line' id='line_1_27' title="bbox 601 3603 2996 3710; baseline -0.003 -21"><span class='ocrx_word' id='word_1_205' title='bbox 601 3623 688 3689; x_wconf 77' lang='lat' dir='ltr'><strong>ad</strong></span> <span class='ocrx_word' id='word_1_206' title='bbox 748 3621 1219 3710; x_wconf 84' lang='lat' dir='ltr'><strong>experiendum</strong></span> <span class='ocrx_word' id='word_1_207' title='bbox 1254 3645 1273 3701; x_wconf 89' lang='lat'>;</span> <span class='ocrx_word' id='word_1_208' title='bbox 1332 3624 1403 3684; x_wconf 87' lang='lat' dir='ltr'><strong>et</strong></span> <span class='ocrx_word' id='word_1_209' title='bbox 1445 3621 1737 3686; x_wconf 86' lang='lat' dir='ltr'><strong>instruxi</strong></span> <span class='ocrx_word' id='word_1_210' title='bbox 1797 3639 1948 3684; x_wconf 90' lang='lat' dir='ltr'><strong>eum</strong></span> <span class='ocrx_word' id='word_1_211' title='bbox 2008 3619 2081 3683; x_wconf 91' lang='lat' dir='ltr'><strong>in</strong></span> <span class='ocrx_word' id='word_1_212' title='bbox 2140 3617 2700 3684; x_wconf 82' lang='lat' dir='ltr'><strong>demonstratione</strong></span> <span class='ocrx_word' id='word_1_213' title='bbox 2723 3603 2996 3708; x_wconf 34' lang='lat' dir='ltr'><strong>{gnane</strong></span> 
     </span>
     <span class='ocr_line' id='line_1_28' title="bbox 600 3719 2980 3811; baseline -0.003 -19"><span class='ocrx_word' id='word_1_214' title='bbox 600 3731 671 3792; x_wconf 90' lang='lat' dir='ltr'><strong>et</strong></span> <span class='ocrx_word' id='word_1_215' title='bbox 728 3725 1123 3811; x_wconf 80' lang='lat' dir='ltr'><strong>figuratione</strong></span> <span class='ocrx_word' id='word_1_216' title='bbox 1183 3721 1383 3808; x_wconf 87' lang='lat' dir='ltr'><strong>hujus</strong></span> <span class='ocrx_word' id='word_1_217' title='bbox 1432 3723 1528 3788; x_wconf 88' lang='lat' dir='ltr'><strong>rei</strong></span> <span class='ocrx_word' id='word_1_218' title='bbox 1587 3721 1872 3789; x_wconf 82' lang='lat' dir='ltr'><strong>occultae.</strong></span> <span class='ocrx_word' id='word_1_219' title='bbox 1966 3719 2034 3786; x_wconf 84' lang='lat' dir='ltr'>N</span> <span class='ocrx_word' id='word_1_220' title='bbox 2037 3741 2110 3786; x_wconf 90' lang='lat' dir='ltr'><strong>ec</strong></span> <span class='ocrx_word' id='word_1_221' title='bbox 2167 3725 2270 3786; x_wconf 89' lang='lat' dir='ltr'><strong>est</strong></span> <span class='ocrx_word' id='word_1_222' title='bbox 2329 3719 2568 3805; x_wconf 80' lang='lat' dir='ltr'><strong>aliquis</strong></span> <span class='ocrx_word' id='word_1_223' title='bbox 2626 3719 2700 3784; x_wconf 89' lang='lat' dir='ltr'><strong>in</strong></span> <span class='ocrx_word' id='word_1_224' title='bbox 2721 3723 2872 3774; x_wconf 72' lang='lat' dir='ltr'><strong>make</strong></span> <span class='ocrx_word' id='word_1_225' title='bbox 2885 3723 2980 3804; x_wconf 35' lang='lat' dir='ltr'><strong>‘the</strong></span> 
     </span>
     <span class='ocr_line' id='line_1_29' title="bbox 600 3805 2926 3910; baseline -0.003 -16"><span class='ocrx_word' id='word_1_226' title='bbox 600 3833 747 3894; x_wconf 88' lang='lat' dir='ltr'><strong>tota</strong></span> <span class='ocrx_word' id='word_1_227' title='bbox 806 3827 1025 3908; x_wconf 81' lang='lat' dir='ltr'><strong>Italia,</strong></span> <span class='ocrx_word' id='word_1_228' title='bbox 1086 3827 1257 3902; x_wconf 86' lang='lat' dir='ltr'><strong>sicut</strong></span> <span class='ocrx_word' id='word_1_229' title='bbox 1314 3845 1433 3891; x_wconf 87' lang='lat' dir='ltr'><strong>nec</strong></span> <span class='ocrx_word' id='word_1_230' title='bbox 1478 3823 1772 3890; x_wconf 81' lang='lat' dir='ltr'><strong>Parisius</strong></span> <span class='ocrx_word' id='word_1_231' title='bbox 1831 3823 1982 3903; x_wconf 90' lang='lat' dir='ltr'><strong>duo,</strong></span> <span class='ocrx_word' id='word_1_232' title='bbox 2046 3825 2161 3910; x_wconf 89' lang='lat' dir='ltr'><strong>qui</strong></span> <span class='ocrx_word' id='word_1_233' title='bbox 2205 3827 2480 3910; x_wconf 87' lang='lat' dir='ltr'><strong>possunt</strong></span> <span class='ocrx_word' id='word_1_234' title='bbox 2541 3821 2700 3888; x_wconf 84' lang='lat' dir='ltr'><strong>dare</strong></span> <span class='ocrx_word' id='word_1_235' title='bbox 2723 3805 2900 3910; x_wconf 47' lang='lat' dir='ltr'><strong>31ng</strong></span> <span class='ocrx_word' id='word_1_236' title='bbox 2904 3817 2926 3829; x_wconf 78' lang='grc'><strong>”</strong></span> 
     </span>
     <span class='ocr_line' id='line_1_30' title="bbox 608 3926 2697 4014; baseline -0.003 -16"><span class='ocrx_word' id='word_1_237' title='bbox 608 3951 871 3998; x_wconf 75' lang='lat' dir='ltr'><strong>causam</strong></span> <span class='ocrx_word' id='word_1_238' title='bbox 900 3927 1331 3996; x_wconf 84' lang='lat' dir='ltr'><strong>sufficientem</strong></span> <span class='ocrx_word' id='word_1_239' title='bbox 1390 3927 1464 3994; x_wconf 89' lang='lat' dir='ltr'><strong>in</strong></span> <span class='ocrx_word' id='word_1_240' title='bbox 1530 3926 1655 3993; x_wconf 83' lang='lat' dir='ltr'><strong>hac</strong></span> <span class='ocrx_word' id='word_1_241' title='bbox 1712 3932 1904 4014; x_wconf 80' lang='lat' dir='ltr'><strong>parte</strong></span> <span class='ocrx_word' id='word_1_242' title='bbox 1939 3951 1956 4009; x_wconf 92' lang='lat'>;</span> <span class='ocrx_word' id='word_1_243' title='bbox 2019 3930 2088 3993; x_wconf 88' lang='lat' dir='ltr'><strong>et</strong></span> <span class='ocrx_word' id='word_1_244' title='bbox 2149 3926 2364 3994; x_wconf 85' lang='lat' dir='ltr'><strong>multa</strong></span> <span class='ocrx_word' id='word_1_245' title='bbox 2422 3926 2697 4014; x_wconf 85' lang='lat' dir='ltr'><strong>exposui</strong></span> 
     </span>
    </p>
   </div>
   <div class='ocr_carea' id='block_1_4' title="bbox 598 4032 1303 4101">
    <p class='ocr_par' dir='ltr' id='par_1_5' title="bbox 598 4032 1303 4101">
     <span class='ocr_line' id='line_1_31' title="bbox 598 4032 1303 4101; baseline -0.006 -1"><span class='ocrx_word' id='word_1_246' title='bbox 598 4035 767 4101; x_wconf 83' lang='lat' dir='ltr'><strong>circa</strong></span> <span class='ocrx_word' id='word_1_247' title='bbox 793 4033 915 4100; x_wconf 82' lang='lat' dir='ltr'><strong>has</strong></span> <span class='ocrx_word' id='word_1_248' title='bbox 940 4032 1303 4100; x_wconf 72' lang='lat' dir='ltr'><strong>fractiones.</strong></span> 
     </span>
    </p>
   </div>
   <div class='ocr_carea' id='block_1_5' title="bbox 1374 4293 1932 4362">
    <p class='ocr_par' dir='ltr' id='par_1_6' title="bbox 1374 4293 1932 4362">
     <span class='ocr_line' id='line_1_32' title="bbox 1374 4293 1932 4362; baseline -0.002 0"><span class='ocrx_word' id='word_1_249' title='bbox 1374 4294 1536 4362; x_wconf 75' lang='lat' dir='ltr'>CAP.</span> <span class='ocrx_word' id='word_1_250' title='bbox 1583 4293 1932 4362; x_wconf 91' lang='lat' dir='ltr'>XXXIII.</span> 
     </span>
    </p>
   </div>
   <div class='ocr_carea' id='block_1_6' title="bbox 695 4463 3032 4596">
    <p class='ocr_par' dir='ltr' id='par_1_7' title="bbox 695 4463 3032 4596">
     <span class='ocr_line' id='line_1_33' title="bbox 695 4463 3032 4596; baseline -0.003 -44"><span class='ocrx_word' id='word_1_251' title='bbox 695 4486 982 4552; x_wconf 68' lang='lat' dir='ltr'>DEINDE:</span> <span class='ocrx_word' id='word_1_252' title='bbox 1011 4483 1316 4550; x_wconf 87' lang='lat' dir='ltr'><strong>descendi</strong></span> <span class='ocrx_word' id='word_1_253' title='bbox 1346 4483 1435 4549; x_wconf 79' lang='lat' dir='ltr'><strong>ad</strong></span> <span class='ocrx_word' id='word_1_254' title='bbox 1481 4482 1680 4548; x_wconf 81' lang='lat' dir='ltr'><strong>aliam</strong></span> <span class='ocrx_word' id='word_1_255' title='bbox 1721 4483 2010 4549; x_wconf 81' lang='lat' dir='ltr'><strong>radicem</strong></span> <span class='ocrx_word' id='word_1_256' title='bbox 2039 4477 2433 4568; x_wconf 85' lang='lat' dir='ltr'><strong>cognitionis</strong></span> <span class='ocrx_word' id='word_1_257' title='bbox 2461 4498 2696 4556; x_wconf 88' lang='lat' dir='ltr'><strong>rerum,</strong></span> <span class='ocrx_word' id='word_1_258' title='bbox 2721 4463 3032 4596; x_wconf 42' lang='lat'><strong>3323?</strong></span> 
     </span>
    </p>
   </div>
   <div class='ocr_carea' id='block_1_7' title="bbox 600 4581 2979 4675">
    <p class='ocr_par' dir='ltr' id='par_1_8' title="bbox 600 4581 2979 4675">
     <span class='ocr_line' id='line_1_34' title="bbox 600 4581 2979 4675; baseline -0.003 -19"><span class='ocrx_word' id='word_1_259' title='bbox 600 4597 667 4656; x_wconf 86' lang='lat' dir='ltr'><strong>et</strong></span> <span class='ocrx_word' id='word_1_260' title='bbox 735 4595 836 4655; x_wconf 82' lang='lat' dir='ltr'><strong>est</strong></span> <span class='ocrx_word' id='word_1_261' title='bbox 902 4610 1020 4675; x_wconf 88' lang='lat' dir='ltr'><strong>per</strong></span> <span class='ocrx_word' id='word_1_262' title='bbox 1084 4585 1701 4673; x_wconf 84' lang='lat' dir='ltr'><strong>multiplicationem</strong></span> <span class='ocrx_word' id='word_1_263' title='bbox 1767 4586 2098 4650; x_wconf 87' lang='lat' dir='ltr'><strong>virtutum</strong></span> <span class='ocrx_word' id='word_1_264' title='bbox 2173 4581 2512 4670; x_wconf 83' lang='lat' dir='ltr'><strong>agentium</strong></span> <span class='ocrx_word' id='word_1_265' title='bbox 2583 4601 2700 4667; x_wconf 77' lang='lat' dir='ltr'><strong>per</strong></span> <span class='ocrx_word' id='word_1_266' title='bbox 2723 4597 2784 4647; x_wconf 81' lang='lat' dir='ltr'><strong>of</strong></span> <span class='ocrx_word' id='word_1_267' title='bbox 2795 4600 2979 4664; x_wconf 69' lang='lat' dir='ltr'><strong>speeies</strong></span> 
     </span>
    </p>
   </div>
   <div class='ocr_carea' id='block_1_8' title="bbox 600 4665 2988 4785">
    <p class='ocr_par' dir='ltr' id='par_1_9' title="bbox 600 4665 2988 4785">
     <span class='ocr_line' id='line_1_35' title="bbox 600 4665 2988 4785; baseline -0.003 -26"><span class='ocrx_word' id='word_1_268' title='bbox 600 4694 807 4760; x_wconf 82' lang='lat' dir='ltr'><strong>lineas</strong></span> <span class='ocrx_word' id='word_1_269' title='bbox 873 4691 1163 4759; x_wconf 66' lang='lat' dir='ltr'><strong>reflexas.</strong></span> <span class='ocrx_word' id='word_1_270' title='bbox 1256 4689 1519 4777; x_wconf 79' lang='lat' dir='ltr'><strong>Species</strong></span> <span class='ocrx_word' id='word_1_271' title='bbox 1582 4687 1850 4775; x_wconf 86' lang='lat' dir='ltr'><strong>quidem</strong></span> <span class='ocrx_word' id='word_1_272' title='bbox 1911 4687 2008 4752; x_wconf 87' lang='lat' dir='ltr'><strong>rei</strong></span> <span class='ocrx_word' id='word_1_273' title='bbox 2072 4707 2208 4751; x_wconf 91' lang='lat' dir='ltr'><strong>non</strong></span> <span class='ocrx_word' id='word_1_274' title='bbox 2265 4684 2502 4770; x_wconf 83' lang='lat' dir='ltr'><strong>recipit</strong></span> <span class='ocrx_word' id='word_1_275' title='bbox 2557 4682 2697 4748; x_wconf 81' lang='lat' dir='ltr'><strong>vio·</strong></span> <span class='ocrx_word' id='word_1_276' title='bbox 2720 4665 2988 4785; x_wconf 41' lang='lat' dir='ltr'><strong>pignreflee-</strong></span> 
     </span>
    </p>
   </div>
  </div>
 </body>
</html>
