3517 5750
593 4152 822 4205 Philone²

591 4220 762 4285 phiesl

929 891 1062 954 542
1766 899 2125 952 mmm
2168 901 2213 952 1.
2860 885 3063 974 [cuv.

929 1079 1210 1168 propriae
1271 1076 1755 1166 eol-ruptionis;
1816 1099 1936 1144 nee
1992 1082 2219 1144 tamen
2264 1099 2471 1164 usque
2528 1077 2617 1142 ad
2672 1077 3057 1144 terminum

931 1182 1232 1269 primum,
1263 1179 1458 1248 eredo
1485 1181 1668 1266 quod
1711 1180 1969 1266 aliquis,
2000 1185 2589 1266 quantumcunque
2632 1179 2896 1267 sapiens
2938 1181 3056 1246 his

929 1284 1355 1371 temporibus,
1407 1286 1630 1370 posset
1687 1283 2063 1370 attingere3
2112 1282 2273 1348 lieet
2334 1281 2737 1370 possibilitas
2796 1285 2907 1362 sit,
2972 1289 3055 1349 et

928 1385 1238 1473 aptitudo
1295 1390 1556 1452 nsturae
1607 1385 1915 1452 humanae
1976 1385 2065 1450 sd
2124 1385 2315 1450 illum
2374 1384 2737 1452 terminum
2806 1407 3049 1451 secun-

929 1487 1090 1554 dum
1133 1489 1314 1573 quod
1355 1487 1488 1554 fuit
1529 1487 1604 1552 in
1647 1488 1878 1575 primis
1920 1485 2317 1554 hominibus.

1019 1589 1164 1656 Nee
1207 1589 1454 1656 mirum
1500 1611 1706 1677 quum
1766 1589 2077 1677 aptitudo
2122 1589 2255 1655 ists
2310 1609 2381 1655 se
2430 1589 2737 1656 extendit
2780 1589 2869 1654 ad
2914 1590 3047 1654 im·

931 1692 1430 1773 mortalitatem,
1487 1692 1662 1760 sieut
1725 1691 1858 1760 fuit
1916 1697 2075 1758 ante
2144 1697 2507 1779 peecatum,
2568 1697 2641 1758 et
2696 1691 2829 1757 erit
2886 1699 3051 1779 post

931 1797 1482 1862 resurrectionem.
1571 1793 1708 1861 Sed
1749 1796 1810 1860 si
1852 1801 1931 1860 tu
1989 1794 2169 1860 dieas
2226 1792 2407 1880 quod
2456 1815 2575 1860 nec
2622 1793 3045 1873 Aristoteles,

931 1919 1054 1966 nee
1099 1897 1308 1976 Plato,
1359 1918 1482 1966 nee
1541 1897 1851 1986 Ypoeras,
1904 1919 2025 1964 nee
2086 1895 2421 1976 Galienus,
2473 1895 2563 1962 ad
2618 1895 2817 1982 hujus
2874 1897 3049 1964 vitoe

931 1999 1496 2088 prolongationem
1541 2005 1912 2081 venerunt3
1958 1999 2317 2086 respondeo
2364 1999 2511 2076 tibi,
2556 1999 2737 2086 quod
2783 2019 2907 2064 nee
2952 2000 3045 2064 ad

931 2103 1176 2169 multas
1219 2103 1536 2169 veritates
1584 2101 1959 2180 mediocres,
2009 2123 2155 2189 quse
2206 2107 2435 2188 postes
2478 2101 2661 2168 seitae
2718 2106 2879 2166 sunt
2922 2124 3049 2188 per

931 2204 1096 2270 alios
1151 2205 1523 2285 studiosos;
1583 2209 1654 2270 et
1695 2203 1845 2270 ideo
1896 2205 2035 2270 lunc
2096 2205 2391 2270 maxims.
2432 2208 2793 2291 potuerunt
2854 2205 3049 2290 igno-

932 2329 1096 2384 rare,
1147 2328 1522 2394 quanquam
1581 2307 1670 2372 sd
1729 2305 1869 2372 haeo
1927 2306 2413 2372 laboraverunt.
2520 2305 2653 2372 Sed
2710 2305 2910 2372 nimis
2970 2327 3045 2372 se

933 2409 1008 2475 in
1049 2409 1198 2476 aliis
1241 2413 1740 2497 occupaverunt,
1788 2413 1859 2474 et
1904 2409 2099 2474 citius
2142 2409 2447 2496 perducti
2490 2413 2651 2475 sunt
2692 2409 2781 2474 sd
2822 2431 3049 2474 senec-

937 2517 1172 2594 tutem,
1231 2517 1684 2579 consumentes
1745 2511 1959 2577 vitam
2032 2511 2107 2576 in
2178 2510 2508 2598 pejoribus
2584 2517 2654 2577 et
2726 2509 3041 2598 vulgatis,

935 2615 1238 2701 quamvis
1297 2615 1444 2680 viss
1515 2613 1604 2679 sd
1674 2612 1815 2678 haee
1878 2617 2124 2679 sem-eta
2196 2610 2662 2699 pel-oeperunt*¹
2782 2612 3045 2680 Scimus

935 2719 1111 2783 enim
1171 2718 1351 2805 quod
1409 2715 1801 2782 Aristoteles
1862 2715 2025 2781 dicit
2099 2716 2171 2779 in
2240 2714 2791 2794 Praedieamentis,
2860 2715 3041 2801 quod

933 2819 1340 2907 quadratura.
1411 2817 1636 2887 circuli
1703 2817 1949 2885 scibilis
2016 2825 2134 2895 est,
2194 2823 2264 2885 et
2338 2817 2429 2883 sio
2502 2817 2753 2884 fatetur
2824 2837 2895 2883 se
2968 2823 3043 2883 et

933 2942 1158 2987 omnes
1215 2923 1545 3008 ignorasse
1607 2942 1815 3007 usque
1890 2921 1979 2986 sd
2059 2926 2319 3008 tempus
2383 2942 2593 2987 suum.
2712 2918 2845 2987 Sed
2920 2942 3043 2987 nos

931 3024 1172 3089 scimus
1245 3022 1350 3087 his
1423 3022 1656 3089 diebus
1715 3024 1893 3109 quod
1950 3024 2157 3089 scitur
2216 3023 2354 3089 haec
2412 3023 2675 3101 veritas,
2746 3028 2817 3089 et
2887 3023 3041 3088 ideo

931 3125 1126 3213 longe
1203 3124 1416 3213 magis
1489 3126 1712 3212 potuit
1778 3124 2170 3192 Aristoteles
2228 3125 2539 3191 ulteriora
2614 3132 2871 3191 naturae
2940 3146 3042 3190 se-

933 3234 1112 3295 creta
1159 3228 1474 3315 ignorare.
1565 3228 1785 3293 Multa
1836 3228 2040 3294 etiam
2098 3228 2293 3294 modo
2352 3228 2665 3315 ignorant
2714 3228 3042 3313 sapientes

931 3354 1080 3417 quae
1147 3330 1388 3419 vulgus
1453 3330 1867 3397 studentium
1934 3330 2095 3397 sciet
2168 3328 2239 3395 in
2312 3330 2716 3417 temporibus
2782 3329 3038 3396 futuris.

933 3433 1132 3502 Unde
1176 3434 1316 3501 haeo
1359 3434 1640 3521 objectio
1683 3456 1861 3499 vana
1903 3438 2005 3499 est
2048 3453 2166 3520 per
2210 3452 2473 3498 omnem
2514 3432 2801 3497 modum.

1774 3765 1935 3835 Cu».
1982 3766 2185 3835 VIII.

1213 3958 1316 4025 De
1369 3956 1771 4027 occultando
1817 3967 2064 4027 secreta
2114 3966 2393 4027 mturoe
2440 3966 2501 4026 et
2546 3958 2747 4025 artis.

1019 4148 1478 4215 ENUMERATIS
1555 4150 1951 4237 quibusdam
2026 4152 2345 4237 exemplis
2408 4150 2582 4217 cirea
2643 4154 2901 4215 naturae
2968 4152 3041 4214 et

594 4296 778 4339 m
799 4296 890 4340 not
927 4254 1094 4321 artis
1135 4257 1550 4340 potestatem,
1597 4258 1678 4319 ut
1720 4274 1807 4319 ex
1850 4253 2075 4339 paucis
2135 4254 2347 4319 mults
2392 4252 2792 4340 oolligamus,
2840 4256 2911 4317 et
2952 4272 3041 4319 ex

595 4362 649 4405 ω
669 4356 733 4405 ¹³0
755 4355 830 4405 <¹¹-
929 4356 1230 4443 partibus
1291 4361 1452 4437 tota,
1519 4378 1604 4422 ex
1662 4355 2088 4443 particularia
2149 4354 2649 4435 universalibuS,
2713 4358 3041 4440 quatenus

595 4421 798 4487 vulged.

930 4459 1274 4525 videamus
1317 4458 1496 4545 quod
1537 4478 1676 4524 non
1719 4462 1823 4524 est
1872 4478 2131 4525 neeesse
2184 4456 2376 4524 nobis
2426 4458 2717 4545 aspirare
2770 4456 2856 4521 ad
2899 4477 3043 4521 ma-

1065 4762 1079 4793 ¹
1102 4778 1244 4827 quam
1294 4799 1308 4813 .
1347 4798 1360 4812 .
1395 4800 1409 4813 .
1446 4798 1458 4811 .
1501 4762 1847 4829 perceperunt]
1874 4760 2104 4827 quamvis
2128 4768 2321 4813 secreta
2342 4760 2503 4822 multa
2524 4762 2853 4831 perceperint„
2873 4763 2933 4819 C.
