3517 5750
491 863 576 951 1.]
1277 881 1454 932 orus
1496 883 1700 932 ‘ru-:1111
1709 879 1827 933 tm.
2560 865 2605 932 5

501 1075 744 1139 cogor;
805 1053 918 1140 qui
985 1055 1187 1121 etiam
1265 1077 1430 1122 meae
1490 1055 1795 1142 congruit
1854 1053 2218 1142 parvitati3
2295 1053 2473 1119 unde
2538 1053 2609 1118 in

503 1155 612 1220 his
672 1156 1012 1242 scripturis
1079 1157 1397 1223 libentius
1455 1163 1608 1223 uter
1632 1154 1651 1192 ¹
1723 1178 1819 1223 eo,
1909 1157 2002 1223 Et
2066 1155 2327 1243 sapiens
2370 1159 2607 1242 suapte

501 1263 746 1322 natura
788 1259 862 1322 in
906 1259 1125 1345 sapien
1134 1259 1234 1324 tia
1293 1258 1676 1339 delectatur,
1747 1280 1825 1324 ac
1886 1259 2172 1344 seipsum
2216 1259 2429 1324 flectit
2449 1255 2476 1294 ²
2535 1258 2609 1322 in

503 1381 670 1445 opus
731 1361 996 1447 propria
1067 1362 1336 1428 virtute.
1460 1362 1618 1427 Non
1693 1360 2073 1427 exercitatis
2147 1360 2222 1425 in
2282 1360 2611 1448 sapientia

503 1464 904 1528 necessarius
972 1469 1076 1529 est
1135 1486 1346 1530 sermo
1415 1465 1686 1530 decorus
1735 1468 1819 1529 ut
1878 1463 2169 1540 delectet,
2235 1468 2307 1528 et
2372 1467 2608 1550 potens

503 1563 920 1650 permovere³
979 1572 1062 1632 ut
1121 1565 1360 1632 flectat.
1453 1565 1586 1632 Sed
1650 1587 1799 1631 cum
1844 1564 2401 1653 sapientissimum
2446 1565 2607 1630 allo·

504 1687 670 1753 quor
714 1667 1074 1754 majoribus
1117 1668 1513 1755 eloquentiae
1530 1667 1558 1707 ⁴
1601 1668 1856 1734 viribus
1916 1687 2051 1734 non
2110 1674 2213 1734 est
2257 1689 2439 1756 opus,
2486 1689 2609 1734 nec

505 1775 765 1856 tempus
825 1769 1038 1837 habeo
1109 1772 1422 1858 captandi
1495 1775 1768 1838 ornatus
1828 1769 2205 1850 rhetoricos,
2278 1793 2429 1837 cum
2488 1791 2609 1838 nec

505 1872 752 1940 sufficio
795 1874 1167 1954 veritatem,
1211 1879 1294 1940 ut
1338 1873 1660 1961 congruit,
1705 1873 2002 1940 enodare.

595 1973 730 2040 Sed
801 1981 1072 2063 propter
1142 1975 1404 2042 viarum
1468 1976 1765 2041 maxima
1860 1969 2197 2063 pericula,⁵
2270 1979 2341 2042 et
2413 1975 2607 2042 amis-
2630 1983 2877 2064 Intenfled
2900 1985 2943 2038 it

504 2077 752 2144 sionem
817 2079 1032 2165 operis
1096 2079 1490 2166 possibilem,
1535 2100 1794 2146 neeesse
1856 2079 1991 2145 fuit
2048 2084 2131 2145 ut
2190 2078 2373 2144 aliud
2418 2100 2607 2166 opus·
2632 2062 2943 2170 afflgssm'

506 2179 724 2246 culum
783 2181 1150 2258 formarem,
1219 2181 1293 2246 in
1355 2202 1485 2268 quo
1551 2181 1930 2269 principalis
1990 2180 2330 2270 scripturae
2394 2180 2610 2247 inten-
2635 2187 2735 2236 and
2756 2201 2894 2238 oom-

503 2281 756 2348 tionem
814 2283 1180 2369 aperirem;
1254 2288 1335 2350 ut
1393 2283 1596 2349 etiam
1669 2283 1858 2350 labor
1914 2305 2100 2349 meus
2174 2289 2413 2350 vestrae
2486 2283 2614 2349 cle-
2634 2252 2941 2385 Ξέῗῗξῃὲζζ,

503 2385 772 2451 mentiae
815 2384 1199 2464 innotescat,
1247 2391 1574 2472 quatenus
1618 2385 1921 2454 habeatis
1964 2386 2315 2472 exemplar,
2363 2408 2494 2472 quo
2524 2385 2613 2452 ad
2635 2384 2781 2464 vion-2

505 2487 890 2554 memoriam
949 2489 1268 2556 revocetis
1335 2490 1498 2576 quid
1555 2511 1598 2555 a
1655 2489 2065 2578 sapientibus
2124 2488 2321 2576 hujus
2378 2487 2613 2556 mundi
2634 2461 2911 2586 ὀἷ-ἱξυὸῗρ,

503 2594 728 2677 petere
788 2590 1097 2658 debeatis,
1204 2591 1533 2672 Quoniam
1593 2592 1798 2658 etiam
1859 2591 2214 2659 voluminis
2273 2591 2611 2679 quantitas
2634 2585 2921 2706 Μὲἷῗὰᾶθ·

505 2715 747 2780 magna
806 2699 924 2774 est,
985 2699 1253 2781 propter
1310 2715 1510 2781 quam
1569 2694 1865 2782 oportuit
1927 2695 2142 2782 ipsum
2200 2693 2275 2760 in
2326 2699 2612 2781 quatuor
2634 2667 2688 2704 ω

506 2793 760 2875 dividi‚⁶
801 2801 874 2862 et
917 2796 1374 2884 occupationes
1417 2796 1590 2864 sedis
1629 2795 2035 2885 apostolicae⁷
2074 2819 2309 2886 graves
2348 2803 2507 2864 sunt
2540 2803 2611 2864 et

505 2897 904 2980 multifariae,
935 2899 1224 2987 cogitavi
1269 2906 1348 2966 ut
1391 2900 1517 2966 sub
1561 2900 1849 2987 quodam
1880 2902 2265 2989 compendio
2294 2902 2611 2967 videretis

508 3000 686 3086 quod
742 3000 946 3068 latius
1005 3002 1082 3067 in
1139 3001 1272 3089 Maj
1280 3002 1380 3069 ori
1441 3002 1654 3090 Opere
1706 3009 1809 3070 est
1868 3003 2199 3069 diffusum.
2299 3002 2613 3069 Difficilia

507 3102 722 3169 enim⁸
781 3105 996 3169 multa
1039 3108 1434 3185 tractantur,
1482 3126 1632 3191 quae
1677 3106 1887 3171 ardua
1928 3111 2087 3171 sunt
2126 3105 2497 3172 intellectui
2544 3111 2613 3172 et

507 3226 702 3292 opere
751 3206 1078 3293 graviora.
1173 3206 1464 3293 Ideoque
1524 3207 1712 3274 velut
1770 3208 2321 3274 introductoriam
2339 3206 2366 3245 ⁹
2424 3208 2612 3274 volui

507 3309 861 3374 secundam
903 3330 1136 3395 parare
1181 3308 1588 3397 scripturam,
1637 3315 1965 3397 quatenus
2018 3309 2369 3376 difficultas
2412 3308 2612 3396 primi

509 3410 720 3496 operis
763 3410 1150 3499 mitigetur3
1224 3412 1542 3479 memoria
1583 3412 1789 3477 etiam
1834 3411 2150 3489 invalida,
2198 3434 2346 3497 quae
2389 3432 2611 3477 rerum

507 3512 940 3579 multitudine
970 3519 1308 3601 gravatur,
1343 3514 1564 3603 aliqua
1605 3514 1789 3603 prius
1836 3512 2165 3593 omiserat,
2196 3535 2342 3600 quae
2373 3514 2444 3578 in
2490 3514 2615 3581 hoc

509 3635 704 3701 opere
763 3616 1024 3683 utiliter
1079 3618 1482 3684 inseruntur.
1606 3616 1701 3684 Et
1741 3616 2361 3703 impedimentorum
2405 3638 2613 3682 reme-

507 3717 622 3783 dia
662 3718 958 3805 priorum
1000 3725 1251 3802 nactus,
1281 3721 1472 3807 potui
1513 3720 1736 3807 aliqua
1780 3720 2019 3786 addere
2055 3718 2432 3799 necessaria,
2463 3742 2615 3807 quae

507 3819 694 3906 prius
744 3843 984 3907 ponere
1049 3844 1186 3889 non
1250 3822 1570 3889 valebam.
1695 3822 2061 3889 Tantarum
2126 3823 2329 3889 etiam
2394 3846 2613 3889 rerum

507 3922 900 3991 admiranda
957 3924 1350 4005 sublimitas,
1397 3932 1650 4013 quanto
1713 3926 1951 4015 saepius
1992 3926 2375 4007 revolvitur,
2424 3932 2615 3994 tanto

579 4392 592 4423 ¹
619 4392 752 4459 uter]
791 4400 923 4456 utor,
949 4392 1008 4445 l'a.
1680 4394 1702 4423 ⁰
1723 4401 1933 4459 quatuor
1950 4392 2137 4461 dividi]
2176 4410 2275 4445 om.
2308 4392 2371 4446 L.

575 4472 797 4539 ²floen't]
834 4472 1020 4535 flectet,
1051 4472 1117 4524 L.
1684 4472 1704 4501 ⁷
1725 4480 1773 4524 et
1803 4476 2137 4540 occupationes
2158 4473 2284 4523 sedas
2315 4471 2615 4540 apostolicoe]

578 4552 598 4582 ¹
621 4552 924 4618 movere]
961 4560 1270 4618 promovere,
1289 4544 1355 4603 Τ.
1379 4550 1446 4603 U.
1619 4559 1672 4604 et
1691 4553 1979 4617 apostolico
1999 4552 2131 4605 sedis
2152 4552 2515 4617 occupationes,
2537 4553 2600 4605 Τ.

579 4632 598 4661 ⁴
616 4628 922 4697 eloquentie]
959 4630 1229 4697 sapientise,
1254 4631 1315 4683 Τ.
1687 4631 1707 4661 ¹
1728 4630 1877 4698 enim]
1904 4632 2069 4692 etiam,
2091 4631 2221 4683 L'l'.

581 4711 604 4741 ⁸
621 4726 836 4761 maxuma
901 4709 1152 4778 pericula]
1237 4710 1512 4763 maximum
1667 4712 1708 4741 ·⁸
1730 4710 2147 4778 inu-oducton'um]
2190 4711 2623 4778 introductionem,

511 4789 808 4857 periculum,
828 4788 891 4843 Τ.
1622 4790 1687 4844 Τ.
