3517 5750
808 1487 1202 1578 ROGERI
1270 1485 1725 1577 BACONIS
1795 1485 2063 1575 OPUS
2133 1484 2508 1575 MINUS.

676 2194 687 2207 .
737 2188 753 2205 .
803 2140 1064 2219 unione,
1113 2144 1184 2206 et
1227 2160 1377 2205 cum
1421 2160 1663 2224 vapore
1716 2138 1972 2224 plumbi
2015 2159 2133 2225 pro
2178 2135 2432 2205 hibri0¹
2482 2138 2716 2225 lapide,

612 2249 683 2310 et
746 2249 1006 2309 osratur
1079 2265 1227 2309 cum
1304 2240 1500 2306 rebus
1566 2239 2060 2318 desiccantibus,
2138 2246 2209 2306 et
2275 2263 2316 2305 a
2373 2291 2387 2306 .
2450 2291 2464 2307 .
2511 2292 2524 2307 .
2596 2264 2673 2307 us
2694 2241 2720 2277 ²

611 2367 767 2411 vero
811 2346 1204 2411 sublimetur
1249 2367 1296 2431 p
1340 2394 1353 2408 .
1400 2394 1415 2407 .
1462 2342 1888 2429 margaritam
1957 2342 2298 2408 duodecies
2357 2365 2402 2429 p
2449 2394 2463 2410 .
2509 2395 2523 2408 .
2571 2344 2722 2409 siles

608 2447 839 2535 tangi⁸
884 2470 1005 2513 auc
1034 2496 1053 2513 .
1106 2494 1123 2511 .
1170 2496 1187 2513 .
1236 2452 1318 2512 ut
1360 2444 1685 2512 rubescat.
1782 2445 1913 2512 Sed
1958 2444 2104 2509 calx
2147 2445 2301 2510 solis
2345 2451 2416 2511 et
2447 2446 2722 2512 Saturni

610 2551 1036 2636 requiruntur
1096 2570 1216 2635 pro
1290 2548 1547 2613 minera
1607 2547 1857 2635 pascoli
1901 2568 2058 2612 vero
2121 2546 2270 2612 calx
2316 2546 2591 2613 Veneris
2653 2554 2721 2615 et

610 2653 825 2718 Lunae
886 2672 1005 2738 pro
1072 2651 1267 2729 talah,
1335 2650 1512 2738 quod
1574 2651 1647 2715 in
1692 2651 1905 2716 colore
1965 2654 2034 2715 et
2094 2654 2336 2715 natura.
2391 2650 2724 2716 similatur

611 2758 906 2842 argento.
1030 2752 1284 2840 Corpus
1359 2774 1517 2819 vero
1592 2752 1954 2818 calcina-tur
2041 2774 2248 2837 quum
2316 2753 2723 2817 consumitur

613 2856 977 2922 humiditas
1036 2860 1355 2922 extranea
1420 2855 1493 2920 in
1545 2877 1621 2922 eo
1664 2877 1783 2942 per
1824 2878 1929 2921 res
2003 2855 2402 2920 desiccantes
2476 2860 2545 2921 et
2617 2879 2722 2922 res

612 2959 1002 3039 adurentem
1046 2964 1116 3025 et
1159 2981 1364 3045 quum
1409 2958 1716 3024 cibantur
1760 2979 2032 3044 corpora
2077 2957 2419 3035 MercuriO,
2452 2962 2522 3024 et
2567 2958 2719 3024 sub-

612 3061 884 3128 limatur
926 3061 1013 3127 ab
1058 3061 1167 3140 sisa,
1201 3061 1407 3126 donec
1450 3065 1786 3126 remaneat
1831 3061 2062 3149 pulvis.

705 3251 773 3317 N
774 3275 904 3318 unc
970 3253 1121 3318 volo
1196 3257 1467 3340 tangere
1543 3253 1822 3318 aliorum
1897 3253 2314 3330 sententiam,
2372 3271 2528 3316 nam
2601 3272 2717 3316 sex
2747 3267 2924 3320 Orthe

2743 3332 2895 3384 elixir
2915 3337 3013 3386 aud

613 3364 720 3429 vel
787 3368 1037 3450 septem
1099 3363 1529 3450 accipiuntur,
1577 3367 1658 3430 ut
1722 3363 1886 3431 dicit
1928 3364 2275 3429 Avicenna
2340 3361 2413 3426 in
2457 3363 2720 3430 Am‘mae
2745 3400 2832 3451 the
2853 3409 3014 3452 trans-

612 3466 796 3531 libro.
888 3465 980 3531 Et
1008 3466 1185 3531 idem
1214 3465 1377 3532 dicit
1420 3466 1507 3531 ad
1540 3467 1786 3544 Hasm,
1817 3467 1994 3553 quod
2039 3465 2312 3530 rubeum
2357 3465 2722 3551 completur
2745 3468 2990 3518 mutation
3005 3468 3067 3519 of

615 3571 899 3654 'quatuor
940 3567 1105 3633 rotis
1148 3573 1218 3634 et
1260 3567 1486 3634 album
1532 3569 1766 3636 tribus,
1857 3569 1952 3633 Et
1993 3568 2135 3634 haec
2175 3588 2298 3634 sua
2339 3589 2512 3653 aqua
2553 3567 2722 3632 bene

617 3670 1025 3735 misceantur*
1068 3674 1137 3735 et
1198 3671 1598 3738 nutriantur.
1690 3671 1782 3737 Et
1855 3671 2119 3760 signum
2192 3668 2722 3735 incarcerationis

616 3776 719 3838 est
782 3793 930 3836 cum
1004 3775 1200 3837 tuum
1270 3793 1433 3860 opus
1499 3773 1822 3860 liquescit,
1897 3795 2092 3860 super
2165 3772 2409 3837 ferrum
2485 3771 2722 3850 cadens

616 3874 787 3940 sieut
852 3895 1011 3940 cera.
1103 3875 1236 3940 Sed
1302 3881 1561 3963 oportet
1630 3876 1805 3964 quod
1867 3875 2300 3963 projiciantur
2347 3875 2421 3939 in
2464 3873 2722 3955 coelum,

620 3982 691 4042 et
751 3976 995 4043 iterum
1058 3977 1524 4065 demergantur
1584 3981 1658 4044 in
1718 3980 2046 4066 abyssum.
2140 3979 2232 4046 Et
2293 3979 2434 4046 haec
2477 3979 2724 4046 totiens

618 4079 758 4157 fiat,
807 4079 1013 4146 donec
1073 4079 1250 4145 filius
1311 4081 1432 4147 fiat
1484 4087 1687 4168 pater,
1735 4088 1804 4149 et
1871 4105 1906 4148 e
1959 4103 2310 4163 convers03
2354 4089 2426 4148 et
2491 4103 2723 4170 corpus

619 4181 743 4246 fiat
784 4182 1075 4268 spii-itm,
1120 4183 1296 4248 sicut
1339 4183 1503 4249 dicit
1546 4184 1828 4250 Hermes
1874 4184 2253 4267 MercuriuS,
2283 4189 2470 4272 pater
2512 4184 2724 4271 philo-

620 4283 987 4370 sophorum.
1078 4283 1335 4350 Iterum
1378 4286 1620 4352 habeas
1662 4288 1738 4352 in
1798 4287 2035 4374 quibus
2079 4289 2359 4356 vinculis
2417 4294 2724 4356 teneatur

622 4385 946 4452 medicina
1009 4387 1360 4468 laxativa3
1422 4411 1577 4455 nam
1642 4388 1806 4456 alias
1878 4391 2164 4458 velocius
2239 4391 2452 4479 fugiet
2525 4413 2722 4478 quam

660 4784 671 4797 ο
692 4709 703 4736 ¹
727 4705 911 4798 hfbrtb]
937 4709 1123 4762 Ibero?
1192 4711 1270 4764 cf.
1290 4713 1368 4764 De
1385 4713 1503 4765 Nul.
1518 4713 1635 4766 Ma·
1768 4716 1790 4744 ²
1811 4713 1922 4766 The
1945 4723 2048 4767 rest
2062 4717 2122 4765 of
2134 4715 2218 4768 the
2236 4719 2373 4768 word
2395 4717 2440 4768 is
2461 4717 2697 4785 illegible.

622 4801 735 4854 giae,
752 4801 825 4838 ιι.
1771 4794 1792 4824 ⁸
1811 4794 1968 4861 anaqi]
2007 4811 2098 4862 pro
2119 4795 2286 4861 lapide
2307 4796 2440 4864 Tagi
2464 4799 2489 4850 ἲ

2745 3533 2937 3586 ωεωΙε.
