3517 5750
528 1018 686 1071 What
706 1034 823 1085 por-

528 1086 659 1135 tione
680 1088 743 1136 of

530 1152 614 1201 the
642 1152 784 1218 Opus

528 1216 709 1281 Ala-jus
730 1219 815 1269 the

525 1284 704 1335 autlior
720 1300 841 1337 eon·

528 1351 725 1401 sidet-ed

528 1424 658 1467 most
680 1416 775 1467 im-

524 1491 738 1547 portant.

864 828 997 895 316
1632 840 1892 893 nocam
1937 839 2228 891 mcoms

860 1016 909 1081 J
912 1017 1205 1083 ohannes
1249 1018 1470 1101 potest
1530 1016 1822 1083 remedia
1865 1016 2090 1103 aliqua
2133 1014 2456 1096 exhibere,
2501 1016 2706 1082 immo
2751 1018 2968 1102 operis

861 1118 1068 1184 totius
1112 1117 1485 1204 praelibatio
1520 1118 1663 1203 jam
1708 1118 1986 1205 digesta
2077 1118 2168 1183 Et
2197 1139 2332 1183 non
2375 1119 2590 1184 solum
2633 1118 2770 1184 haec
2815 1119 2966 1199 duo,

861 1220 976 1285 sed
1026 1220 1283 1285 cautela
1329 1220 1594 1305 legendi
1638 1220 1936 1286 studium
1981 1219 2318 1287 excitabit.
2417 1220 2745 1301 Quoniam
2789 1221 2966 1287 0111111

862 1321 1181 1387 identitas
1227 1324 1442 1387 mater
1504 1326 1606 1387 est
1648 1321 1982 1387 satietatis
2025 1322 2282 1408 placeat
2325 1322 2689 1389 dominatio
2738 1344 2964 1409 quam-

865 1422 1032 1489 libet
1091 1429 1349 1511 partem
1418 1424 1768 1510 degustare
1843 1424 2050 1489 donec
2109 1424 2384 1489 taedium
2443 1430 2837 1511 generetur3
2897 1431 2967 1492 et

860 1524 947 1589 ad
990 1524 1121 1590 alia
1166 1525 1580 1612 pertransire,
1624 1532 1705 1591 ut
1748 1526 2112 1593 secundum
2154 1525 2450 1591 Plinium
2505 1527 2792 1593 varietas
2837 1526 2964 1593 fas-

858 1626 1029 1693 tidio
1085 1626 1366 1714 legentis
1410 1627 1772 1693 medeatur.
1863 1628 1957 1693 Et
2001 1629 2328 1715 praecipue
2371 1628 2660 1709 meliora,
2708 1635 2778 1695 et
2820 1630 2963 1715 pul-

859 1728 1129 1809 chriora,
1190 1750 1267 1793 ac
1325 1728 1731 1795 mirabiliora
1789 1729 2044 1795 coeteris
2103 1735 2262 1795 sunt
2314 1729 2606 1817 legenda.
2707 1730 2810 1796 De
2862 1732 2964 1797 his

858 1852 1017 1896 vero
1066 1832 1323 1897 aestimo
1374 1830 1658 1897 multum
1710 1831 1792 1897 de
1852 1834 2064 1917 prima
2123 1836 2330 1917 parte,
2377 1838 2448 1897 et
2505 1838 2726 1897 totum
2785 1832 2964 1917 quod

860 1938 961 1999 est
1036 1934 1107 1999 in
1184 1934 1422 2021 quinta
1494 1940 1700 2021 parte,
1749 1934 1909 2020 quia
1961 1938 2120 1999 sunt
2195 1932 2418 1999 electae
2479 1934 2796 2000 veritates
2837 1936 2961 1999 im-

858 2036 1207 2101 mediatius
1254 2036 1341 2101 ad
1388 2036 1671 2101 salutem
1700 2036 2126 2121 pertinentes,
2221 2034 2314 2101 Et
2358 2058 2477 2122 per
2527 2035 2650 2101 hoc
2679 2037 2752 2101 111
2781 2037 2961 2101 0111111

854 2138 1221 2220 collatione,
1252 2144 1322 2204 et
1349 2138 1711 2225 paratione,
1744 2141 1814 2203 et
1859 2137 2278 2225 persuasione
2323 2141 2544 2223 potest
2573 2138 2804 2203 haberi
2849 2160 2960 2203 ex-

856 2240 1143 2327 emplum
1173 2240 1283 2307 vel
1312 2240 1685 2317 auctoritas
1718 2244 1788 2305 et
1817 2239 2143 2325 praecipue
2189 2238 2586 2327 principium
2621 2238 2951 2326 septimae¹

854 2342 1067 2429 partis
1114 2364 1321 2430 usque
1367 2342 1454 2407 ad
1515 2346 1876 2407 tractatum
1939 2340 2042 2405 De
2103 2339 2233 2404 Ira.
2343 2340 2436 2405 Et
2497 2346 2738 2427 quarta
2791 2362 2960 2427 pars,

857 2464 1007 2530 quse
1076 2449 1178 2511 est
1231 2445 1333 2511 De
1394 2444 1603 2510 Sectis
1669 2446 1739 2508 et
1805 2441 1908 2507 De
1977 2440 2404 2507 Sacramento
2464 2442 2740 2523 Altaris,
2803 2448 2960 2509 sunt

858 2544 1253 2613 Christianis
1296 2546 1790 2624 consideranda,
1823 2548 2149 2631 quatenus
2196 2544 2506 2625 rationes,
2540 2546 2855 2633 exempla,
2889 2550 2960 2611 et

854 2648 1278 2713 auctoritates
1336 2648 1506 2713 circa
1575 2648 1743 2711 iram
1819 2645 2090 2732 dignam
2151 2668 2498 2711 commune
2557 2646 2658 2711 ait
2707 2647 2960 2733 sapien-

856 2748 1035 2813 tiam.
1158 2747 1248 2815 Et
1321 2748 1626 2813 similiter
1699 2752 2028 2814 tractatus
2105 2746 2208 2813 De
2285 2746 2622 2813 Patientia
2695 2748 2958 2813 Adver-

855 2850 1194 2916 sariorum.
1288 2849 1379 2916 Et
1439 2848 1605 2915 facio
1666 2849 1856 2936 signa
1915 2850 1986 2914 in
2046 2848 2378 2936 aliquibus
2435 2849 2589 2916 locis
2657 2848 2955 2930 utilibus,

854 2957 933 3016 ut
979 2952 1202 3036 aliqua
1246 2957 1564 3026 notentur
1606 2953 1664 3016 si
1708 2956 1928 3018 totum
1973 2952 2106 3039 legi
2151 2975 2287 3018 non
2331 2957 2565 3039 potest.

940 3053 1266 3119 Similiter
1330 3075 1483 3140 pars
1556 3055 1774 3139 prima
1835 3055 2139 3121 secundae
2207 3055 2432 3142 partis,
2486 3053 2774 3120 maxime
2839 3055 2957 3120 ubi

847 3155 1217 3221 revolvitur
1266 3154 1545 3222 historia
1606 3157 1687 3222 de
1748 3157 2159 3242 sapientibus
2218 3178 2260 3221 a
2319 3155 2553 3222 mundi
2615 3156 2954 3243 principi0,

846 3263 926 3322 ut
970 3258 1249 3324 sciamus
1298 3258 1471 3344 quod
1518 3258 1587 3323 in
1636 3258 1941 3324 omnibus
1989 3258 2224 3324 fratres
2267 3258 2641 3336 habeamus
2691 3264 2828 3324 tam
2883 3259 2954 3324 111

846 3359 1255 3448 philosophia
1307 3383 1506 3447 quam
1566 3360 1637 3424 in
1695 3359 2040 3446 theologia,
2094 3381 2256 3446 quos
2314 3360 2568 3426 imitari
2627 3360 2952 3426 debemus.

846 3460 1023 3527 Nam
1077 3463 1272 3528 aliter
1316 3462 1529 3528 multa
1586 3461 1970 3528 viderentur
2027 3462 2185 3527 ficta
2245 3483 2384 3527 esse
2431 3481 2548 3548 per
2593 3461 2952 3528 humanum

844 3585 1149 3630 sensum:
1214 3565 1387 3631 sieut
1435 3568 1593 3629 sunt
1652 3564 1768 3628 illa
1828 3585 1976 3648 quae
2043 3563 2117 3628 111
2168 3562 2356 3628 libris
2419 3563 2948 3651 philosophorum

843 3668 1263 3752 reperiuntur
1308 3666 1391 3732 de
1438 3664 1725 3743 Christo,
1775 3665 1919 3730 vita
1970 3669 2238 3744 aeterna,
2291 3670 2359 3730 et
2413 3665 2794 3751 hujusmodi
2839 3689 2952 3732 ve-

840 3767 1151 3832 ritatibus
1194 3767 1579 3853 theologiae3
1624 3771 1826 3851 atque
1874 3767 1954 3831 de
1999 3767 2255 3833 indiciis
2307 3767 2700 3847 futurorum,
2752 3773 2822 3833 et
2870 3769 2951 3834 de

840 3868 1144 3954 operibus
1172 3868 1605 3944 astronomiae,
1638 3873 1707 3933 et
1750 3867 2084 3955 alkymiae,
2117 3874 2185 3935 et
2227 3869 2518 3936 scientiae
2548 3870 2952 3956 experimen·

838 3969 1009 4049 talis,
1058 3991 1206 4054 quae
1257 3969 1635 4035 hominibus
1686 3971 2011 4057 imperitis
2057 3971 2372 4037 videntur
2417 3993 2555 4038 esse
2621 3975 2742 4037 aut
2785 3971 2950 4038 falsa

839 4077 960 4137 aut
1009 4072 1285 4158 indigna
1334 4071 1744 4138 Christianis
1857 4073 1948 4138 Et
1995 4074 2067 4138 in
2119 4073 2242 4139 hac
2289 4073 2715 4140 distinctione
2763 4095 2942 4161 mag-

836 4193 1000 4238 num
1042 4178 1301 4259 tempus
1344 4173 1749 4260 exigebatur.
1845 4173 2024 4240 Nam
2071 4177 2366 4263 oportuit
2405 4175 2630 4242 videre
2681 4176 2948 4242 infinita

837 4276 1024 4362 quasi
1071 4298 1218 4363 quae
1270 4275 1491 4341 nullus
1543 4276 1790 4362 legeret
1842 4299 1960 4364 per
2007 4299 2296 4342 mensem
2327 4303 2344 4358 ;
2395 4276 2566 4344 sicut
2610 4283 2784 4342 certe
2827 4299 2946 4344 nec

836 4401 915 4446 ea
959 4401 1105 4465 quae
1158 4379 1239 4444 de
1299 4378 1513 4468 prima
1559 4383 1747 4465 parte
1801 4385 1870 4445 et
1931 4379 2167 4466 quinta
2229 4379 2406 4444 infra
2465 4380 2628 4445 duos
2688 4401 2942 4447 menses

834 4481 1071 4567 aliquis
1122 4479 1329 4568 possit
1380 4481 1701 4569 colligere,
1756 4487 2026 4568 propte-1·
2070 4481 2384 4548 librorum
2439 4487 2508 4548 et
2556 4486 2900 4547 auctorum
2913 4481 2940 4520 2

900 4702 913 4732 ¹
949 4699 1185 4766 septim]
1212 4698 1416 4765 quintae,
1432 4698 1545 4750 MS.
1997 4699 2016 4728 ²
2036 4697 2311 4764 auctorum]
2365 4706 2608 4760 actorum,
2653 4697 2766 4750 MS.
2817 4714 2942 4749 con·

1930 4777 2161 4842 tinually.
