3517 5750
1408 866 1583 918 orus
1626 866 1863 917 mmm.
2555 854 2679 917 :3:31

578 1039 851 1105 centias.1
990 1038 1171 1104 Nam
1261 1040 1441 1105 modi
1532 1039 1998 1126 probationum
2086 1040 2194 1105 hic
2269 1044 2683 1105 concurrunt.

578 1140 783 1206 Marci
827 1142 1035 1228 igitur
1088 1143 1307 1230 capito
1353 1146 1587 1207 octavo
1634 1142 1705 1227 [3
1714 1142 1807 1228 8,]
1855 1162 1992 1207 non
2038 1142 2282 1208 dicitur
2343 1162 2496 1219 esse,
2548 1140 2688 1221 Qua:

576 1264 683 1309 me
727 1244 1067 1330 confessus
1115 1243 1349 1331 fuerit
1384 1270 1405 1311 .·
1452 1244 1567 1309 sed
1630 1244 1761 1308 alia
1829 1245 2026 1309 litera
2089 1244 2418 1310 modernis
2479 1243 2688 1307 horri-

576 1346 804 1411 biliter
819 1346 846 1382 ⁹
936 1352 1209 1435 propter
1296 1345 1745 1434 ignorantiam
1839 1347 2136 1432 antiquae
2225 1346 2687 1433 grammaticae.

582 1446 759 1511 Nam
815 1448 1015 1514 debet
1082 1448 1179 1514 ibi
1242 1470 1397 1525 esse,
1450 1446 1591 1530 Qui
1652 1469 1759 1513 me
1808 1446 2038 1533 fuerit
2100 1448 2444 1533 confusus,
2511 1449 2690 1533 quod

582 1555 684 1615 est
757 1551 1037 1616 verbum
1114 1552 1465 1637 deponens,
1543 1550 1794 1615 habens
1871 1548 2416 1636 significationem
2491 1550 2688 1635 hujus

576 1650 769 1717 verbi
852 1652 1218 1740 confundo,
1298 1654 1472 1718 sicut
1546 1652 1764 1717 adhuc
1839 1669 2066 1718 omnes
2163 1652 2520 1739 experiunt
2615 1653 2688 1717 in

582 1754 923 1840 Scriptura.
972 1756 1113 1821 haec
1163 1755 1371 1821 verba
1412 1752 1549 1821 zelo
1579 1752 1754 1821 zelor
1797 1753 1870 1818 in
1915 1756 2143 1820 eadem
2189 1754 2683 1841 significatione,

578 1857 757 1921 unde
819 1858 911 1923 sic
976 1858 1230 1923 solebat
1304 1878 1442 1923 esse
1518 1856 1603 1921 de
1678 1855 2028 1940 confundo
2101 1861 2170 1922 et
2243 1855 2632 1943 confumdor
2665 1880 2686 1921 .·

578 1957 756 2023 idem
832 1959 1007 2024 enim
1086 1959 1463 2045 antiquitus
1532 1956 2014 2045 significabant.
2168 1958 2301 2024 Sed
2391 1958 2688 2022 moderni

581 2078 717 2123 non
800 2061 1051 2125 habent
1126 2060 1248 2126 hoc
1320 2060 1396 2124 in
1469 2079 1609 2124 usu.
1757 2058 1850 2123 Et
1923 2060 2076 2125 ideo
2149 2060 2539 2125 abraserunt
2555 2057 2582 2095 ³
2647 2080 2688 2123 a

583 2160 781 2226 Sacro
849 2162 1105 2227 Textu:
1190 2160 1333 2244 Qui
1408 2180 1513 2227 me
1582 2158 1906 2247 cmzfusus
1966 2161 2196 2247 fuerit
2225 2186 2252 2241 ,·
2317 2166 2387 2226 et
2459 2180 2691 2246 posue-

582 2267 759 2342 runt,
834 2261 975 2344 Qua:
1040 2264 1381 2350 confessus
1440 2260 1669 2348 fuerit
1736 2282 1857 2327 me.
1973 2260 2105 2327 Sed
2171 2262 2350 2347 quod
2409 2262 2692 2349 pessima

580 2364 672 2428 sit
738 2363 993 2430 falsitas
1052 2366 1259 2451 probo
1320 2364 1461 2429 sine
1505 2364 2022 2429 contradictione
2083 2364 2388 2450 possibili.
2511 2363 2690 2428 Nam

584 2467 881 2552 antiquae
928 2466 1165 2532 Bibliae
1208 2488 1345 2532 non
1388 2465 1692 2553 glossatae
1738 2466 1808 2529 in
1867 2470 2014 2531 tota
2077 2466 2344 2532 ecclesia
2397 2466 2528 2532 Dei
2571 2466 2690 2530 ha-

581 2566 745 2632 bent
778 2566 944 2633 Mar.
969 2568 1109 2633 viii.
1140 2592 1153 2632 :
1192 2567 1333 2649 Qui
1378 2588 1485 2633 me
1529 2566 1862 2654 confusus
1888 2566 2118 2653 suevit
2134 2593 2162 2648 ;
2209 2567 2384 2633 idem
2415 2566 2542 2653 qui
2583 2588 2692 2633 ‘me

584 2668 973 2755 confumdet‚
1008 2670 1183 2756 quod
1228 2675 1331 2735 est
1372 2668 1778 2735 contrarium
1823 2669 1964 2755 ejus
2007 2669 2187 2754 quod
2231 2674 2332 2735 est
2375 2668 2688 2735 confiteri.

584 2770 677 2837 Et
722 2770 1140 2859 Augustinus
1186 2772 1348 2837 dicit
1400 2776 1633 2837 contra
1680 2770 2050 2847 Faustum,‘
2094 2772 2270 2856 quod
2315 2773 2372 2837 si
2419 2777 2520 2839 est
2563 2770 2694 2837 dis-

578 2875 799 2940 cordia
852 2875 925 2938 in
969 2873 1301 2940 codicibus
1374 2875 1653 2952 Latinis,
1721 2875 2192 2940 recurrendum
2238 2879 2340 2941 est
2383 2876 2470 2940 ad
2515 2873 2690 2939 anti-

583 2996 744 3062 quos
804 2979 875 3042 et
918 2977 1154 3063 plures.
1264 2975 1443 3041 Nam
1488 2975 1755 3062 antiqui
1825 2981 2302 3063 praeponuntur
2359 2978 2567 3055 novis,
2618 2982 2690 3043 et

582 3080 801 3164 plures
844 3079 1083 3164 paucis,
1133 3079 1306 3144 sicut
1349 3077 1446 3143 ibi
1492 3077 1666 3143 dicit.
1763 3077 1898 3144 Sed
1955 3097 2162 3143 unum
2209 3079 2544 3166 exemplar
2587 3083 2690 3144 est

584 3179 961 3256 Parisiense,
1024 3186 1094 3246 et
1156 3180 1437 3266 antiqua
1494 3178 1900 3267 exemplaria
1975 3180 2335 3245 secundum
2395 3181 2687 3247 diversas

582 3281 953 3367 provincias
1021 3286 1179 3346 sunt
1255 3281 1536 3349 infinita.
1682 3281 1860 3368 Ergo
1927 3283 2264 3367 exemplar
2325 3283 2687 3350 Parisiense

584 3381 784 3448 debet
842 3381 1066 3448 cedere
1110 3381 1420 3468 antiquis,
1468 3387 1615 3448 tum
1658 3385 1916 3447 ratione
1976 3403 2111 3448 suae
2153 3384 2492 3462 novitatis,
2537 3390 2686 3450 tum

584 3483 841 3548 ratione
909 3505 1045 3549 suae
1112 3483 1609 3570 singularitatis,
1657 3483 1816 3570 quia
1873 3483 1947 3547 in
2005 3485 2290 3549 veritate
2335 3485 2688 3572 singularis

583 3585 718 3650 fere
764 3589 864 3649 est
911 3607 1059 3670 quas
1104 3583 1429 3672 depravat
1459 3585 1812 3651 veritatem
1858 3584 2066 3650 totius
2097 3584 2470 3672 Scripturae.
2546 3587 2687 3654 An-

582 3686 757 3772 tiqui
806 3685 981 3751 enim
1026 3687 1179 3752 libri
1228 3693 1385 3753 sunt
1445 3687 1519 3751 in
1582 3686 1761 3753 omni
1807 3685 2124 3752 facultate
2183 3689 2559 3770 veraciores,
2623 3696 2694 3756 et

583 3789 653 3852 in
700 3787 1032 3875 theologia
1091 3787 1293 3854 habet
1354 3789 1856 3854 translationem
1913 3787 2258 3870 illibatam,
2330 3813 2528 3877 quam
2589 3812 2689 3859 re—

584 3891 747 3976 cipit
790 3897 1203 3956 sacrosancta
1248 3891 1545 3957 Romana
1607 3891 1893 3971 ecclesia,
1941 3889 2263 3973 videlicet,
2310 3915 2428 3979 per
2467 3914 2692 3960 omnes

584 3992 885 4058 ecclesias
954 3993 1263 4072 derivari,
1310 4012 1459 4080 quoe
1502 4000 1604 4060 est
1664 3994 2013 4059 translatio
2060 3993 2472 4082 Hieronymi,
2519 3997 2691 4064 sicut

584 4092 881 4160 Isidorus
926 4093 1087 4160 dicit
1130 4095 1205 4159 in
1265 4095 1435 4161 libro
1483 4096 1589 4162 De
1634 4092 1934 4162 Officiis.⁵

651 4363 667 4393 ¹
698 4379 795 4428 ΡῚ·ο
850 4363 987 4414 ὒωῑίθ
1040 4367 1434 4432 maynfficenffoe]
1496 4383 1587 4432 ΡῙὉ
1754 4390 1775 4418 ³
1795 4388 2112 4456 abraserunt]
2161 4391 2332 4457 Hody.
2399 4391 2688 4446 abraserunt

583 4441 727 4492 bonis
750 4443 982 4508 magniae,
1006 4445 1137 4504 MS..
1162 4446 1427 4512 obviously
1450 4461 1587 4496 some
1686 4484 1805 4526 eum,
1828 4465 1939 4516 MS,

580 4521 821 4583 blanden
870 4523 1096 4589 possibly
1149 4523 1228 4575 for
1279 4541 1377 4591 pro
1427 4533 1588 4576 vestra
1751 4546 1773 4576 ⁴
1793 4545 2057 4611 famum]
2097 4547 2266 4599 xxxii.
2294 4553 2370 4600 16.
2389 4549 2499 4602 nii.
2521 4557 2570 4602 4.

580 4599 955 4665 mynificentia.
977 4601 1133 4668 Hody
1142 4605 1293 4655 omits
1308 4605 1393 4656 the
1406 4607 1585 4656 words.
1756 4625 1778 4654 s
1795 4623 1881 4676 1)e
1909 4618 2137 4693 Officif-‚J
2168 4627 2202 4677 i·
2227 4631 2300 4680 12·

652 4681 673 4709 ²
692 4669 1013 4749 horribiliter]
1051 4689 1309 4738 corrected
1343 4687 1413 4753 by
1434 4685 1589 4751 Hody

585 4765 640 4810 to
662 4757 881 4813 humiliat.
