3517 5750
704 858 709 863 ’
804 852 837 915 1
850 852 937 915 90
1564 860 1828 913 nocam
1873 860 2166 913 moerus
2727 846 2904 933 [cn.

799 1038 1143 1125 posteriori
1210 1036 1601 1101 adveniente
1662 1034 2108 1129 corrumpitur
2157 1034 2353 1121 prior,
2419 1039 2489 1099 et
2551 1038 2714 1100 tune
2777 1034 2906 1100 erit

800 1142 883 1205 de
928 1146 1171 1206 natura
1214 1141 1545 1226 temporie,
1610 1138 1770 1225 quia
1827 1138 1952 1204 hoc
2015 1143 2118 1203 est
2177 1137 2524 1203 essentiale
2603 1138 2900 1224 tempori.

798 1244 873 1309 ‚Si
947 1263 1104 1307 vero
1178 1248 1514 1307 remaneat
1586 1241 1785 1328 prior,
1845 1240 2246 1307 adveniente
2307 1241 2676 1325 posteriori,
2737 1245 2902 1305 tunc

800 1346 928 1411 erit
971 1368 1105 1411 una
1162 1346 1505 1431 superflua,
1566 1342 1735 1410 sicut
1779 1342 1964 1429 prius
2010 1342 2262 1409 dictum
2323 1346 2442 1423 est,
2507 1343 2666 1427 quia
2727 1342 2903 1407 nihil

798 1453 899 1513 est
960 1448 1467 1514 mensurandum
1529 1446 1659 1513 nisi
1702 1446 1868 1512 illud
1913 1445 2093 1532 quod
2143 1466 2296 1533 pars
2341 1445 2666 1531 posterior
2717 1468 2900 1511 men-

798 1556 995 1617 surat.
1118 1550 1361 1616 Totum
1436 1549 1617 1617 enim
1706 1570 1844 1615 esse
1935 1548 2382 1635 permanentis
2471 1551 2695 1635 potest
2787 1547 2904 1613 illa

799 1653 1123 1739 posterior
1194 1674 1589 1733 mensurare,
1662 1652 1823 1738 quia
1895 1650 1978 1717 de
2041 1672 2179 1716 esse
2253 1648 2704 1737 permanentis
2765 1672 2902 1716 non

800 1759 903 1821 est
954 1755 1169 1833 simul,
1211 1755 1341 1821 nisi
1386 1754 1564 1842 quod
1624 1775 1760 1819 una
1817 1775 1968 1841 pars
2027 1752 2158 1819 aevi
2215 1756 2438 1841 potest
2505 1774 2902 1834 mensurare,

802 1857 1201 1923 indivisibile
1248 1858 1425 1923 enim
1470 1861 1573 1923 est
1615 1856 1702 1922 ad
1746 1878 1940 1923 omne
1985 1876 2292 1943 praesens.

892 1960 1161 2037 Iterum,
1232 1960 1307 2025 in
1368 1959 1860 2045 quantitatibus
1934 1958 2336 2025 habentibus
2399 1958 2796 2045 positionem
2837 1962 2910 2025 et

802 2062 1327 2151 permanentiam
1356 2062 1599 2129 accidit
1640 2061 1988 2149 pluralitas
2031 2062 2340 2149 partium,
2371 2066 2642 2149 propter
2684 2060 2912 2148 positi-

802 2186 993 2233 onem
1024 2166 1369 2233 diversam.
1460 2164 1639 2231 Nam
1670 2166 1729 2229 si
1758 2164 1938 2230 linea
1979 2186 2118 2231 non
2161 2164 2438 2230 haberet
2481 2165 2771 2251 positam
2801 2165 2908 2229 hic

802 2290 1003 2335 unam
1063 2274 1337 2355 partem,
1384 2268 1480 2333 ibi
1533 2268 1750 2348 aliam,
1812 2289 1949 2333 non
2009 2272 2180 2333 esset
2229 2268 2521 2354 partium
2567 2267 2908 2334 distinctio

804 2378 1068 2458 propter
1140 2372 1711 2459 permanentiam3
1789 2371 1946 2457 quia
2005 2392 2140 2435 una
2199 2376 2420 2457 posset
2493 2369 2782 2436 sufficere
2851 2370 2910 2434 si

804 2480 1023 2561 posset
1080 2474 1433 2561 positiones
1510 2473 1804 2539 diversas
1876 2472 2163 2553 habere3
2261 2493 2414 2559 ergo
2476 2494 2624 2539 cum
2689 2493 2906 2539 aevum

807 2576 899 2644 sit
958 2598 1360 2663 permanens,
1431 2597 1566 2642 non
1630 2576 1881 2641 habens
1941 2574 2355 2662 positionem,
2421 2578 2682 2663 oportet
2732 2572 2909 2663 quod

808 2700 947 2745 una
986 2699 1139 2766 pars
1182 2678 1478 2756 sufficiat,
1524 2699 1643 2745 nec
1688 2678 2042 2765 exigentur
2083 2678 2314 2764 plures.

474 2802 585 2855 The
606 2802 761 2855 exist-
901 2781 1175 2861 Iterum,
1222 2802 1358 2847 non
1394 2786 1551 2846 sunt
1594 2780 1726 2845 nisi
1772 2780 1904 2846 duo
1949 2781 2020 2845 in
2063 2802 2134 2845 re
2179 2786 2620 2867 permanente,
2667 2778 2911 2845 scilieet

475 2871 768 2988 22ffi}?⁸⁸>
810 2905 946 2950 esse
1022 2883 1162 2968 ejus
1220 2888 1290 2950 et
1348 2883 1753 2950 continuitas
1813 2883 1918 2948 sui
1979 2903 2130 2950 esse.
2254 2883 2388 2949 Sed
2447 2887 2714 2970 propter
2773 2903 2910 2948 esse

474 3003 640 3055 which
661 3004 709 3055 i·
810 2985 950 3071 ejus
1042 3008 1178 3051 non
1268 2991 1486 3073 potest
1558 3007 1777 3052 sevum
1851 2986 2090 3051 habere
2163 2986 2382 3072 plures
2455 2991 2694 3074 partes,
2755 2986 2912 3073 quia

472 3077 765 3189 {effi-'¹‘
811 3087 1217 3156 indivisibile
1263 3094 1365 3154 est
1424 3109 1565 3154 esse
1607 3088 1703 3154 rei
1754 3089 2206 3176 permanentis
2265 3089 2350 3152 ad
2409 3109 2690 3176 praesens
2733 3089 2910 3154 illius

472 3203 611 3256 sible.
813 3213 964 3258 esse.
1079 3191 1148 3256 N
1150 3213 1223 3257 ec
1281 3195 1551 3280 propter
1617 3191 2128 3258 continuitatem
2175 3195 2248 3256 et
2305 3193 2910 3272 conservationem3

812 3295 970 3382 quia
1036 3295 1233 3362 sicut·
1273 3317 1343 3362 se
1410 3294 1613 3362 habet
1698 3315 2004 3360 mensura
2079 3294 2428 3360 successivi
2496 3295 2583 3360 ad
2631 3316 2767 3360 esse
2841 3301 2910 3360 et

811 3398 1323 3466 continuitatem
1366 3397 1529 3486 ejus,
1560 3399 1653 3464 sic
1698 3418 2004 3463 mensura
2046 3397 2492 3483 permanentis
2535 3397 2624 3463 ad
2662 3419 2798 3464 esse
2843 3403 2912 3463 et

810 3502 1319 3568 continuitatem
1346 3527 1365 3583 3
1428 3501 1545 3567 sed
1574 3500 1806 3565 eadem
1851 3519 2175 3580 mensura,
2222 3499 2362 3564 sine
2406 3499 2699 3586 partium
2743 3501 2912 3566 mul·-

810 3604 1221 3690 tiplicatione
1264 3603 1521 3690 majori,
1582 3607 1924 3668 mensurat
1983 3623 2123 3668 rem
2167 3601 2600 3668 successivam
2645 3607 2716 3668 et
2775 3603 2916 3688 ejus

809 3707 1356 3785 continuitatem;
1422 3710 1505 3772 ut
1566 3703 1742 3769 idem
1809 3705 1949 3770 dies
2013 3710 2352 3772 mensurat
2417 3709 2672 3772 motum
2735 3703 2910 3773 esse¹

810 3807 1034 3874 diurni
1098 3813 1168 3874 et
1231 3807 1743 3873 continuitatem
1789 3806 1950 3892 ejus,
1997 3811 2068 3872 et
2135 3829 2270 3873 non
2336 3806 2483 3895 plus
2543 3809 2917 3894 requiritur.

810 3907 987 3994 Ergo
1031 3909 1258 3974 eadem
1320 3929 1471 3994 pars
1540 3908 1687 3986 mvi,
1756 3909 1899 3974 sive
1974 3909 2202 3978 endem
2279 3931 2602 3990 mensura,
2649 3911 2918 3997 penitus

808 4010 1217 4076 mensurabit
1282 4016 1352 4077 et
1414 4031 1551 4077 esse
1594 4011 1690 4075 rei
1758 4011 2206 4098 permanentis
2249 4018 2322 4079 et
2387 4013 2528 4098 ejus
2589 4014 2914 4079 continui-

809 4117 1061 4193 tatem3
1135 4113 1237 4177 ita
1284 4113 1461 4199 quod
1522 4114 1671 4200 plus
1730 4135 1866 4180 non
1926 4115 2070 4192 erit,
2127 4137 2248 4181 nec
2306 4115 2560 4202 aliquid
2617 4117 2916 4195 addetur,

808 4216 982 4280 sicut
1040 4235 1161 4280 nec
1222 4237 1264 4280 a
1322 4215 1511 4301 parte
1570 4237 1891 4284 mensurae
1951 4217 2346 4284 successivae.
2437 4217 2530 4282 Et
2573 4219 2658 4284 ad
2721 4219 2917 4305 hujus

810 4317 1213 4388 evidentiam
1285 4320 1635 4406 loquamur
1706 4339 1844 4386 non
1920 4320 2001 4386 de
2075 4320 2374 4407 exemplo
2449 4320 2626 4408 quod
2715 4322 2917 4388 finem

1446 4670 1459 4700 ¹
1497 4675 1665 4719 motum
1690 4669 1817 4735 esse]
1857 4684 1964 4722 esse
1985 4677 2166 4732 motus,
2187 4671 2246 4722 B.
