3517 5750
1372 893 1549 947 orus
1590 894 1826 945 mnne.
2519 882 2652 949 363

544 1075 855 1137 naturam
916 1068 1141 1135 omnia
1184 1068 1525 1148 elementa,
1570 1088 1828 1133 necesse
1879 1070 1982 1133 est
2029 1065 2208 1151 quod
2266 1066 2340 1133 in
2383 1085 2654 1153 genera-

544 1174 726 1239 tione
815 1172 1033 1237 mixta
1122 1170 1203 1237 de
1276 1174 1457 1235 terra
1536 1173 1685 1235 tota
1757 1174 2002 1235 natura
2077 1172 2276 1235 terrae
2351 1168 2650 1257 specifica

546 1275 946 1352 destruatur,
992 1278 1063 1339 et
1122 1276 1540 1339 removeatur
1582 1276 1826 1337 natura
1887 1276 2104 1350 terrae,
2151 1272 2322 1338 sicut
2365 1272 2540 1358 ignis
2585 1278 2654 1337 et

546 1398 737 1462 aquae
799 1383 868 1443 et
935 1375 1121 1454 aeris,
1171 1375 1330 1460 quia
1394 1378 1636 1439 natura
1698 1374 1918 1439 mixta
1979 1373 2062 1439 de
2127 1396 2302 1441 novo
2369 1374 2470 1440 fit.
2563 1374 2657 1439 Et

546 1478 721 1544 siout
762 1480 1019 1544 naturae
1062 1482 1199 1545 tres
1242 1476 1669 1543 elementares
1713 1480 2118 1542 renovantur
2161 1476 2238 1541 in
2279 1475 2402 1541 hoc
2445 1476 2660 1541 mixto

549 1602 807 1647 necesse
868 1585 968 1645 eet
1013 1579 1193 1667 quod
1253 1583 1323 1645 et
1366 1582 1617 1663 quarta
1710 1576 1804 1643 Et
1845 1577 1997 1643 ideo
2057 1578 2444 1665 imaginatio
2495 1577 2660 1643 falsa

548 1686 669 1762 eet,
702 1704 849 1767 quae
896 1682 1059 1747 dicit
1104 1680 1281 1766 quod
1326 1684 1574 1745 natura
1612 1678 1794 1745 illius
1839 1680 2147 1745 elementi
2191 1681 2371 1765 quod
2417 1680 2653 1745 subici·

548 1790 665 1850 tur
725 1784 799 1849 in
860 1784 1285 1870 generatione
1346 1787 1685 1847 remaneat
1746 1782 1914 1847 citra
1973 1782 2431 1849 intentionem.
2522 1782 2655 1848 Sed

551 1889 812 1971 oportet
856 1886 1034 1971 quod
1076 1888 1224 1951 tota
1266 1888 1511 1949 natura
1568 1883 1786 1949 mixta
1827 1904 1913 1949 ex
1958 1888 2242 1972 quatuor
2283 1888 2652 1951 renovetur.

642 1988 817 2053 Item
880 1988 936 2053 ei
1000 1992 1181 2053 terra
1242 1990 1615 2053 remaneret
1666 1990 1828 2053 tunc
1887 2008 2024 2053 non
2085 1992 2254 2055 esset
2319 1986 2656 2073 generatio

552 2088 753 2155 mixti
845 2088 928 2155 de
1025 2088 1291 2175 propria
1364 2087 1659 2167 materia,
1724 2088 1842 2153 sed
1931 2088 2171 2154 mixtio
2243 2088 2656 2172 quarundam

552 2212 792 2272 rerum,
822 2192 996 2257 sicut
1048 2212 1238 2276 aquae
1290 2194 1361 2255 et
1414 2190 1552 2255 vini
1602 2211 1753 2255 cum
1809 2190 1950 2257 oleo
2001 2196 2072 2255 et
2122 2190 2309 2269 lacte,
2359 2190 2471 2255 vel
2528 2188 2658 2255 alia

553 2292 941 2378 hujusmodi.
1044 2292 1172 2357 Sed
1251 2292 1393 2357 haec
1466 2292 1708 2356 mixtio
1783 2314 1918 2357 non
1992 2296 2093 2357 est
2165 2291 2502 2378 generatio
2575 2291 2656 2356 de

551 2396 857 2481 potentia
885 2394 1199 2471 materiae,
1230 2414 1351 2458 neo
1380 2394 1623 2459 veritae
1652 2393 1872 2471 mixti,
1903 2414 2050 2480 quae
2079 2393 2161 2459 fit
2187 2415 2306 2481 per
2331 2396 2654 2459 naturam.

552 2496 983 2561 Manifestum
1030 2500 1131 2561 eet
1160 2496 1367 2582 igitur
1414 2496 1589 2580 quod
1619 2495 1787 2562 falsa
1815 2502 1916 2563 eet
1961 2496 2200 2585 positio
2230 2495 2655 2583 Anglicorum

550 2598 725 2663 sicut
768 2602 841 2661 et
887 2596 1376 2662 Parieiensium.

648 2804 781 2873 Sed
826 2804 1389 2893 qualitercumque
1446 2806 1707 2872 dicatur
1769 2807 1986 2876 adhuc
2043 2809 2311 2876 videtur
2377 2810 2655 2897 quaestio
2683 2822 2976 2890 osgenera-

554 2907 961 2993 gravissima,
1024 2908 1351 2993 quomodo
1412 2913 1699 2996 quatuor
1756 2911 2084 2976 elementa
2151 2911 2402 2978 faciunt
2462 2934 2654 2978 suum
2677 2892 2939 3011 &2¹me

556 3031 785 3096 corpus
828 3011 1116 3076 mixtum
1150 3014 1405 3077 natura.
1440 3079 1445 3084 ,
1496 3011 1888 3080 Aristoteles
1918 3013 1990 3077 in
2021 3012 2273 3081 decimo
2305 3015 2656 3102 Metaphy-
2681 3025 2930 3080 elementa.

554 3111 835 3177 sicorum
852 3111 874 3150 ¹
905 3113 1109 3190 docet,
1154 3113 1295 3179 eine
1324 3113 1850 3180 contradictione
1893 3115 2208 3202 possibili,
2240 3119 2417 3203 quod
2463 3137 2656 3184 omne

558 3214 847 3280 medium
900 3219 1002 3280 eet
1055 3215 1332 3280 duorum
1396 3216 1875 3282 contrariorum
1919 3217 2362 3284 terminorum.
2477 3219 2655 3284 Nam

556 3315 753 3380 unius
802 3315 1286 3382 contrarietatis
1332 3337 1465 3382 non
1534 3321 1691 3384 sunt
1755 3318 1889 3382 nisi
1933 3319 2066 3384 duo
2128 3325 2438 3396 extrema,
2487 3321 2656 3386 sicut

555 3437 673 3482 nec
714 3417 913 3482 unius
956 3417 1316 3498 divisioniS‚
1370 3423 1448 3483 ut
1500 3418 1747 3505 allegat
1805 3419 2270 3507 phssosophus;
2328 3421 2488 3506 quia
2535 3422 2656 3486 im-

556 3518 866 3604 possibile
924 3524 1025 3584 eet
1086 3521 1262 3605 quod
1328 3519 1521 3607 plura
1588 3521 1844 3586 duobus
1911 3523 2050 3586 sint
2107 3524 2452 3600 contraria,
2499 3543 2654 3608 ergo

558 3641 681 3686 nec
722 3625 857 3685 tres
900 3621 1008 3688 vel
1053 3625 1339 3707 quatuor
1388 3627 1548 3687 sunt
1599 3623 1942 3688 contraria
2036 3622 2167 3690 Sed
2212 3623 2344 3690 duo
2389 3629 2656 3691 tantum

558 3723 928 3788 adinvicem
989 3729 1382 3810 comparata,
1431 3725 1535 3789 uti
1582 3725 1865 3790 calidum
1911 3729 1980 3791 et
2021 3725 2355 3813 frigidum,
2401 3727 2657 3794 faciunt

559 3847 763 3890 unam
828 3826 1384 3893 contrarietatem.
1517 3826 1717 3894 Unde
1777 3827 1882 3894 hae
1957 3832 2242 3914 quatuor
2305 3829 2660 3915 qualitates

558 3947 696 3991 non
762 3931 919 3992 eunt
980 3928 1351 3993 adinvicem
1406 3930 1753 3996 contrariae
1813 3951 1935 3996 nec
1995 3936 2132 3997 tres
2191 3930 2476 4011 illarum,
2543 3934 2658 3999 sed

564 4029 719 4095 duee
760 4035 831 4094 et
875 4030 1041 4095 duae.
1136 4028 1269 4095 Sed
1316 4052 1453 4096 non
1496 4032 1577 4096 fit
1621 4031 1913 4097 medium
1976 4033 2106 4098 nisi
2161 4034 2442 4101 duorum
2505 4056 2655 4102 con·

556 4132 927 4210 trariorum,
992 4135 1073 4196 ut
1116 4130 1509 4198 Aristoteles
1570 4134 1761 4200 docet
1821 4135 1990 4200 libro
2052 4137 2386 4221 praedicto.
2480 4139 2658 4226 Ergo

559 4237 639 4298 ut
706 4233 837 4298 erit
880 4254 1015 4298 una
1064 4238 1309 4298 natura
1360 4234 1579 4300 media
1629 4236 1805 4302 inter
1854 4235 2142 4302 calidum
2197 4242 2269 4304 et
2321 4239 2656 4326 frigidum,

558 4338 629 4401 et
672 4334 1017 4400 humidum
1072 4340 1145 4402 et
1194 4337 1456 4416 siccum,
1518 4337 1611 4401 sic
1667 4337 1877 4424 igitur
1935 4343 2135 4404 erunt
2191 4339 2342 4406 duee
2399 4345 2656 4407 naturae

558 4436 795 4503 mediae
862 4434 935 4502 in
984 4437 1229 4504 mixto.
1344 4437 1479 4503 Sed
1542 4437 1647 4505 hae
1714 4439 1864 4507 duae
1926 4444 2186 4506 naturae
2239 4440 2470 4506 mediae
2518 4463 2656 4506 non

1323 4777 1795 4844 Memphyeicorum]
1821 4793 1872 4829 x.
1897 4781 1940 4832 7.
