3517 5750
1265 865 1622 914 Arrnsmx
1670 865 1742 914 11.
2435 849 2563 921 573

466 1061 798 1105 censorem
839 1045 1155 1117 nostrum,
1203 1039 1307 1106 cui
1374 1061 1494 1106 nec
1537 1037 1878 1126 ingenium
1921 1038 2119 1116 deest,
2168 1059 2287 1104 nec
2346 1061 2493 1106 reru
2502 1062 2565 1103 m

470 1141 778 1228 cognitio,
823 1161 891 1206 se
943 1140 1275 1206 lubentius
1319 1140 1666 1206 credidisse
1729 1140 2169 1225 scriptoribus
2226 1140 2340 1226 qui
2401 1140 2571 1205 nihil

467 1243 627 1309 certi
658 1245 739 1309 de
772 1243 1026 1308 Bacone
1070 1241 1380 1323 viderint,
1414 1263 1612 1328 quam
1656 1241 1738 1306 iis
1770 1262 1917 1326 quae
1962 1241 2205 1328 scripto
2234 1241 2569 1308 mandarit

469 1343 655 1410 BacO.
807 1343 1222 1431 Quapropter
1311 1365 1568 1410 summa
1655 1341 1979 1408 afficimur
2067 1343 2329 1429 injuria,
2418 1365 2569 1409 cum

465 1467 609 1533 pag.
685 1448 790 1524 30,
890 1466 1010 1510 nos
1083 1445 1260 1510 inter
1357 1467 1468 1510 eos
1543 1444 1818 1511 collocat
1890 1464 2133 1526 censor,
2211 1445 2342 1531 qui,
2420 1467 2569 1532 quoe

463 1547 712 1613 vetusti
784 1546 1130 1634 scriptores
1205 1546 1518 1626 dixerint,
1594 1568 1730 1612 non
1806 1544 2145 1626 audiunt3
2242 1547 2359 1611 sed
2447 1567 2568 1612 suo

467 1657 676 1714 marte
721 1652 1064 1714 auctorum
1107 1647 1340 1714 faciem
1402 1647 1530 1714 sibi
1575 1647 1861 1734 fingunt,
1907 1667 2045 1712 non
2105 1669 2183 1713 ea
2226 1653 2569 1714 narrantes

467 1773 614 1837 quse
681 1750 1010 1816 memoriae
1076 1750 1496 1829 mandarunt,
1564 1749 1680 1816 sed
1770 1769 1849 1814 ea
1924 1769 2073 1834 quse
2148 1749 2250 1814 illi
2324 1750 2569 1815 sentire

467 1852 859 1919 debuissent.
950 1849 1018 1916 N
1019 1873 1105 1916 on
1135 1855 1237 1917 est
1280 1849 1572 1938 profecto
1601 1849 1718 1930 ita,
1751 1855 1833 1916 ut
1864 1871 2087 1916 censor
2116 1849 2571 1918 calumniatur.

467 1953 615 2021 Prae
677 1953 879 2020 oculis
952 1953 1233 2020 Baconis
1299 1952 1548 2040 scripta
1621 1973 1879 2039 semper
1951 1951 2322 2034 habuimus,
2399 1953 2569 2018 nihil

467 2055 1042 2136 dissimulavimus,
1111 2055 1282 2119 nihil
1347 2059 1576 2121 nostro
1642 2054 1841 2141 genio
1902 2054 2397 2141 composuimus,
2452 2055 2569 2120 sed

467 2157 688 2222 omnia
732 2157 824 2222 sic
867 2155 1430 2244 pertractavimus,
1462 2161 1540 2220 ut
1585 2177 1626 2220 a
1657 2154 1939 2220 Baconis
1981 2155 2187 2222 latere
2232 2178 2568 2243 nunquam

469 2258 963 2324 discesserimus.
1054 2258 1156 2324 Ac
1221 2257 1450 2324 videat
1517 2256 1953 2334 Aristarchus
2024 2278 2109 2323 ne
2176 2257 2349 2344 quod
2415 2279 2569 2324 exe-

469 2365 706 2438 cratur,
752 2358 826 2424 id
871 2359 1185 2426 continuo
1231 2357 1559 2425 admittat.

558 2459 902 2547 Siquidem
981 2459 1226 2528 Baconi
1303 2460 1411 2525 vel
1485 2459 1722 2540 invit0,
1798 2459 2169 2548 astrologiae
2234 2459 2569 2546 judicialis

470 2562 716 2628 crimen
778 2561 1026 2647 objicit,
1093 2583 1136 2627 a
1220 2583 1352 2647 quo
1425 2567 1568 2627 tam
1641 2559 1875 2642 abfuit,
1950 2567 2031 2627 ut
2104 2562 2271 2627 nihil
2342 2563 2567 2650 magis.

471 2663 783 2750 Rigidum
827 2663 1052 2749 itaque
1095 2683 1440 2727 monemur
1483 2683 1829 2740 censorem,
1875 2685 1961 2728 ne
2004 2663 2245 2730 cursim
2286 2665 2567 2730 aliorum

469 2785 666 2851 opera
708 2764 886 2850 legat
930 2763 1402 2850 imposterum;
1446 2764 1562 2846 sed
1621 2765 1866 2829 iterum
1928 2769 2129 2851 atque
2188 2766 2430 2832 iterum
2490 2787 2570 2832 ea

467 2865 786 2946 revolvat,
833 2886 908 2931 ac
952 2865 1244 2953 penitius
1309 2888 1510 2953 quam
1569 2865 1812 2934 feeerit.
1922 2865 2329 2955 Scriptorum
2388 2890 2568 2934 men-

471 2975 606 3035 tem
669 2968 1101 3054 introspiciat.
1217 2968 1300 3033 Id
1369 2969 1425 3033 si
1489 2968 1718 3035 fecerit
1780 2988 1915 3035 non
1982 2969 2363 3035 dubitamus
2408 2970 2567 3056 quin

469 3071 610 3156 ejus
653 3091 850 3158 opera
893 3068 1126 3155 majori
1172 3070 1386 3157 pretio
1429 3070 1674 3137 eruditi
1719 3070 1989 3139 mercati
2034 3070 2294 3138 fuerint.

558 3172 666 3236 Ex
711 3171 853 3237 sede
901 3171 968 3237 S.
1021 3170 1352 3239 Francisci
1398 3193 1440 3238 a
1483 3172 1698 3239 Vinea
1741 3172 2193 3239 Venetiamm.

1245 3930 1387 3979 mu)
1431 3930 1520 3982 OF
1562 3932 1714 3983 vol..
1765 3934 1811 3983 1.
