3517 5750
870 850 1003 925 170
1634 864 1892 915 nomam
1938 861 2228 915 mcoms
2799 844 2970 933 [cir.

870 1040 1115 1107 habeat
1166 1045 1237 1105 et
1280 1038 1671 1126 positionem
1716 1040 1874 1106 lieet
1919 1038 2298 1126 simplicem,
2341 1058 2478 1103 non
2533 1043 2802 1123 propter
2851 1038 2974 1105 hoc

870 1142 1313 1229 impedientur
1340 1144 1629 1209 rationes
1655 1141 2008 1229 praedictas.
2100 1142 2276 1222 Quia
2302 1147 2426 1207 aut
2451 1137 2582 1207 erit
2599 1140 2876 1229 angelus
2903 1140 2974 1203 in

874 1245 1015 1311 loco
1074 1244 1465 1311 indivisibili
1508 1250 1629 1310 aut
1657 1242 1678 1281 ¹
1746 1244 2112 1326 divisibili3
2171 1246 2230 1311 si
2287 1246 2362 1311 in
2413 1245 2820 1322 indivisibili,
2868 1241 2978 1309 vel

875 1370 1159 1434 praesens
1186 1348 1329 1413 loco
1356 1348 1495 1427 tali,
1528 1346 1639 1414 vel
1668 1346 1810 1427 tali,
1823 1346 1850 1383 ⁹
1896 1348 2366 1415 determinabit
2395 1350 2526 1417 sibi
2566 1352 2782 1417 locum
2809 1346 2980 1413 indi-

876 1450 1225 1529 visibilem,
1271 1451 1373 1517 ita
1418 1450 1597 1536 quod
1638 1449 1735 1515 ibi
1765 1454 1867 1517 est
1915 1451 2076 1517 dum
2123 1452 2422 1538 quiescit,
2475 1458 2546 1519 et
2585 1474 2720 1519 non
2773 1448 2980 1527 alibi;

874 1552 1031 1619 licet
1072 1574 1206 1619 non
1236 1554 1697 1619 commetiatur
1736 1574 1808 1621 se
1837 1552 1938 1619 illi
1965 1551 2376 1635 indivisibili,
2405 1578 2524 1642 per
2555 1556 2778 1632 situm,
2809 1552 2978 1618 sicut

878 1654 1278 1721 indivisibile
1327 1654 1674 1741 corporale,
1724 1654 1904 1741 quod
1949 1660 2050 1721 est
2088 1663 2372 1743 punctus
2401 1658 2507 1723 vel
2557 1660 2860 1733 atomus3
2909 1657 2980 1719 et

878 1764 1035 1825 tunc
1078 1758 1307 1824 eadem
1366 1758 1898 1824 inconvenientia
1955 1764 2324 1845 sequentur.
2413 1759 2484 1825 N
2485 1782 2594 1825 am
2645 1760 2738 1825 sit
2785 1772 2833 1822 A
2877 1756 2981 1821 in-

876 1860 1209 1927 divisibile
1236 1861 1310 1925 in
1340 1860 1575 1947 spatio,
1607 1860 1715 1927 cui
1744 1882 2034 1947 praesens
2061 1861 2152 1927 sit
2179 1862 2470 1950 angelus,
2501 1867 2573 1928 et
2607 1867 2712 1927 est
2754 1860 2980 1926 termi-

878 1984 1004 2029 nus
1056 1986 1099 2028 a.
1146 1985 1278 2050 quo
1325 1963 1443 2028 fiet
1493 1968 1753 2044 motus;
1815 1970 1886 2029 et
1928 1980 1973 2027 Β
2019 1963 2112 2029 sit
2159 1964 2566 2031 indivisibile
2614 1963 2814 2043 aliud,
2867 1961 2982 2048 qui

880 2068 970 2135 sit
998 2067 1318 2133 terminus
1346 2066 1599 2153 primus
1629 2072 1696 2132 et
1740 2066 2344 2133 immediatissimus
2385 2068 2474 2133 ad
2517 2088 2714 2154 quem
2757 2086 2982 2131 move-

878 2170 1064 2236 bitur
1106 2168 1397 2256 angelus,
1443 2173 1514 2235 et
1560 2168 1669 2235 cui
1695 2190 1982 2256 praesens
2025 2170 2142 2234 fiet
2193 2191 2309 2256 per
2361 2174 2634 2247 motum,
2682 2168 2839 2234 licet
2884 2163 2980 2233 ei⁸

882 2294 1015 2339 non
1061 2276 1621 2338 commensuretur
1666 2292 1784 2357 per
1843 2270 2066 2351 situm,
2116 2272 2234 2337 sed
2281 2272 2370 2338 sit
2423 2272 2484 2337 ei
2533 2290 2822 2358 praesens
2865 2290 2982 2355 per

882 2374 1497 2442 determinationem
1548 2373 1693 2451 loci,
1736 2378 1818 2441 ut
1863 2394 2084 2439 omnes
2135 2378 2410 2461 ponunt.
2503 2372 2596 2438 Et
2639 2390 2681 2438 c
2725 2372 2818 2437 sit
2857 2376 2989 2437 ter-

882 2477 1055 2543 tium
1106 2476 1512 2543 indivisibile
1554 2476 1629 2541 in
1672 2476 1907 2562 spatio,
1949 2476 2570 2563 propinquissimum
2615 2474 2744 2561 ipsi
2788 2490 2872 2554 Β;
2915 2478 2984 2539 et

884 2596 935 2645 D
992 2580 1083 2645 sit
1140 2582 1453 2664 quartum
1510 2577 2154 2644 immediatissimum
2195 2577 2322 2665 ipsi
2352 2594 2440 2658 c;
2505 2581 2578 2644 et
2634 2576 2727 2642 sic
2785 2577 2980 2641 ultra..

888 2682 1059 2749 Cum
1104 2681 1312 2768 igitur
1340 2680 1613 2767 angelus
1641 2680 1998 2747 secundum
2027 2679 2168 2747 haec
2210 2702 2346 2745 non
2391 2683 2612 2767 potest
2653 2700 2790 2746 eoee
2819 2700 2986 2765 prze-

881 2804 1035 2849 sens
1082 2782 1211 2847 nisi
1254 2782 1453 2847 alicui
1478 2782 1876 2847 indivisibili
1903 2782 2044 2860 soli,
2091 2786 2162 2848 et
2203 2804 2320 2868 per
2365 2781 2987 2847 transmutationem

886 2890 1007 2956 fiet
1050 2890 1137 2956 ab
1166 2909 1301 2954 uno
1328 2887 1719 2955 indivisibili
1750 2889 1826 2954 in
1853 2888 2053 2968 aliud,
2101 2895 2174 2955 et
2200 2889 2470 2977 angelus
2513 2889 2770 2954 nullum
2817 2886 2991 2952 indi·

888 2991 1143 3058 visibile
1197 2989 1483 3057 omittit*
1533 2991 1609 3056 in
1654 3011 1778 3058 suo
1819 2991 2124 3070 transitu,
2171 3013 2294 3058 nec
2341 2991 2597 3078 aliquid
2642 2988 2726 3056 de
2775 2989 2988 3076 spatio

887 3099 1107 3181 potest
1164 3094 1493 3176 omittere,
1538 3113 1687 3159 cum
1733 3097 1960 3160 totum
2015 3097 2354 3175 transeam
2399 3092 2828 3158 manifestum
2887 3095 2992 3157 est

887 3196 1095 3284 igitur
1134 3197 1311 3283 quod
1340 3217 1595 3283 semper
1621 3195 2056 3284 pertransibit
2083 3195 2536 3276 indivisibilia,
2582 3196 2752 3262 sicut
2790 3215 2993 3280 punc-

888 3305 1001 3366 tus
1058 3299 1413 3386 corporalis
1471 3299 1830 3380 transiret3
1875 3299 1990 3364 sed
2041 3299 2256 3364 solum
2307 3299 2438 3364 erit
2487 3295 2868 3362 differentia
2923 3297 2997 3360 in

888 3403 1046 3468 situ.
1140 3402 1437 3468 Praesens
1490 3405 1716 3467 tamen
1760 3401 1890 3467 erit
1947 3401 2220 3488 angelus
2279 3399 2554 3466 cuilibet
2608 3397 2998 3465 indivisibili

888 3503 1063 3570 sicut
1105 3508 1431 3591 punctus3
1479 3525 1639 3592 ergo
1679 3503 1852 3571 sicut
1901 3503 1974 3568 in
2024 3503 2315 3570 transitu
2354 3501 2584 3588 puncti
2629 3501 2996 3568 acciderent

890 3607 1023 3672 duo
1062 3607 1611 3688 inconvenientia,
1652 3605 1834 3692 quod
1871 3605 2223 3672 minimum
2272 3606 2562 3692 spatium
2606 3625 2740 3669 non
2785 3609 2998 3668 trans-

888 3709 1039 3788 iret,
1114 3709 1273 3794 quia.
1329 3707 1597 3774 infinita
1653 3713 1816 3772 sunt
1873 3713 2122 3794 puncta
2177 3709 2252 3773 in
2315 3707 2630 3794 quolibet,
2691 3710 2764 3771 et
2821 3703 2998 3792 quod

892 3811 1235 3896 quantitas
1292 3810 1383 3877 sit
1426 3831 1513 3874 ex
1547 3810 1854 3896 punctis3
1901 3811 1994 3876 sic
2037 3809 2170 3876 erit
2211 3809 2334 3876 hic.
2425 3809 2520 3875 Et
2562 3808 2768 3874 tertia
2823 3807 2996 3872 ratio

890 3933 1027 3978 non
1075 3915 1297 3997 potest
1333 3911 1635 3997 impediri
1664 3935 1679 3992 ;
1726 3913 1886 3998 quia
1911 3911 2074 3977 dum
2101 3917 2206 3978 est
2233 3933 2520 3999 praesens
2561 3909 2688 3997 ipsi
2715 3923 2766 3974 A
2793 3909 3002 3996 quies-

890 4013 987 4079 cit
1013 4035 1031 4093 ;
1076 4016 1145 4078 et
1188 4012 1351 4078 dum
1394 4017 1499 4080 est
1526 4013 1830 4080 totaliter
1862 4035 2150 4101 praesens
2181 4015 2308 4101 ipsi
2336 4031 2381 4078 Β
2409 4013 2724 4100 quiescit3
2771 4017 2840 4078 et
2868 4033 3003 4077 non

891 4119 1113 4203 potest
1162 4109 1337 4180 ποῦ
1398 4115 1757 4183 secundum
1807 4123 2066 4206 partem
2107 4137 2312 4183 unam
2357 4137 2646 4202 proesens
2681 4130 2748 4192 A,
2795 4119 2866 4180 et
2901 4135 3004 4180 se-

894 4217 1183 4286 cundum
1231 4217 1431 4284 aliam
1478 4241 1766 4306 praesens
1795 4218 1924 4307 ipsi
1953 4235 2016 4299 Β,
2053 4219 2212 4307 quin.
2255 4217 2680 4284 indivisibilis
2727 4222 2874 4300 est3
2931 4220 3002 4282 et

2831 4437 2998 4452 *—

1179 4449 1268 4455 -—
1285 4449 1583 4455 --—.——......-.
1599 4449 1605 4453 .
1639 4443 2362 4454 *aa-ffl-

960 4609 975 4646 ἲ
1011 4611 1125 4678 aut]
1164 4612 1261 4674 vel,
1297 4607 1359 4662 Τ.
2066 4606 2084 4636 ⁴
2115 4605 2312 4672 omittit]
2351 4605 2562 4668 omittat,
2599 4601 2661 4656 T.

958 4692 981 4724 ²
1012 4690 1127 4758 talu]
1164 4692 1343 4752 taliter,
1376 4689 1437 4742 T.
2065 4687 2085 4716 ³
2108 4686 2408 4752 potestesse]
2446 4693 2537 4750 est,
2573 4685 2635 4737 Τε

963 4777 983 4808 ⁸
1014 4773 1086 4840 ei]
1123 4787 1220 4824 om.
1244 4771 1305 4822 T.
