3517 5750
582 2702 807 2755 Heba-ew

584 2772 685 2819 and
710 2771 879 2822 Greek

578 2837 805 2890 tenebere

577 2904 737 2970 easily
758 2921 872 2970 pro·

578 2973 745 3022 cun-ed.

520 3099 605 3239 Js

575 3939 746 3992 Greek

572 4007 797 4060 teaehen

573 4073 674 4123 still
696 4089 773 4124 re-

572 4140 707 4190 main
712 4142 801 4207 ing
815 4141 869 4191 in

572 4206 824 4272 Englanss

570 4273 763 4324 invited
780 4277 850 4341 by

573 4339 824 4393 Grostete.

914 876 1047 941 434
1580 936 1589 945 ,
1672 884 1930 939 uocum
1975 882 2268 935 BAcoms
2845 870 3039 959 [car.

914 1067 1009 1133 cit
1076 1063 1165 1131 ad
1230 1060 1738 1149 intelligendum
1805 1082 1956 1147 quae
2019 1060 2302 1146 requirit
2370 1059 2703 1127 Latinitas
2763 1062 2838 1127 in
2903 1062 3042 1131 hac

914 1170 1120 1257 parte.
1234 1164 1327 1231 Et
1371 1166 1475 1231 vis
1520 1164 1719 1251 hujus
1763 1164 1859 1231 rei
1905 1168 2042 1231 stat
2105 1164 2180 1229 in
2240 1164 2409 1245 hoc3
2482 1168 2564 1231 ut
2619 1164 2816 1231 homo
2861 1164 3042 1233 sciat

914 1272 1131 1357 legere
1178 1266 1499 1345 Graecum,
1546 1270 1616 1333 et
1662 1266 2047 1346 Hebraeum,
2093 1270 2164 1331 et
2207 1270 2458 1331 eaetera
2569 1266 2664 1333 Et
2691 1271 2772 1333 ut
2799 1288 3036 1335 secun-

916 1373 1077 1438 dum
1122 1370 1402 1437 formam
1450 1367 1706 1435 Donati
1750 1368 1919 1435 sciat
1961 1368 2328 1435 accidentia
2371 1368 2665 1455 partium
2695 1370 3034 1437 orationis.

924 1472 1105 1541 Nam
1149 1471 1254 1537 his
1298 1470 1493 1548 notis,
1558 1470 1962 1537 constructio
2005 1475 2075 1539 et
2119 1470 2496 1537 intellectus
2558 1472 3036 1537 vocabulorum

914 1576 1325 1661 linguarum·
1364 1573 1645 1651 illarum,
1694 1578 2026 1660 quantum
2071 1572 2332 1639 Latinis
2409 1572 2670 1653 suffieit,
2721 1574 2806 1641 de
2847 1575 3035 1641 facili

916 1676 1257 1743 habentur
1302 1696 1419 1762 per
1479 1675 1707 1741 modos
1763 1697 1927 1763 quos
1993 1674 2266 1741 inferius
2327 1675 2697 1761 assignabo.
2819 1676 3032 1745 Stulti

918 1780 1097 1847 enim
1160 1778 1459 1845 homines
1535 1784 1603 1845 et
1678 1777 1988 1865 imperiti,
2067 1799 2272 1865 quum
2347 1778 2632 1845 audiunt
2703 1780 2884 1866 loqui
2945 1782 3034 1847 de

916 1881 1193 1951 scientia
1234 1882 1629 1968 linguarum,
1676 1882 2014 1949 aestimant
2053 1902 2128 1947 se
2181 1880 2470 1967 obligari
2535 1881 2747 1968 primo
2789 1884 3031 1969 gradui

920 1990 992 2053 et
1034 1984 1335 2061 secundo,
1382 1990 1453 2049 et
1514 1982 1662 2049 ideo
1728 1983 2082 2069 desperant
2123 1986 2194 2049 et
2253 1988 2686 2051 contemnunt
2751 1986 3030 2051 tertium

920 2088 1201 2175 gradum
1246 2086 1681 2167 facillimum3
1736 2086 2044 2173 quamvis
2103 2085 2161 2151 si
2207 2085 2698 2152 considerarent
2748 2092 2819 2153 et
2875 2088 3028 2153 dili-

914 2194 1146 2277 gentes
1190 2194 1409 2255 essent
1452 2210 1495 2255 a
1548 2188 1929 2273 juventute,
1991 2190 2195 2255 etiam
2257 2194 2409 2274 post
2472 2189 2754 2275 triginta.
2819 2212 3031 2257 annos

915 2296 1184 2379 possent
1228 2292 1603 2379 pertingere
1650 2289 1737 2356 ad
1799 2312 2025 2357 omnes
2085 2292 2332 2378 gradus
2393 2292 2619 2369 dictos,
2667 2298 2738 2358 et
2795 2293 3030 2361 saltem

920 2394 1005 2461 ad
1050 2394 1407 2461 secundum
1468 2414 1617 2459 cum
1690 2393 1913 2459 tertio.
2031 2392 2212 2459 Nam
2272 2398 2416 2461 tota
2477 2394 2830 2461 difficultas
2873 2418 3028 2463 oon-

918 2496 1099 2565 sistit
1140 2498 1215 2563 in
1260 2496 1473 2584 primo
1532 2494 1792 2583 gradu3
1860 2501 1937 2562 ut
1997 2516 2118 2561 nos
2176 2496 2292 2583 qui
2351 2496 2598 2563 talibus
2658 2497 3028 2565 insistimus

916 2600 1311 2686 experimur.

1004 2702 1323 2769 Doctores
1400 2705 1627 2767 autem
1708 2720 1842 2765 non
1920 2700 2206 2779 desunt3
2298 2701 2456 2787 quia
2545 2702 2790 2787 ubique
2865 2709 3026 2771 sunt

916 2802 1205 2882 Hebraei,
1254 2806 1325 2869 et
1370 2824 1595 2869 eorum
1640 2802 1872 2890 lingua
1915 2807 2018 2868 est
2061 2802 2288 2869 eadem
2333 2803 2405 2868 in
2453 2804 2829 2871 substantia
2872 2826 3026 2873 cum

912 2906 1201 2972 Arabica
1260 2911 1330 2971 et
1390 2905 1719 2984 Chaldaea,
1781 2905 1938 2974 licet
2003 2905 2078 2972 in
2139 2907 2336 2972 modo
2403 2907 2729 2974 differant
2821 2908 3026 2975 Sunt-

912 3029 1039 3094 que
1112 3007 1409 3073 homines
1478 2983 1788 3097 Parisiyss,
1859 3013 1931 3074 et
2003 3008 2078 3074 in
2152 3007 2450 3088 Francia,
2497 3016 2567 3076 et
2625 3009 2904 3076 ulterius
2949 3010 3026 3076 in

912 3110 1219 3178 omnibus
1262 3109 1660 3196 regionibus,
1710 3111 1828 3197 qui
1872 3111 1955 3176 de
1999 3111 2104 3176 his
2147 3111 2370 3178 sciunt
2404 3117 2728 3198 quantum
2764 3135 3026 3180 neeesse

910 3213 1115 3280 fuerit
1158 3213 1233 3278 in
1277 3213 1399 3278 hac
1443 3217 1646 3298 parte.
1773 3211 2076 3280 Graecum
2119 3235 2278 3280 vero
2321 3215 2610 3280 maxime
2669 3217 3026 3284 concordat

912 3337 1062 3382 cum
1106 3315 1387 3395 Latino;
1454 3321 1524 3382 et
1568 3319 1728 3381 sunt
1790 3315 1988 3382 multi
2031 3315 2108 3382 in
2151 3315 2398 3402 Anglia
2457 3321 2527 3380 et
2581 3316 2860 3384 Francia
2905 3321 3024 3405 qui

912 3418 1019 3484 hic
1064 3419 1225 3485 satis
1268 3418 1581 3484 instructi
1624 3422 1798 3483 sunt.
1919 3417 1989 3484 N
1990 3439 2061 3484 ec
2105 3419 2392 3484 multum
2435 3425 2606 3486 esset
2663 3442 2782 3506 pro
2825 3426 3026 3488 tanta

911 3521 1205 3589 utilitate
1249 3521 1344 3588 ire
1388 3520 1463 3586 in
1522 3520 1812 3598 Italiam,
1874 3520 1948 3584 in
1991 3541 2128 3606 qua
2170 3519 2378 3586 clerus
2423 3527 2492 3588 et
2538 3523 2820 3610 populus
2865 3530 3026 3590 sunt

912 3645 1072 3710 pure
1136 3623 1347 3689 Graeoi
1391 3624 1463 3687 in
1518 3621 1750 3687 multis
1810 3621 2010 3702 loeis;
2085 3628 2155 3689 et
2215 3622 2650 3710 episcopatuo,
2699 3630 2768 3692 et
2811 3626 3023 3692 archi-

910 3726 1338 3811 episcopatus,
1386 3728 1458 3790 et
1526 3723 1789 3804 divites,
1859 3745 1935 3789 ac
1979 3725 2262 3791 seniores
2307 3731 2573 3812 possent
2617 3726 2711 3792 ibi
2753 3729 3022 3794 mittere

910 3848 1028 3913 pro
1088 3825 1291 3902 libris,
1340 3831 1410 3892 et
1476 3847 1595 3911 pro
1658 3847 1792 3892 uno
1860 3825 1971 3891 vel
2037 3848 2156 3913 pro
2231 3827 2531 3915 pluribus
2599 3830 2715 3915 qui
2779 3832 3024 3898 scirent

912 3927 1253 4006 Graeoum3
1326 3927 1499 3994 sicut
1566 3927 1873 3994 dominus
1942 3928 2286 4009 Robertua
2345 3937 2614 3998 sanctus
2683 3933 3024 4020 episeopus

912 4029 1407 4110 LincolniensiS,
1454 4028 1708 4097 solebat
1748 4029 2000 4111 facere3
2061 4054 2340 4118 quorum
2399 4033 2610 4119 aliqui
2653 4035 2726 4100 in
2770 4035 3024 4122 Anglia

909 4153 1119 4216 usque
1162 4132 1249 4197 ad
1293 4131 1434 4197 haec
1476 4138 1778 4220 tempora
1836 4139 1996 4200 sunt
2063 4135 2462 4222 superstites.
2558 4136 2738 4204 Sunt
2795 4143 3022 4204 autem

910 4255 1119 4301 causae
1162 4255 1277 4300 seu
1314 4234 1617 4314 rationes,
1653 4239 1920 4323 propter
1965 4258 2129 4322 quas
2173 4243 2438 4324 oportet
2481 4239 2848 4324 quemlibet
2891 4239 3020 4306 La-

906 4337 1129 4404 tinum
1172 4337 1542 4404 studiosum
1572 4337 1733 4403 scire
1764 4359 1844 4404 ea
1888 4360 2038 4424 quae
2084 4339 2170 4404 ad
2213 4341 2489 4406 tertium
2531 4341 2814 4427 gradum
2841 4363 3020 4429 spec-

908 4445 1077 4520 tant,
1127 4445 1246 4507 aut
1274 4461 1615 4526 nunquam
1661 4461 1783 4508 nec
1813 4439 1888 4504 in
1915 4440 2246 4526 sapientia
2289 4442 2520 4508 divina
2565 4465 2686 4508 neo
2731 4444 3022 4512 humana

906 4543 1206 4630 proficiet
1250 4544 1469 4628 aliquo
1500 4543 1711 4608 modo.
1805 4540 1951 4608 Sub
1995 4543 2234 4627 quibus
2279 4545 2648 4612 rationibus
2695 4551 2765 4611 et
2807 4546 3021 4612 causis

906 4645 1387 4712 universalibus
1448 4643 1878 4731 particulares
1931 4665 2146 4711 causae
2209 4651 2278 4712 et
2320 4647 2610 4714 rationes
2673 4649 3018 4714 eontinen-

905 4752 1021 4814 tur
1063 4747 1592 4825 innumerabiles,
1654 4747 1743 4814 ad
1787 4769 1952 4834 quas
2003 4747 2168 4814 satis
2195 4749 2456 4838 patebit
2511 4750 2853 4830 excitatiO,
2899 4772 3018 4840 per
