3517 5750
582 856 725 945 Lx]
1404 873 1577 924 orus
1622 874 1944 923 mamm.
2549 860 2678 923 241

578 1044 1079 1111 declinabilibus
1152 1048 1637 1133 monosyllabis,
1760 1047 1897 1114 Sed
1971 1052 2200 1114 contra
2275 1048 2399 1113 hoc
2471 1048 2688 1113 multa

578 1149 901 1215 veraciter
940 1154 1219 1236 possunt
1264 1149 1407 1223 dici.
1498 1148 1677 1215 Nam
1722 1172 1872 1216 cum
1925 1151 2278 1238 probatum
2324 1155 2443 1231 est,
2507 1150 2687 1237 quod

580 1251 733 1316 duae
778 1256 1008 1332 acutae,
1052 1256 1323 1338 propter
1366 1251 1691 1317 defectum
1722 1253 2084 1340 euphoniae‚
2133 1274 2268 1318 non
2313 1275 2382 1319 se
2427 1274 2689 1340 compa—

578 1352 858 1433 tiuntur,
906 1356 978 1419 et
1020 1353 1307 1419 secunda
1350 1354 1597 1420 mutari
1663 1375 1802 1421 non
1869 1356 2068 1421 debet
2129 1361 2399 1441 propter
2461 1375 2688 1420 causas

572 1452 716 1538 jam
762 1454 987 1531 dictas,
1034 1460 1197 1521 tunc
1239 1454 1455 1542 prima
1498 1455 1870 1521 mutabitur
1920 1456 1994 1521 in
2038 1478 2348 1543 gravem3
2413 1461 2482 1522 et
2541 1456 2688 1522 ideo

584 1577 733 1621 cum
794 1556 1036 1623 dicitur
1078 1556 1205 1643 qui
1249 1556 1373 1637 ait,
1418 1556 1543 1623 hoc
1602 1579 1846 1623 nomen
1891 1558 2018 1645 qui
2060 1558 2464 1645 gravabitur,
2532 1558 2692 1643 quia

582 1660 799 1744 prima
839 1658 1035 1745 hujus
1089 1659 1392 1725 dictionis
1436 1658 1543 1727 ait
1586 1661 1847 1726 acuitur
1907 1682 2023 1747 per
2089 1661 2439 1725 secundam
2496 1682 2691 1746 regu-

582 1759 735 1827 lam.
792 1824 795 1827 ,
828 1760 922 1827 Et
966 1782 1115 1827 eum
1161 1760 1305 1828 dico
1378 1760 1507 1848 qui
1559 1760 1890 1847 loquitur,
1933 1762 2040 1827 hic
2103 1762 2407 1827 similiter
2451 1782 2691 1848 grava-

582 1861 787 1943 bitur,
831 1863 990 1949 quia
1032 1884 1151 1949 per
1192 1862 1465 1928 tertiam
1508 1864 1805 1950 regulam
1868 1864 2082 1951 prima
2124 1864 2321 1949 hujus
2385 1863 2690 1929 dictionis

582 1960 897 2050 loquitur
968 1969 1237 2031 acutum
1312 1964 1518 2032 habet
1588 1970 1948 2031 accentum.
2062 1966 2396 2033 Caeterum
2464 1986 2688 2031 omnes

582 2067 845 2153 antiqui
891 2066 1120 2132 Latini
1166 2087 1371 2153 usque
1416 2088 1591 2133 nunc
1634 2067 2008 2155 gravabant
2052 2067 2470 2135 declinabiles
2520 2068 2691 2133 sicut

582 2167 1094 2235 indeclinabiles,
1175 2169 1449 2247 Iterum,
1486 2168 1718 2250 Graeci,
1746 2191 1790 2234 a
1818 2170 2057 2255 quibus
2100 2174 2314 2235 artem
2359 2170 2690 2233 traxi-mus
2801 2247 2806 2251 ¹

582 2271 1031 2350 accentuandi,
1094 2270 1397 2337 similiter
1458 2275 1744 2358 gravant
1810 2274 2122 2357 utrasque
2185 2272 2412 2337 eodem
2479 2272 2690 2337 modo.

584 2372 860 2454 Iterum,
900 2394 1049 2439 cum
1094 2372 1407 2459 quaelibet
1449 2373 1906 2459 monosyllaba
1933 2373 2027 2437 sit
2055 2373 2450 2438 naturaliter
2479 2378 2690 2451 acuta,

580 2484 653 2541 et
692 2484 955 2541 tantum
996 2474 1205 2542 habet
1268 2476 1351 2541 de
1394 2480 1591 2541 acuto
1653 2478 1980 2561 quantum
2041 2474 2192 2554 alia,
2261 2496 2417 2561 ergo
2481 2476 2692 2540 omnis

582 2576 1037 2662 monosyllaba
1078 2576 1401 2644 retinebit
1444 2581 1788 2643 accentum
1831 2574 2303 2643 indifferenter.

673 2678 946 2760 Iterum,
991 2678 1345 2744 declinatio
1390 2677 1812 2743 accidentalis
1855 2681 1958 2743 est
2011 2676 2327 2756 accentui,
2374 2682 2446 2744 et
2505 2678 2690 2745 inde-

582 2778 851 2846 clinatio
914 2780 1261 2862 similiter3
1330 2802 1485 2866 ergo
1546 2780 1716 2845 nihil
1779 2778 2034 2845 faciunt
2101 2780 2188 2844 ad
2249 2781 2694 2847 mutationem

584 2891 903 2952 accentus.
1020 2885 1201 2952 Nam
1275 2890 1538 2974 oportet
1600 2886 1780 2972 quod
1845 2887 1980 2951 alia
2043 2890 2289 2952 natura
2361 2889 2508 2952 soni
2571 2887 2692 2953 hoc

582 2988 797 3069 faciat,
846 2987 1003 3075 quia
1044 2989 1169 3055 hoc
1212 2988 1503 3078 pertinet
1547 2991 1634 3054 ad
1677 2993 2070 3069 accentum;
2114 2993 2186 3055 et
2245 2989 2394 3054 ideo
2448 2989 2694 3076 eupho-

583 3089 713 3170 nia,
743 3111 893 3176 quae
933 3094 1036 3156 est
1077 3091 1347 3157 bonitas
1390 3091 1552 3168 soni,
1586 3095 1689 3157 est
1732 3091 1808 3156 in
1851 3112 2060 3156 causa.
2156 3089 2432 3171 Iterum,
2464 3097 2694 3157 acutus

585 3197 891 3259 accentus
956 3193 1169 3279 magis
1214 3192 1523 3260 convenit
1588 3192 2184 3272 indeclinabilibuS,
2229 3197 2310 3257 ut
2369 3197 2562 3280 patet
2621 3195 2694 3258 in

582 3293 767 3360 istist
848 3296 1017 3372 und,
1065 3297 1266 3381 pond,
1333 3293 1472 3373 im,
1535 3293 1703 3376 illz‘o,
1772 3292 1954 3374 illae,
2019 3314 2168 3379 quae
2229 3298 2557 3359 acuuntur
2619 3293 2697 3358 in

584 3395 734 3474 fine,
797 3417 937 3462 non
1006 3393 1101 3462 sic
1167 3395 1599 3462 declinabiles.
1691 3395 1759 3460 N
1763 3418 1836 3462 ec
1879 3399 1981 3460 est
2023 3396 2346 3460 instantia
2389 3394 2462 3458 in
2507 3395 2694 3461 beow-

588 3495 721 3576 dio,
771 3496 1058 3585 benefac,
1104 3497 1265 3584 quia
1306 3498 1381 3563 in
1422 3497 1675 3564 talibus
1716 3487 2042 3563 remansit
2084 3500 2391 3564 accentus
2425 3501 2696 3583 propter

587 3597 1019 3665 concisionem
1101 3599 1391 3679 vocalis3
1498 3620 1655 3665 nam
1728 3597 2129 3664 naturaliter
2217 3596 2487 3664 deberet
2564 3597 2696 3663 dici

589 3698 909 3788 banasam,
987 3701 1310 3782 benedico,
1388 3705 1460 3768 et
1532 3707 1695 3768 tunc
1767 3700 2008 3767 ultima
2107 3721 2245 3765 non
2335 3704 2694 3767 acueretur.

590 3803 863 3880 Iterum,
910 3803 1281 3869 Priscianus
1321 3825 1442 3869 sua
1485 3803 1882 3870 auctoritate
1925 3803 2114 3870 elidit
2155 3802 2330 3867 hunc
2374 3822 2698 3883 errorem3

584 3925 745 3970 nam
789 3905 954 3972 dicit
1016 3906 1089 3972 in
1130 3907 1367 3992 majori
1411 3906 1749 3973 volumine
1815 3906 1993 3992 quod
2054 3905 2178 3970 hoc
2243 3925 2486 3970 nomen
2552 3903 2700 3992 qui,

588 4007 959 4088 relativum,
1005 4007 1081 4072 in
1124 4007 1417 4074 oratione
1459 4018 1792 4095 gravatur.
1887 4007 1980 4072 Et
2023 4007 2097 4072 in
2139 4006 2311 4073 libro
2355 4007 2438 4073 de
2484 4007 2702 4074 Decli-

585 4109 853 4175 natione
897 4129 1207 4175 versuum
1236 4109 1553 4176 AEneidos
1598 4108 1806 4187 dicit‚¹
1839 4110 1976 4175 fere
2007 4110 2220 4175 omnis
2249 4109 2702 4196 monosyllaba

590 4219 925 4298 gravatur.
1016 4211 1110 4276 Et
1174 4212 1339 4278 dicit
1385 4211 1535 4299 fere
1602 4211 1689 4277 ad
1765 4211 2205 4278 differentiam
2266 4213 2698 4298 quarundam,

588 4333 737 4398 quae
779 4312 1175 4379 differentiae
1218 4334 1415 4380 causa
1457 4313 2059 4379 circumflectuntur
2086 4339 2103 4394 ;
2149 4323 2228 4379 ut
2271 4313 2390 4394 sic,
2435 4313 2699 4399 quando

593 4422 695 4481 est
736 4413 1129 4481 adverbium
1172 4415 1645 4496 similitudinis,
1677 4415 2250 4494 circumflectitur3
2295 4414 2558 4500 quando
2599 4419 2704 4478 est

594 4515 983 4582 adverbium
1036 4516 1327 4603 jurandi,
1390 4525 1720 4604 gravatur.
1829 4515 1906 4582 Si
1968 4516 2226 4582 dicatur
2291 4511 2470 4601 quod
2525 4536 2703 4580 nunc

1187 4732 1201 4762 ¹
1227 4728 1373 4798 dicit]
1412 4731 1508 4784 See
1526 4745 1575 4796 p.
1598 4735 1715 4791 306,
1736 4733 1853 4791 ³22,
1867 4728 1946 4781 ed.
1973 4733 2116 4780 1528.

776 4825 929 4876 von.
976 4825 1021 4876 1.
2392 4823 2440 4886 Q
