3517 5750
874 852 1001 915 226
1552 858 1565 867 ·
1626 862 1885 914 nocam
1932 860 2224 911 mcoms
2801 847 2977 935 [cAP.

872 1040 1030 1105 bare
1074 1040 1229 1103 ante
1292 1036 1513 1104 oeulos
1556 1042 1857 1119 vestros;
1923 1060 2078 1105 nam
2145 1036 2340 1104 docui
2407 1058 2561 1105 eum
2615 1040 2981 1126 specialiter

874 1142 947 1205 in
990 1140 1115 1205 hoc
1157 1162 1328 1221 casu,
1374 1146 1445 1207 et
1489 1142 1792 1207 similiter
1838 1141 1910 1205 in
1955 1141 2188 1207 tabula
2215 1142 2633 1208 astronomiae
2677 1142 2852 1209 facta
2893 1144 2980 1208 ad

876 1243 1045 1308 hanc
1086 1244 1450 1321 materiam,
1491 1265 1690 1330 quam
1735 1244 2033 1311 tabulam
2065 1244 2342 1311 inserui¹
2373 1244 2444 1309 in
2477 1244 2690 1331 Opere
2721 1244 2976 1331 Majori,

876 1368 1116 1432 magno
1158 1345 1382 1412 labore
1426 1350 1495 1413 et
1536 1348 1765 1413 multis
1809 1348 2112 1435 expensis
2155 1348 2558 1434 acquisitam.

966 1447 1187 1514 Multa
1251 1449 1441 1536 plura
1502 1450 1729 1537 scripsi
1773 1452 1847 1515 in
1893 1450 2104 1539 Opere
2151 1450 2410 1538 Majori,
2473 1472 2622 1537 quse
2685 1450 2791 1516 hic
2843 1472 2978 1517 non

877 1555 1099 1638 tangO,
1168 1551 1282 1616 sed
1349 1552 1589 1619 certius
1654 1552 1867 1619 scribo
1935 1554 2058 1631 hic,
2106 1558 2175 1620 et
2219 1554 2369 1621 ideo
2427 1554 2636 1642 magis
2679 1559 2782 1619 est
2825 1553 2978 1621 huic

878 1654 1221 1745 scripturae
1264 1654 1751 1723 adhaerendum.

1686 1958 1846 2027 CAP.
1897 1958 2155 2027 LVIII.

542 2142 817 2221 ⁰¹⁶⁰&th
967 2151 1129 2219 Post
1214 2153 1357 2219 haec
1432 2151 1753 2217 descendo
1839 2152 1925 2216 ad
1995 2152 2296 2238 quintam
2363 2152 2649 2218 radicem
2723 2152 2976 2219 mathe-

539 2226 628 2327 {gi-¹
631 2212 851 2331 ¹3:31oe
874 2256 1134 2322 maticae
1200 2258 1497 2342 respectu
1541 2254 1908 2341 theologiae,
1955 2260 2026 2320 et
2070 2258 2172 2319 est
2217 2255 2527 2341 figuratio
2570 2258 2977 2342 geometrica.

539 2346 723 2425 undeq-
874 2356 1052 2423 Nam
1139 2358 1361 2423 omnia
1424 2357 1798 2423 artificialia
1859 2358 1932 2423 in
2001 2356 2378 2445 Scripturis,
2442 2362 2522 2424 ut
2587 2380 2737 2424 area
2811 2358 2879 2422 N
2881 2380 2976 2435 oe,

540 2412 777 2545 &3:135
873 2460 1389 2541 tabernaculum,
1436 2462 1507 2525 et
1552 2461 1777 2525 omnia
1843 2482 1992 2546 quse
2059 2462 2147 2525 ad
2209 2461 2425 2547 ipsum
2493 2462 2844 2548 pertinent,
2909 2466 2980 2526 et

539 2544 819 2661 fflfftififfffl
873 2564 1121 2651 templa
1183 2562 1569 2642 Salomonis,
1615 2566 1685 2627 et
1744 2562 2122 2642 Ezechielis,
2170 2568 2240 2629 et
2303 2562 2551 2645 Esdrae,
2597 2568 2668 2629 et
2711 2563 2978 2629 infinita

544 2676 676 2743 logy.
874 2665 1021 2742 alia,
1056 2666 1358 2752 indigent
1388 2687 1629 2751 magno
1659 2666 1940 2731 artificio
1983 2667 2377 2753 geometriae.
2455 2666 2548 2733 Et
2591 2688 2847 2733 neccsse
2879 2672 2979 2732 est

873 2773 954 2833 ut
996 2766 1167 2833 fiant
1180 2767 1207 2804 ²
1252 2766 1393 2833 haec
1438 2788 1657 2833 coram
1704 2764 1907 2833 oeulis
1945 2770 2182 2835 vestris
2201 2766 2228 2806 ³
2258 2775 2526 2857 propter
2567 2770 2978 2835 intellectum

874 2891 1102 2936 sensus
1170 2869 1465 2949 literalis,
1531 2876 1601 2937 et
1647 2870 2009 2958 spiritualis
2072 2871 2375 2938 eliciendi
2437 2895 2522 2938 ex
2565 2872 2847 2955 literali;
2909 2877 2982 2938 et

874 2977 1200 3058 quatenus
1245 2972 1619 3038 videremus
1664 2975 1748 3038 ad
1795 2997 2057 3041 sensum
2103 2975 2384 3063 figuram
2415 2977 2735 3054 veritatiS,
2780 2997 2978 3061 quam

790 3093 817 3116 ·
873 3082 1194 3153 tenemus,
1240 3079 1320 3141 ut
1364 3075 1561 3141 simul
1624 3082 1818 3143 vetus
1863 3082 1933 3142 et
1977 3099 2226 3144 novum
2275 3079 2783 3165 praesentialiter
2827 3099 2979 3144 con-

873 3176 1353 3264 templaremur.
1492 3179 1583 3243 Et
1659 3179 1751 3244 sic
1825 3177 2120 3246 fecerunt
2194 3183 2406 3246 sancti
2495 3187 2564 3246 et
2654 3182 2980 3268 sapientes

870 3281 1183 3346 retroacti
1226 3281 1561 3368 temporis,
1609 3286 1690 3347 ut
1734 3281 2128 3369 sapientiam
2176 3283 2322 3364 Dei,
2365 3283 2632 3350 literam
2675 3289 2746 3350 et
2789 3286 2978 3372 spiri-

870 3387 1033 3466 tum,
1105 3383 1425 3451 viderent.
1541 3383 1634 3450 Et
1708 3375 1831 3470 eg'o
1891 3383 2033 3450 vidi
2095 3384 2472 3472 hujusmodi
2538 3387 2740 3453 oculis
2801 3387 2976 3453 meis,

874 3487 1049 3552 Nam
1095 3487 1237 3552 vidi
1280 3488 1353 3552 in
1400 3493 1585 3554 veste
1646 3486 1911 3575 poderis
1977 3487 2208 3553 Aaron
2273 3493 2490 3554 totum
2549 3491 2773 3556 orbem
2843 3495 2972 3556 ter-

873 3611 1096 3654 rarum
1171 3589 1466 3668 describi,
1546 3595 1617 3656 et
1690 3593 2040 3676 parentum
2131 3591 2481 3678 magnalia,
2573 3593 2744 3658 sicut
2809 3592 2978 3660 liber

874 3689 1232 3778 Sapientiae
1293 3691 1495 3757 refert
1540 3692 1944 3779 descriptum
2003 3715 2160 3760 esse.
2275 3694 2367 3760 Et
2411 3715 2558 3760 cum
2601 3697 2786 3784 prius
2829 3719 2976 3784 pro-

871 3792 1105 3858 batum
1150 3799 1252 3859 est
1294 3793 1549 3880 copiose
1618 3794 1796 3880 quod
1839 3794 2012 3860 nihil
2071 3797 2345 3884 dignum
2411 3803 2630 3884 potest
2689 3800 2838 3864 sciri
2903 3801 2978 3865 in

874 3895 1163 3960 scientiis
1208 3901 1277 3961 et
1294 3892 1319 3930 ⁴
1360 3895 1435 3960 in
1478 3895 1673 3962 rebus
1736 3897 2063 3977 humanis,
2111 3899 2250 3964 sine
2295 3900 2693 3986 geometrica
2759 3907 2972 3989 potes-

871 4001 1033 4076 tate,
1111 4001 1181 4063 et
1245 4019 1465 4064 rerum
1510 4003 1580 4064 et
1625 4001 2048 4067 scientiarum
2115 4003 2405 4088 cognitio
2470 4008 2571 4069 est
2615 4007 2976 4070 necessaria

871 4099 1237 4187 theologiae,
1304 4105 1467 4166 tunc
1530 4100 1802 4189 planum
1867 4109 1969 4169 est
2031 4104 2209 4191 quod
2271 4104 2443 4172 hanc
2487 4107 2828 4173 scientiam
2873 4131 2975 4174 sa-

871 4203 1125 4290 pientia
1160 4201 1288 4270 Dei
1318 4205 1587 4269 omnino
1616 4206 1906 4291 requirit.
1999 4206 2278 4295 Propter
2307 4209 2484 4294 quod
2515 4209 2978 4276 Cassiodorus⁵

869 4307 1073 4374 dicit:
1125 4312 1165 4340 “
1185 4305 1433 4374 Sancta
1469 4306 1806 4389 divinitas,
1841 4309 2107 4399 quando
2151 4315 2470 4380 creaturae
2515 4335 2652 4380 suae
2683 4313 2976 4382 diversas

935 4643 948 4675 ¹
974 4645 1181 4712 inserui]
1222 4646 1363 4711 Opus
1386 4645 1569 4712 Maiae,
1594 4663 1642 4711 p.
1670 4653 1782 4699 130.
2033 4652 2050 4680 ⁴
2071 4652 2191 4702 sciri
2211 4653 2261 4702 in
2283 4653 2498 4705 scientiis
2519 4655 2590 4723 et]
2629 4671 2726 4709 om.
2751 4656 2814 4708 Τ.
2838 4657 2901 4708 Β.

928 4723 1121 4791 ’fiantJ
1160 4726 1335 4788 sciant,
1356 4727 1421 4778 B.
2032 4731 2051 4760 ⁵
2079 4731 2424 4799 Cassiodorus]
2476 4733 2559 4786 De
2595 4735 2824 4800 Artibus,
2863 4753 2970 4804 cap.

930 4805 951 4834 ⁸
970 4805 1166 4870 vestris]
1204 4807 1401 4866 nostris,
1422 4805 1484 4854 Β.
1966 4811 2033 4860 vi.
