3517 5750
569 831 732 920 m]
1361 847 1536 899 orus
1578 847 1897 900 run-rim
2599 840 2681 906 41

571 1019 830 1098 facere3
897 1023 969 1084 et
1011 1019 1104 1084 sic
1147 1017 1230 1082 de
1275 1017 1572 1084 infinitis,
1663 1018 1831 1086 Haec
1878 1018 2087 1108 igitur
2114 1020 2391 1088 scientia·
2442 1020 2687 1108 duplex

571 1119 868 1188 alkimiae
926 1119 1272 1208 ignoratur
1308 1119 1396 1186 ab
1455 1118 1763 1186 omnibus
1820 1121 1997 1204 fere3
2070 1145 2229 1188 nam
2287 1122 2444 1190 licet
2489 1123 2686 1189 multi

573 1245 695 1312 per
745 1222 1070 1288 mundum
1111 1221 1416 1288 laborent
1469 1227 1552 1288 ut
1608 1221 1857 1295 faciant
1920 1224 2207 1306 metalla,
2268 1229 2339 1292 et
2390 1226 2653 1307 colores,
2666 1225 2685 1263 ¹

569 1331 642 1394 et
684 1325 836 1406 alia,
869 1329 1098 1392 tamen
1139 1323 1516 1412 paucissimi
1560 1324 1780 1390 sciunt
1821 1326 2145 1393 veraciter
2187 1327 2399 1394 facere
2442 1329 2687 1395 colores

575 1434 648 1495 et
727 1427 1022 1506 utiliter3
1107 1431 1179 1492 et
1249 1425 1388 1492 fere
1477 1425 1700 1520 nullus
1774 1427 1899 1494 scit
1978 1427 2187 1496 facere
2260 1428 2546 1509 metalla,
2618 1435 2689 1496 et

577 1530 914 1617 pauciores
985 1531 1144 1594 sunt
1217 1527 1334 1613 qui
1397 1527 1610 1594 sciant
1681 1527 1893 1596 facero
1959 1551 2171 1617 opera,
2235 1551 2384 1616 quae
2459 1530 2689 1597 valent

581 1632 667 1698 ad
732 1629 1296 1718 prolongationem
1370 1629 1548 1696 vitae.
1664 1629 1756 1696 Et
1824 1630 2029 1696 etiam
2087 1631 2281 1717 pauci
2355 1637 2515 1697 sunt
2573 1633 2690 1718 qui

579 1732 792 1800 sciant
853 1730 1174 1797 distillare
1247 1731 1436 1811 bene,
1514 1734 1584 1797 et
1645 1730 2013 1812 sublimare,
2066 1737 2137 1798 et
2210 1732 2547 1815 calcinate,
2610 1740 2681 1802 et

579 1834 918 1915 resolvere,
977 1837 1050 1899 et
1119 1832 1496 1920 hujusmodi
1557 1853 1758 1919 opera
1817 1834 1986 1900 artis
2051 1833 2278 1913 facere,
2352 1857 2471 1922 per
2542 1858 2691 1922 quae

581 1957 806 2003 omnes
870 1957 974 2002 res
1030 1935 1416 2002 inanimatae
1465 1934 1927 2016 certificantur,
1972 1941 2043 2002 et
2084 1957 2202 2023 per
2244 1957 2393 2022 quave
2452 1937 2690 2004 certifi-

583 2043 817 2104 cantur
862 2036 1140 2103 alkimia
1181 2035 1604 2123 speculativa,
1650 2039 1722 2101 et
1765 2036 2089 2104 naturalis
2146 2037 2575 2126 philosophia,
2621 2043 2692 2106 et

585 2139 926 2206 medicina.

675 2239 936 2306 Deinde
984 2260 1122 2305 non
1179 2245 1340 2306 sunt
1397 2242 1534 2306 tres
1594 2239 1775 2306 inter
1818 2239 2114 2322 Latinos,
2175 2241 2295 2328 qui
2360 2241 2689 2310 dederunt
2713 2263 2857 2332 very
2875 2265 2975 2316 sev

581 2365 654 2409 se
682 2343 770 2409 ad
812 2343 952 2421 hoc,
995 2347 1078 2408 ut
1119 2341 1363 2407 scirent
1406 2340 1748 2406 alkimiam
1794 2341 2281 2428 speculativam,
2334 2345 2689 2412 secundum
2710 2332 3001 2464 2223?

582 2445 762 2532 quod
849 2443 1002 2509 sciri
1073 2448 1310 2529 potest,
1377 2443 1520 2508 sine
1586 2443 1894 2530 operibus
1982 2443 2275 2511 alkimiae
2346 2446 2647 2534 practicae
2670 2463 2772 2530 301·
2785 2464 2923 2515 the-e

583 2547 830 2613 scilicet
871 2543 1229 2610 secundum
1267 2543 1445 2629 quod
1471 2542 1630 2611 libri
1668 2548 1742 2610 et
1771 2549 2067 2612 auctores
2110 2545 2364 2627 docent,
2408 2549 2524 2633 qui
2568 2547 2689 2615 hoc
2710 2530 2983 2662 31)ξῇᾗὲ

583 2648 1031 2735 probaverunt
1073 2667 1190 2732 per
1250 2666 1462 2732 opera.
1552 2645 1748 2713 Unus
1814 2645 1989 2712 solus
2050 2653 2151 2714 est
2193 2648 2311 2735 qui
2353 2653 2575 2736 potest
2616 2649 2689 2716 in
2712 2669 2765 2712 to
2797 2678 3021 2714 commu-

585 2750 728 2830 hoc,
771 2752 840 2815 et
883 2747 1314 2836 peritissimus
1343 2752 1444 2813 est
1486 2747 1560 2812 in
1603 2747 1753 2814 istis
1797 2747 2119 2816 omnibus,
2212 2749 2305 2816 Et
2346 2749 2505 2836 quia
2546 2755 2687 2818 tam
2710 2728 3027 2864 ξιξξῗίῖζέζ*

587 2851 782 2940 pauci
824 2851 1044 2917 sciunt
1073 2849 1234 2931 haec,
1263 2848 1414 2915 ideo
1441 2871 1578 2917 non
1595 2849 1963 2939 dignantur
2005 2873 2049 2917 a
2062 2850 2175 2919 liis
2202 2854 2687 2922 communicare

587 2977 708 3021 nec
748 2976 898 3021 cum
941 2952 1090 3018 aliis
1141 2973 1314 3019 esse:
1363 2952 1522 3037 quia
1564 2952 1730 3018 alios
1773 2951 2073 3019 homines
2115 2960 2429 3042 reputant
2471 2955 2690 3022 asinos

587 3062 660 3124 et
699 3056 981 3136 insanos,
1052 3054 1170 3140 qui
1212 3058 1452 3119 vacant
1517 3053 2051 3123 cavillationibus
2114 3056 2286 3143 juris
2331 3062 2401 3124 et
2442 3058 2691 3145 sophis-

587 3157 882 3225 matibus
922 3156 1321 3236 artistarum,
1352 3176 1502 3241 quae
1548 3155 2053 3249 defoedaverunt
2080 3158 2578 3247 philosophiam,
2626 3164 2697 3225 et

588 3260 1000 3340 medicina-m,
1063 3263 1134 3324 et
1191 3256 1609 3344 theologiam.
1705 3256 1799 3323 Et
1872 3280 2097 3345 opera,
2142 3259 2334 3326 istius
2407 3260 2698 3327 scientiae

589 3367 746 3429 sunt
789 3358 1098 3438 difficilia,
1130 3364 1200 3425 et
1226 3358 1672 3424 maximarum
1724 3380 2180 3446 expensarum,
2225 3364 2495 3447 propter
2538 3382 2701 3445 quas

588 3466 790 3532 etiam
833 3462 954 3543 illi,
1000 3460 1118 3549 qui
1161 3460 1328 3527 bene
1373 3461 1591 3526 sciunt
1633 3464 1845 3525 artem
1891 3460 2220 3546 operandi,
2266 3481 2398 3525 non
2428 3467 2702 3548 possunt

590 3565 888 3653 operari3
952 3568 1022 3631 et
1067 3561 1226 3630 libri
1287 3563 1484 3649 hujus
1557 3562 1851 3629 scientiae
1894 3560 1988 3627 sic
2048 3560 2477 3641 occultantur,
2525 3563 2701 3649 quod

593 3667 718 3734 vix
781 3670 998 3752 potest
1053 3664 1250 3731 homo
1294 3663 1596 3730 invenire
1663 3684 1793 3744 eos,
1840 3685 1989 3729 cum
2034 3668 2261 3730 tamen
2302 3664 2441 3730 sint
2483 3664 2703 3752 plures

593 3788 796 3857 quam
867 3765 940 3832 in
1003 3766 1136 3833 alia
1195 3766 1530 3847 facultate,
1601 3766 1718 3852 qui
1784 3766 1987 3832 etiam
2053 3770 2325 3854 propter
2391 3766 2697 3834 multitu-

594 3871 820 3937 dinem
912 3868 1107 3935 multi
1205 3872 1596 3934 constarent.
1734 3866 2013 3935 Radices
2096 3874 2321 3935 autem
2414 3868 2703 3937 alkimiae
2818 3866 2833 3877 ’

591 3970 1014 4062 speculativae
1128 3990 1249 4058 ego
1345 3969 1534 4057 posui
1649 3968 2007 4037 secundum
2118 3970 2701 4039 considerationem

592 4076 968 4155 Avicennae‚
1043 4072 1368 4160 praecipue
1443 4072 1516 4137 in
1589 4072 1995 4158 expositione
2061 4074 2309 4159 peccati
2382 4076 2556 4141 sexti
2628 4074 2703 4139 in

593 4177 833 4245 Studio
876 4174 1276 4262 theologiae.²
1336 4172 1516 4239 Nam
1562 4172 1659 4238 ibi
1687 4173 1879 4239 texui
1926 4178 2140 4240 totam
2183 4196 2403 4241 rerum
2432 4198 2700 4263 genera.-

592 4280 843 4345 tionem
911 4300 998 4344 ex
1064 4275 1422 4357 elementis,
1469 4278 1540 4340 et
1589 4280 1863 4342 conatus
1929 4296 2075 4342 sum
2135 4276 2491 4343 certificare
2552 4300 2701 4343 cum

594 4402 838 4469 magna,
903 4378 1250 4467 diligentia.
1315 4376 1626 4463 quicquid
1670 4381 1929 4465 oportet
1994 4378 2090 4444 ibi
2152 4378 2300 4443 sciri
2343 4378 2701 4444 secundum

705 4736 790 4785 ‘et
809 4732 1013 4801 colom]
1051 4750 1149 4786 om.
1182 4735 1245 4788 Τ.
1664 4732 1677 4802 Ι
1771 4737 1793 4767 ²
1824 4733 1889 4785 In
1910 4734 1995 4785 the
2018 4735 2160 4798 Opus
2183 4732 2369 4784 Minus.
