3517 5750
798 866 829 929 1
846 865 927 927 18
1542 876 1801 931 soom
1847 875 2154 929 memus.
2723 864 2897 951 [cn.

1560 1160 1724 1229 Off.
1777 1160 2140 1231 XXXVII.

467 1378 580 1429 The
601 1377 760 1444 appu-
892 1344 1175 1411 DEINDE
1203 1345 1429 1430 postea
1456 1342 1713 1431 applico
1738 1341 1758 1379 ¹
1807 1342 1928 1409 has
1972 1342 2218 1409 radices
2256 1343 2598 1431 sapientiae
2647 1364 2904 1431 geome-

463 1448 715 1565 ‹tffiiossgf
800 1448 985 1519 tricae
1034 1446 1121 1511 ad
1164 1466 1268 1510 res
1310 1445 1501 1511 istius
1541 1444 1800 1561 mundi,
1849 1446 2174 1531 quomodo
2215 1445 2288 1517 in
2343 1444 2714 1516 coelestibus
2763 1468 2907 1563 cur-

468 1532 611 1633 vioulss
633 1599 712 1634 re-
802 1554 963 1617 runt
1009 1548 1082 1613 h1
1112 1570 1391 1615 canones
1429 1552 1782 1616 actionum.
1875 1548 2064 1613 Inter
2105 1570 2256 1635 quae
2300 1568 2480 1617 nunc
2525 1569 2908 1617 memoriam

465 1650 639 1699 marks
660 1657 714 1699 t0
802 1652 970 1717 facio
1015 1652 1099 1719 de
1142 1650 1512 1739 aliquibus:
1578 1648 1846 1730 scilicet,
1893 1650 2071 1735 quod
2139 1650 2316 1717 orbis
2376 1650 2550 1735 ignis
2611 1672 2748 1719 non
2809 1654 2910 1717 est

466 1716 781 1849 {peblgffiggn-
804 1753 1061 1821 lucidus
1132 1753 1207 1822 in
1283 1754 1539 1839 sphaera
1614 1774 1751 1829 sua,
1813 1751 1930 1817 sed
1989 1772 2108 1819 nec
2168 1752 2358 1819 orbes
2417 1752 2728 1833 coelesteS,
2781 1752 2912 1819 nisi

804 1857 877 1921 in
928 1854 1087 1921 locis
1128 1854 1511 1934 stellarum3
1558 1854 1715 1941 quia.
1770 1875 1964 1919 omne
2013 1853 2306 1923 lucidum
2349 1859 2452 1921 est
2499 1855 2772 1923 densum
2823 1855 2912 1921 ad

806 1957 983 2045 quod
1040 1957 1223 2023 visus
1282 1956 1725 2035 terminatum
1770 1961 1839 2022 et
1907 1956 2020 2023 isti
2069 1956 2256 2021 orbes
2318 1960 2478 2023 sunt
2537 1957 2688 2034 rari,
2751 1978 2913 2043 quos

804 2061 988 2125 visus
1028 2061 1346 2146 penetrat.
1440 2059 1638 2124 Unde
1699 2057 1873 2143 ignis
1927 2057 2009 2123 de
2055 2080 2174 2123 sua
2225 2064 2468 2125 natura
2506 2058 2722 2145 prima
2777 2080 2912 2123 non

806 2164 998 2242 lucet,
1050 2168 1131 2229 ut
1182 2160 1547 2229 aestimatur
1598 2182 1641 2225 a
1679 2160 1926 2247 vulg03
1970 2164 2172 2247 atque
2229 2182 2380 2225 cum
2438 2160 2614 2227 idem
2672 2161 2913 2247 vulgus

807 2260 1409 2353 philosophantium
1470 2268 1539 2329 et
1585 2260 2050 2349 theologorum
2097 2262 2280 2333 dicat
2325 2262 2504 2349 quod
2548 2262 2742 2330 stella
2779 2284 2914 2335 uon

811 2366 1072 2435 differt⁹
1126 2365 1209 2434 ab
1271 2365 1449 2447 orbe,
1510 2364 1639 2431 nisi
1700 2384 1818 2450 per
1878 2364 2194 2451 majorem
2252 2364 2788 2453 aggregationem
2847 2368 2918 2429 et

810 2469 1133 2535 minorem
1190 2467 1371 2547 lucis,
1431 2465 1671 2535 falsum
1732 2469 1850 2545 est,
1925 2465 2080 2551 quia
2139 2465 2280 2531 sola.
2335 2466 2532 2534 stella.
2586 2466 2778 2546 lucet¹
2837 2469 2916 2532 ut

812 2569 1031 2661 probo,
1121 2568 1213 2635 Et
1292 2574 1516 2637 tamen
1583 2566 1914 2635 Platonici
1986 2571 2056 2635 et
2114 2566 2534 2655 Augustinus
2607 2568 2918 2637 videntur

814 2694 1055 2759 sapere,
1130 2675 1200 2737 et
1256 2669 1473 2747 multi,
1536 2670 1713 2755 quod
1777 2668 2016 2735 coelum
2069 2674 2141 2735 et
2210 2670 2420 2737 stellae
2490 2675 2650 2737 sunt
2705 2671 2920 2757 igneae

814 2778 1090 2872 naturae?
1134 2776 1204 2840 et
1249 2773 1425 2858 quod
1467 2772 1725 2858 sphaera
1771 2771 1946 2858 ignis
1988 2770 2360 2841 revolutum
2407 2773 2718 2859 sphaerico
2761 2772 2920 2839 facit

814 2878 1069 2957 coelum,
1114 2880 1195 2940 ut
1225 2875 1549 2964 Magister
1592 2875 1665 2941 in
1704 2872 2026 2941 Historiis
2071 2881 2140 2944 et
2183 2875 2300 2943 alii
2342 2877 2634 2944 recitant.
2728 2875 2921 2946 Istud

814 2979 985 3047 nihil
1024 2982 1165 3060 est3
1208 2999 1365 3044 nam
1410 2999 1527 3064 per
1555 2976 1906 3044 fractiones
1951 2977 2286 3048 radiorum
2329 2979 2402 3042 in
2449 2979 2705 3066 sphaera
2746 2979 2920 3066 ignis

814 3086 1003 3170 patet
1063 3080 1239 3168 quod
1298 3080 1387 3144 sit
1439 3079 1710 3146 alterius
1764 3086 2024 3147 naturae
2065 3085 2136 3146 et
2175 3079 2360 3148 aliud
2388 3102 2620 3166 corpus
2647 3103 2690 3150 a.
2733 3081 2916 3148 coe10.

816 3183 911 3251 Et
954 3205 1072 3270 per
1147 3183 1287 3259 hoc,
1349 3182 1526 3269 quod
1590 3180 1827 3249 finctio
1894 3182 1974 3248 fit
2036 3182 2215 3248 inter
2277 3181 2602 3250 incessum
2669 3188 2920 3251 rectum

816 3291 887 3354 et
960 3283 1563 3374 perpendicularem
1646 3285 1918 3350 ductam
1989 3305 2030 3350 a
2104 3283 2246 3350 loco
2319 3285 2672 3364 flectionis,
2733 3290 2922 3374 patet

818 3390 995 3478 quod
1038 3411 1269 3476 corpus
1298 3386 1474 3476 ignis
1518 3387 1608 3452 sit
1652 3386 1918 3452 densius
1962 3407 2162 3472 quam
2192 3387 2450 3456 coelum.
2543 3387 2638 3458 Et.
2677 3388 2920 3456 instru-

816 3498 1045 3564 menta.
1086 3491 1437 3569 radiorum,
1484 3511 1635 3576 quae
1678 3489 1854 3555 fiunt
1897 3489 1984 3554 ad
2029 3487 2172 3569 hoc,
2222 3489 2460 3556 docent
2506 3490 2708 3571 istud,
2753 3491 2923 3558 sicut

817 3596 1096 3683 ipsemet
1139 3592 1431 3681 probavi.

481 3742 656 3793 Baoon
910 3697 1002 3762 Et
1046 3717 1195 3762 cum
1240 3695 1475 3760 dicunt
1516 3712 1741 3760 omnes
1793 3691 1968 3776 quod
2014 3691 2152 3771 luiz,
2210 3715 2360 3778 quae
2412 3717 2454 3760 a
2499 3694 2662 3764 luna
2718 3695 2924 3772 venit,

482 3809 657 3860 thinks
821 3797 911 3864 sit
974 3797 1097 3862 lux
1158 3796 1313 3860 solis
1370 3795 1616 3861 reflexa
1676 3816 1719 3857 a.
1781 3791 2121 3880 superficie
2201 3794 2393 3872 lunae,
2459 3801 2728 3886 propter
2803 3797 2926 3864 hoc

482 3877 701 4008 ἷξζξξῗ
712 3954 797 4004 the
822 3898 999 3986 quod
1043 3898 1284 3967 dicitur
1328 3896 1400 3962 in
1445 3895 1613 3962 libro
1667 3895 1772 3962 De
1801 3894 2362 3982 Proprietatibus³
2409 3898 2920 3979 Elementorum,

485 4026 638 4060 moon
659 4035 763 4072 „m
824 4001 1001 4088 quod
1063 4000 1160 4067 sol
1221 4001 1323 4064 est
1384 3999 1553 4064 sicut
1620 3997 1892 4064 candela
1958 4003 2028 4064 et
2091 3999 2257 4067 luna.
2327 4001 2500 4068 sicut
2571 4002 2924 4088 speculum,

486 4086 779 4211 ἓξὲξ-ὠ
826 4101 1215 4184 ostenditur,
1287 4122 1405 4187 per
1469 4099 1918 4187 aequalitatem
1970 4103 2362 4188 angulorum
2412 4103 2794 4175 incidentiae
2859 4110 2929 4170 et

486 4221 611 4272 tion.
826 4204 1221 4286 reflexionis‚
1268 4203 1444 4288 quod
1488 4201 1610 4270 lux
1652 4201 1770 4272 illa
1814 4223 1948 4268 non
2008 4209 2109 4270 est
2167 4204 2427 4286 reflexa,
2488 4205 2605 4274 sed
2666 4206 2930 4293 propria

830 4308 951 4373 lux
994 4308 1189 4388 lunae,
1222 4326 1371 4392 quae
1416 4311 1641 4371 tamen
1686 4325 1804 4391 per
1845 4305 2166 4374 virtutem
2211 4306 2366 4372 solis
2411 4309 2650 4374 educta
2694 4316 2797 4374 est
2855 4309 2930 4373 in

828 4431 1091 4498 corpore
1180 4408 1357 4475 lunae
1446 4407 1530 4473 de
1616 4405 1920 4494 potentia
2009 4408 2326 4475 materiae.
2451 4411 2542 4476 Et
2615 4411 2756 4478 haec
2829 4415 2930 4476 est

905 4693 921 4724 ¹
938 4689 1159 4756 applico]
1232 4691 1375 4756 Opus
1421 4689 1607 4758 Hujus,
1649 4704 1697 4755 p.
1746 4688 1824 4738 76.
2001 4688 2022 4718 ⁸
2042 4685 2559 4757 DeProprmoebm]
2587 4689 2686 4743 See
2704 4689 2931 4744 Vincen-

898 4771 919 4800 2
936 4770 1131 4842 differt]
1168 4770 1381 4832 diffusa
1393 4771 1455 4824 Τ.
1933 4769 2034 4821 tius
2053 4767 2412 4836 Bellmnsin.
2437 4771 2583 4840 Spec-
2605 4771 2726 4826 Nat.
2747 4777 2836 4826 xit.
2852 4778 2900 4823 9.
