3517 5750
908 824 1039 889 :368
1664 836 1924 887 nocem
1965 834 2258 887 moerus

906 1008 1319 1096 ignorabitur
1364 1009 1675 1095 quicquid
1720 1014 1824 1076 est
1885 1010 2008 1075 sub
2053 1010 2240 1075 coelo.
2333 1010 2500 1075 Dico
2559 1010 2772 1095 igitur
2828 1008 3004 1095 quod

906 1113 963 1177 si
1006 1110 1331 1177 elementa
1376 1112 1870 1177 considerentur
1913 1112 2270 1177 secundm
2313 1110 2678 1197 subjectam
2721 1132 2906 1177 suam
2935 1115 3008 1175 et

906 1212 1371 1298 quantitatem,
1416 1218 1487 1277 ct
1528 1213 1811 1299 pondus,
1855 1218 1924 1279 et
1987 1214 2346 1279 secundmn
2411 1218 2724 1278 naturam
2779 1205 3004 1299 'gravis

904 1321 975 1379 et
1018 1314 1199 1394 levis,
1244 1336 1393 1399 quae
1436 1314 1659 1380 omnia
1726 1314 1836 1379 hic
1899 1336 2020 1401 pro
2063 1315 2294 1381 eodem
2355 1315 2784 1401 accipiuntur,
2841 1318 3002 1379 tunc

902 1416 1303 1503 impossibile
1346 1422 1449 1481 est
1492 1416 1670 1501 quod
1712 1416 1838 1481 fiat
1875 1416 2259 1502 aequalitas3
2321 1438 2478 1481 nam
2523 1420 2786 1503 oportet
2825 1416 2998 1500 quod

902 1518 975 1581 in
1050 1518 1357 1583 omnibus
1428 1518 1808 1584 dominetur
1880 1540 2089 1583 unum
2175 1518 2592 1598 elementum,
2645 1516 2996 1583 secundum

904 1619 1023 1685 has
1068 1620 1231 1685 duas
1276 1620 1457 1701 vias;
1502 1620 1659 1706 quia
1704 1618 2096 1685 Aristoteles
2141 1620 2214 1684 in
2257 1618 2490 1706 quinto
2523 1618 3002 1706 Metaphysico-

904 1742 1051 1787 rum
1084 1722 1264 1801 dicit,
1294 1722 1469 1807 quod
1500 1722 1936 1808 compositum
1967 1726 2068 1787 est
2111 1742 2197 1785 ex
2241 1742 2377 1786 uno
2419 1722 2742 1786 elemento
2771 1720 2996 1804 majus,

904 1828 975 1887 et
1030 1844 1117 1887 ex
1160 1823 1291 1889 alio
1334 1822 1599 1903 minus3
1662 1830 1731 1888 et
1777 1822 1976 1909 hujus
2019 1844 2282 1887 causam
2327 1822 2492 1889 dicit
2549 1824 2624 1887 in
2685 1823 3000 1909 principio

906 1924 1075 1989 Coeli
1120 1929 1189 1990 et
1236 1924 1489 2003 Mundi,
1521 1924 1699 2010 quod
1743 1946 1938 1989 omne
1981 1924 2270 1990 mixtum
2297 1928 2604 1989 movetur
2643 1924 2997 1989 secundum

906 2030 1215 2091 naturam
1258 2024 1566 2091 elementi
1612 2024 2016 2091 dominantis
2079 2026 2152 2089 in
2219 2025 2374 2111 ipso,
2491 2024 2668 2091 Nam
2727 2024 2833 2090 vel
2890 2025 3000 2090 de-

904 2127 1157 2193 scendit
1208 2126 1481 2193 inferius
1524 2148 1645 2213 per
1686 2132 1998 2193 naturam
2071 2127 2309 2213 gravis,
2355 2127 2463 2191 vel
2525 2126 2820 2191 ascendit
2883 2146 2998 2212 per

902 2232 1207 2293 naturam
1264 2228 1485 2308 levis;
1552 2232 1623 2293 et
1696 2228 1846 2292 ideo
1917 2228 2271 2294 secundum
2348 2227 2518 2293 hanc
2575 2228 2754 2293 viam
2818 2226 2997 2291 nullo

903 2330 1097 2395 modo
1142 2335 1359 2415 potest
1402 2350 1539 2395 esse
1582 2330 1944 2414 aequalitas.
2037 2328 2130 2394 Et
2173 2329 2371 2414 hujus
2433 2330 2605 2395 ratio
2681 2334 2784 2393 est
2843 2328 2998 2413 quia

902 2430 961 2495 si
1003 2436 1271 2497 tantum
1316 2434 1485 2496 esset
1530 2430 1603 2495 in
1650 2430 1866 2495 mixto
1913 2431 1993 2495 de
2037 2435 2282 2495 natura
2309 2431 2530 2516 gravis
2563 2434 2886 2515 quantum
2915 2428 2996 2493 de

902 2536 1143 2597 natura
1214 2532 1397 2609 levis,
1450 2536 1612 2597 tunc
1685 2552 1821 2596 non
1895 2531 2276 2598 ascenderet
2347 2536 2616 2619 propter
2687 2538 2992 2596 naturam

900 2634 1139 2717 gravis,
1213 2652 1333 2699 nec
1406 2632 1826 2698 descenderet
1899 2636 2168 2719 propter
2249 2638 2555 2697 naturam
2629 2632 2812 2709 levia
2877 2654 2996 2697 nec

900 2734 1263 2817 quiesceret
1334 2734 1409 2799 in
1482 2734 1623 2799 loco
1714 2735 2188 2799 elementorum
2263 2734 2523 2819 aliqu03
2635 2734 2793 2820 quia
2865 2755 2996 2820 qua

899 2832 1157 2900 ratione
1200 2834 1271 2899 in
1318 2855 1451 2900 uno
1496 2840 1567 2900 et
1611 2836 1757 2916 alio,
1823 2834 2114 2924 propter'
2139 2836 2587 2922 aequalitatem
2647 2837 2868 2923 gravis
2927 2840 2996 2902 et

898 2935 1065 3000 levis
1093 2959 1109 3016 3
1154 2957 1307 3022 ergo
1352 2957 1471 3002 nec
1514 2943 1822 3002 movetur
1864 2959 1987 3003 nec
2030 2938 2322 3024 quiescit,
2353 2938 2530 3024 quod
2559 2944 2660 3003 cst
2701 2939 2996 3024 impossi-

900 3035 1047 3102 bile.
1146 3035 1427 3122 Oportet
1490 3037 1698 3124 igitur
1763 3039 1942 3124 quod
2009 3039 2346 3126 quodlibet
2411 3041 2691 3106 mixtum
2754 3040 2997 3104 habeat

899 3139 1049 3223 plus
1078 3139 1159 3204 de
1206 3160 1337 3204 uno
1366 3139 1689 3207 elemento
1735 3161 1934 3227 quam
1965 3141 2050 3207 de
2093 3141 2242 3220 alio,
2271 3142 2418 3229 plus
2465 3142 2607 3208 dico
2637 3142 2994 3207 secundum

900 3241 1359 3322 substantiam,
1424 3247 1495 3308 et
1554 3243 2015 3328 quantitatem,
2063 3249 2134 3309 et
2176 3243 2452 3331 pondus,
2498 3250 2568 3310 et
2639 3243 2994 3309 secundum

899 3349 1209 3408 naturam
1298 3344 1519 3431 gravis
1582 3349 1651 3411 et
1718 3343 1900 3410 levia
2029 3344 2162 3410 Sed
2231 3345 2354 3410 hoe
2427 3345 2824 3412 elementum
2883 3345 2995 3409 do-

900 3446 1162 3510 minans
1206 3449 1287 3510 ut
1328 3446 1403 3510 in
1465 3444 1765 3531 pluribus
1827 3450 1929 3510 est
1997 3449 2191 3524 terra,
2239 3447 2312 3512 in
2377 3447 2606 3513 multis
2671 3469 2858 3532 aqua,
2919 3447 2990 3510 in

900 3546 1232 3632 aliquibus
1275 3552 1407 3627 aer,
1440 3551 1511 3612 et
1540 3547 1614 3612 in
1642 3547 2038 3632 quibusdam
2070 3547 2255 3634 ignis.
2348 3549 2523 3614 Nam
2551 3549 2625 3614 in
2669 3549 2801 3613 illis
2843 3569 2992 3633 quae

898 3653 1141 3734 petunt
1184 3654 1433 3714 terram
1478 3647 1603 3712 sub
1667 3669 1842 3733 aqua
1907 3653 2010 3713 est
2069 3654 2248 3714 terra
2305 3671 2424 3736 per
2483 3649 2868 3730 dominium,
2913 3655 2992 3714 ut

898 3749 1150 3834 lapides
1194 3754 1265 3814 et
1309 3747 1687 3833 hujusmodi
1714 3773 1731 3828 ;
1778 3749 1852 3813 in
1897 3749 2000 3814 his
2043 3771 2192 3835 quae
2237 3749 2453 3816 locum
2509 3773 2700 3837 aquae.
2759 3755 2992 3816 tenent

898 3855 1000 3912 est
1044 3870 1219 3932 aqua
1262 3870 1377 3934 per
1422 3849 1804 3930 dominium,
1851 3856 1932 3916 ut
1983 3851 2054 3915 in
2085 3851 2244 3918 vino
2273 3859 2344 3918 et
2373 3853 2556 3919 lacte.
2629 3853 2796 3933 Quae
2834 3873 2992 3918 vero

898 3954 1333 4034 supernatant
1376 3971 1618 4035 aquam
1662 3951 1912 4019 habent
1955 3959 2174 4018 aerem
2219 3955 2576 4020 secundum
2605 3954 2989 4031 dominium,

894 4054 974 4114 ut
1018 4049 1091 4114 in
1134 4049 1277 4116 oleo
1318 4056 1389 4116 et
1432 4050 1631 4138 lignis
1674 4075 1914 4139 aquam
1959 4057 2556 4141 supernatantibus.
2627 4056 2796 4137 Quae
2831 4077 2992 4121 vero

897 4151 1261 4216 ascendunt
1334 4153 1631 4240 superius
1698 4155 1772 4218 in
1845 4162 2010 4236 aere,
2071 4163 2153 4223 ut
2225 4157 2490 4224 flamma
2551 4165 2621 4225 et
2715 4179 2990 4245 vapores

896 4251 1216 4330 ardentes,
1252 4252 1531 4326 ,habent
1602 4262 1910 4324 naturam
1985 4259 2159 4345 ignis
2219 4280 2338 4345 per
2409 4259 2778 4325 dominium
2815 4285 2831 4341 3
2919 4267 2990 4325 et

894 4355 1285 4440 generaliter
1330 4358 1826 4443 evaporationes
1863 4358 2058 4426 factae
2105 4382 2220 4446 per
2263 4361 2548 4426 calidum
2593 4363 2666 4426 in
2711 4364 2992 4449 corpori-

894 4457 1017 4522 bus
1079 4479 1195 4523 seu
1256 4459 1567 4524 animatis
1634 4481 1751 4525 seu
1813 4461 2214 4540 inanima-tis,
2275 4485 2430 4526 nam
2493 4463 2728 4530 levitas
2791 4466 2988 4552 ignea

893 4557 1271 4624 dominatur
1343 4559 1415 4626 in
1478 4562 1788 4628 omnibus
1854 4567 1924 4628 et
1985 4563 2344 4630 secundum
2411 4566 2856 4651 quantitatem
2917 4571 2986 4631 et

886 4659 1265 4746 subjectam.
