3517 5750
523 914 652 1001 m]
1333 929 1688 981 Aprunmx
1737 933 1778 981 1.
2489 922 2618 982 545

521 1125 744 1168 rarum
803 1103 1048 1168 diversi
1105 1103 1372 1188 generis.
1481 1103 1658 1167 Nam
1716 1105 1808 1168 sie
1870 1102 2143 1168 Ethious
2210 1109 2619 1169 astronomus

521 1225 706 1270 suam
769 1201 1126 1270 occultavit
1180 1203 1590 1290 sapientiam,
1655 1225 1731 1269 eo
1792 1202 1969 1290 quod
2028 1203 2237 1269 literis
2298 1204 2615 1283 HebraeiS,

520 1309 590 1370 et
621 1305 881 1382 Graeois,
935 1308 1004 1368 et
1059 1302 1315 1370 Latinis
1375 1323 1522 1369 eam
1581 1305 1967 1390 conseripsit
2026 1306 2097 1369 in
2160 1305 2391 1370 eadam
2452 1308 2617 1374 serie

519 1406 876 1491 seripturae.
943 1403 1196 1484 Quinto
1237 1404 1656 1470 occultabant
1704 1405 1975 1492 quidam
2023 1426 2139 1492 per
2168 1407 2329 1472 alias
2373 1407 2615 1490 literas,

518 1507 690 1571 siout
728 1527 850 1572 nee
892 1505 1068 1592 apud
1113 1510 1380 1592 gentem
1421 1527 1624 1584 suam,
1689 1527 1809 1571 nec
1854 1507 2031 1594 apud
2076 1507 2239 1572 alias
2292 1509 2613 1587 nationes,

517 1606 632 1671 sed
681 1606 946 1693 fingunt
998 1626 1108 1671 eas
1154 1625 1274 1692 pro
1323 1607 1668 1673 voluntate
1720 1629 1886 1686 sua3
1944 1612 2017 1674 et
2074 1608 2197 1674 hoc
2246 1613 2350 1674 est
2409 1611 2617 1674 maxi-

517 1729 700 1772 mum
757 1707 1318 1794 impedimentum,
1375 1729 1504 1794 quo
1565 1729 1720 1773 usus
1780 1713 1883 1774 est
1942 1709 2304 1795 Artephius
2364 1710 2437 1773 in
2496 1731 2613 1774 suo

515 1808 684 1873 libro
747 1807 848 1874 De
908 1809 1190 1876 Secretis
1249 1808 1546 1875 Naturae.
1671 1809 1881 1876 Sexto
1940 1810 2115 1874 fiunt
2174 1831 2309 1874 non
2384 1810 2613 1896 figurae

513 1909 871 1988 literarum,
925 1909 1038 1975 sed
1098 1909 1246 1975 aliae
1296 1910 1524 1996 figurae
1570 1911 2001 1996 geometricae,
2052 1932 2198 1997 quae
2258 1910 2612 1976 secundum

513 2009 964 2077 diversitatem
1024 2016 1412 2097 punctorum
1467 2016 1537 2076 et
1594 2017 1904 2076 notarum
1962 2011 2212 2076 habent
2270 2009 2611 2077 literarum

512 2115 924 2196 potestatem,
969 2115 1038 2176 et
1088 2111 1193 2176 his
1253 2111 1554 2176 similiter
1603 2133 1760 2178 usus
1812 2117 1914 2178 est
1962 2112 2321 2198 Artephius
2368 2113 2441 2176 in
2493 2133 2612 2177 sua

513 2212 795 2278 scientia.
889 2211 1182 2298 Septimo
1224 2217 1324 2276 est
1365 2212 1576 2298 majus
1603 2205 1969 2278 'artificium
2010 2213 2396 2292 occultandi,
2434 2213 2611 2298 quod

513 2312 712 2378 datur
769 2313 842 2378 in
901 2319 1042 2378 arte
1101 2313 1452 2392 notatoria,
1503 2334 1650 2398 quae
1693 2320 1803 2394 ,est
1862 2335 1967 2378 ars
2019 2313 2294 2378 notandi
2340 2317 2409 2378 et
2455 2315 2609 2378 sori-

513 2413 714 2478 bendi
757 2435 834 2479 ea
879 2414 1210 2480 brevitate
1261 2435 1394 2499 qua
1438 2414 1756 2492 volumus,
1806 2419 1876 2479 et
1934 2435 2013 2480 ea
2070 2414 2417 2479 velocitate
2477 2435 2611 2500 qua

513 2515 966 2580 desideramus.
1088 2515 1178 2580 Et
1238 2515 1331 2580 sio
1388 2515 1599 2579 multa
1672 2520 1917 2580 secreta
1990 2514 2235 2600 scripta
2306 2519 2464 2580 sunt
2538 2515 2608 2578 in

512 2615 697 2680 libris
751 2616 1155 2681 Latinorum.
1247 2615 1700 2680 Neoessarium
1745 2635 1905 2681 vero
1956 2614 2283 2681 aestimavi
2334 2615 2453 2678 bas
2504 2635 2607 2680 oc-

513 2716 901 2782 cultationes
971 2721 1283 2803 tangere;
1359 2717 1519 2802 quia
1597 2716 1814 2780 forsan
1884 2722 2153 2802 propter
2215 2721 2607 2780 secretorum

512 2817 1034 2904 magnitudinem
1083 2817 1412 2905 aliquibus
1455 2817 1562 2884 his
1606 2823 1759 2883 utar
1812 2817 2039 2895 modis,
2092 2822 2171 2883 ut
2220 2817 2311 2883 sio
2366 2823 2433 2883 te
2484 2817 2609 2881 sal-

514 2924 648 2985 tem
685 2919 916 3005 juvem
961 2924 1041 2985 ut
1083 2940 1370 3006 possum.

1387 3232 1547 3298 OAP.
1593 3229 1742 3295 IX.¹

761 3432 862 3497 De
903 3430 1104 3497 modo
1133 3428 1458 3516 faciendi
1502 3448 1707 3496 ovum
1743 3426 2319 3514 philosophmwn.

606 3632 788 3697 cho
843 3632 1050 3719 igitur
1109 3631 1238 3697 tibi
1307 3630 1484 3717 quod
1543 3628 1696 3695 volo
1755 3626 2047 3693 ordinari
2106 3650 2253 3714 quae
2312 3629 2610 3713 superius
2635 3642 2746 3693 The
2768 3640 2927 3729 pl’fflo·

512 3734 776 3800 narravi
842 3753 1180 3820 exponere,
1262 3738 1332 3798 et
1395 3732 1543 3797 ideo
1605 3730 1756 3797 volo
1824 3752 2025 3795 ovum
2080 3729 2609 3815 philosophorum
2634 3710 2852 3839 3¹3²„

512 3834 880 3915 dissolvere,
935 3839 1005 3899 et
1065 3838 1284 3919 partes
1337 3831 1765 3919 philosophici
1819 3830 1965 3896 ovi⁹
2010 3830 2423 3917 investigare,
2452 3852 2609 3895 nam

511 3936 632 4002 hoo
661 3941 762 4001 est
790 3935 1058 4001 initium
1101 3934 1188 3999 ad
1216 3932 1362 3999 alia.
1435 3932 1732 3999 Caleem³
1776 3932 1983 4019 igitur
2031 3932 2380 4018 diligenter
2422 3933 2613 4016 aquis

510 4036 714 4101 alkali
742 4039 813 4101 et
855 4035 1004 4100 aliis
1047 4035 1234 4121 aquis
1263 4035 1474 4100 acutis
1536 4033 1825 4119 purifica,
1876 4038 1945 4099 et
1987 4032 2187 4098 variis
2230 4032 2611 4099 contrition-

513 4138 662 4202 ibus
706 4158 855 4202 cum
899 4136 1144 4202 salibus
1189 4134 1486 4212 confi-ica,
1519 4141 1590 4199 et
1632 4134 1933 4221 pluribus
1978 4132 2415 4199 assationibus
2458 4154 2609 4197 eon-

513 4259 744 4320 crema,
797 4243 876 4302 ut
903 4237 1028 4302 fiat
1075 4242 1256 4303 terra
1298 4258 1465 4323 pura
1504 4236 1771 4322 penitus
1834 4233 2113 4301 liberata
2160 4234 2247 4297 ab
2294 4233 2441 4297 aliis
2486 4232 2613 4296 ele-

517 4340 774 4417 mentis,
806 4360 1004 4426 quam
1033 4337 1161 4403 tibi
1207 4358 1326 4423 pro
1371 4358 1534 4403 meae
1563 4335 1999 4422 longitudinis
2054 4338 2313 4400 statura
2341 4333 2609 4417 dignam

578 4644 592 4675 ¹
624 4642 750 4708 Cap.
787 4641 884 4707 in]
933 4644 963 4671 “
987 4640 1050 4691 In
1087 4640 1187 4693 alio
1225 4640 1503 4705 examplari
1674 4642 1694 4671 ⁸
1715 4640 1819 4707 ουί]
1857 4639 2089 4701 hominis,
2126 4640 2239 4691 MS.

511 4722 575 4771 ad
594 4736 754 4786 marg.
777 4740 790 4771 2
828 4718 952 4770 Hoec
973 4727 1089 4770 sunt
1107 4718 1402 4785 attagenam?¹
1549 4652 1566 4787 Ι
1675 4720 1694 4749 ⁸
1721 4718 1942 4784 calcem]
1972 4719 2062 4781 sal,
2086 4718 2143 4769 C.

691 4814 841 4866 voL.
875 4814 918 4865 1.
2192 4812 2247 4861 M
2290 4812 2347 4862 M
