3517 5750
1425 864 1752 916 paemen.
2562 843 2635 906 xi

606 1043 699 1108 In
729 1043 845 1108 the
873 1063 1035 1127 year
1067 1043 1260 1118 1263,
1293 1062 1383 1118 or,
1416 1037 1765 1124 according
1794 1043 1867 1104 to
1911 1036 2148 1116 others,
2186 1037 2377 1112 1264,
2384 1035 2403 1073 ¹
2440 1035 2633 1101 when
2658 1019 2891 1138 Cirefneff

507 1147 630 1214 the
677 1145 1044 1212 dissension
1089 1165 1230 1210 was
1287 1147 1360 1208 at
1401 1142 1518 1208 the
1569 1139 1834 1228 highest
1876 1139 2179 1204 between
2224 1137 2462 1224 Henry
2494 1137 2629 1203 III.
2660 1154 2833 1216 Roget

2658 1221 2851 1272 Bacon.

1028 1367 1118 1374 —--.
1130 1365 2352 1373 ---———————-—-———————-——
2364 1366 2637 1374 --.-

593 1505 610 1535 ¹
633 1504 938 1569 According
991 1513 1046 1555 to
1099 1503 1342 1554 Matthew
1396 1500 1541 1552 Paris
1633 1507 1662 1532 ‘⁶
1696 1507 1828 1568 apud
1850 1503 2140 1568 Radingum
2178 1506 2393 1556 concilio
2430 1507 2639 1557 recitata

525 1590 678 1644 1263,
747 1585 1020 1649 according
1072 1591 1126 1634 to
1187 1582 1432 1632 Matthew
1489 1582 1549 1630 of
1631 1581 1663 1606 “

519 1663 900 1723 westminster,
922 1665 1038 1713 who
1057 1664 1172 1713 tells
1205 1663 1293 1712 the
1327 1669 1467 1726 story
1492 1669 1544 1710 at

521 1751 730 1808 greater
750 1743 942 1807 length,
966 1745 1068 1793 and
1103 1743 1149 1792 is
1187 1757 1328 1791 more
1350 1749 1543 1791 correct

522 1838 594 1872 on
613 1822 722 1871 this
743 1823 991 1882 occasion,
1013 1821 1068 1872 in
1097 1827 1240 1880 1264,
1255 1821 1448 1870 fiimous
1463 1820 1545 1869 for

525 1979 751 2045 original
777 2001 790 2030 :
827 1983 859 2008 ‘⁶
873 1979 1113 2032 Summus
1134 1979 1302 2044 itaque
1317 1979 1545 2042 pontifex

525 2063 560 2088 “
595 2059 840 2109 Urbanus
884 2059 1059 2124 [IV.],
1094 2058 1334 2108 instinctu
1369 2057 1544 2107 stimu-

528 2142 563 2168 “
596 2139 734 2187 latus
767 2139 990 2198 adverso,
1013 2139 1068 2188 in
1105 2146 1296 2202 partem
1341 2137 1548 2188 alteram

532 2219 568 2244 ⁸⁴
603 2217 916 2276 declinando,
962 2219 1186 2266 favorem
1230 2223 1280 2265 et
1324 2215 1548 2265 animum

531 2300 568 2324 ‘⁸
603 2296 858 2345 convertit
895 2297 1160 2346 adversum
1193 2295 1434 2356 Ramnes,
1459 2293 1548 2342 irae

531 2380 566 2405 ‘⁶
601 2381 658 2424 et
693 2375 1054 2439 indignationis
1097 2375 1370 2435 immensoe,
1403 2387 1549 2422 occa-

531 2457 566 2482 “
605 2451 748 2503 sione
779 2455 1086 2518 spoliationis
1124 2453 1348 2519 personis
1389 2453 1548 2502 eccle-

535 2614 572 2640 “
607 2610 812 2670 tivum3
899 2613 1062 2662 fertur
1121 2619 1290 2662 autem
1343 2610 1551 2671 dixisse,

534 2693 574 2720 “
610 2703 730 2739 eum
767 2705 868 2740 non
899 2692 1012 2756 plus
1045 2691 1178 2740 velle
1198 2689 1370 2740 vivere
1403 2705 1554 2754 quam

539 2851 573 2877 ‘⁶
609 2855 662 2899 et
705 2848 925 2914 legatum
969 2848 1156 2901 direxit
1209 2863 1386 2899 versus
1439 2848 1554 2897 An·

541 2930 574 2957 ⁸⁸
609 2928 784 2993 gliam,
805 2928 972 2979 virum
1013 2944 1264 2979 summum
1294 2928 1555 2978 dominum

538 3010 573 3037 ‘⁸
609 3006 814 3059 Sabim
895 3007 1184 3074 episcopum
1227 3008 1556 3067 cardinalem,

539 3089 574 3115 ‘⁸
609 3087 676 3135 ad
720 3086 1116 3137 interdicendum
1158 3095 1342 3137 terram
1387 3094 1436 3137 et
1469 3102 1556 3137 ex·
1627 3088 1680 3114 ·“

541 3169 576 3195 “
612 3166 1086 3217 communicandum
1151 3166 1379 3217 Barones
1445 3180 1558 3230 pro-

545 3248 580 3275 “
616 3244 870 3294 visionum
913 3246 1142 3311 inpresos
1154 3246 1246 3310 (ἲ).
1318 3245 1420 3296 Sed
1443 3260 1560 3295 cum

541 3326 578 3351 ‘⁴
611 3330 799 3373 terram
839 3324 1038 3390 ingredi
1073 3324 1353 3374 resistentia
1387 3328 1560 3373 eorum

545 3405 581 3431 ‘⁴
613 3416 708 3465 pro
739 3402 886 3453 libitu
915 3419 1020 3453 non
1049 3418 1194 3469 posse
1219 3402 1561 3468 persensisset,

545 3486 581 3509 ‘⁶
617 3480 784 3532 citatis
827 3484 992 3546 primo
1025 3482 1288 3543 Ambiani,
1323 3490 1374 3533 et
1417 3490 1555 3547 post-

551 3563 590 3592 “
621 3562 826 3610 modum
847 3562 1111 3623 Bononiae,
1137 3562 1438 3627 quibusdam
1460 3560 1566 3625 epi-

555 3644 592 3669 “
627 3641 792 3705 scopis
829 3644 988 3707 regni,
1012 3650 1064 3693 et
1099 3643 1214 3693 aliis
1253 3642 1566 3707 quibusdam,

557 3724 592 3751 ‘⁴
625 3722 921 3772 sententiam
945 3722 1480 3773 excommunicationis
1519 3728 1570 3772 et

556 3802 590 3831 ⁸⁶
623 3798 994 3851 interdictionis
1082 3816 1230 3867 super
1316 3800 1570 3851 civitatem
1658 3805 1690 3831 ‘⁴

557 3882 592 3907 ⁶⁶
624 3878 902 3929 Londoniae
969 3886 1020 3930 et
1071 3880 1306 3945 Quinque
1369 3881 1570 3939 Portus,

559 3958 595 3987 “
631 3973 830 4007 necnon
905 3966 956 4009 et
1009 3960 1248 4024 quasdam
1333 3974 1573 4023 personas
1659 3963 1693 3989 “

557 4042 594 4069 ‘⁸
625 4039 848 4088 illustres
895 4044 946 4087 et
983 4038 1174 4089 nobiles
1211 4038 1359 4104 regni
1403 4038 1572 4088 fulmi-
1662 4044 1692 4069 ‘⁴

564 4121 598 4149 ‘⁸
635 4126 822 4179 natam,
870 4118 1126 4168 commisit
1185 4120 1572 4183 exsequendam.

563 4202 598 4227 “
631 4200 710 4247 At
741 4196 836 4257 illi,
859 4197 1160 4248 sententiam
1197 4197 1360 4262 ipsam
1401 4205 1577 4248 contra

569 4279 602 4307 ‘⁶
627 4276 882 4341 justitiam
915 4277 1109 4327 illatam
1146 4278 1469 4337 attendentes,
1491 4292 1574 4341 ap·
1665 4282 1696 4306 ‘⁴

567 4359 600 4385 “
633 4356 889 4421 pellas-unt
925 4356 991 4405 ad
1029 4370 1224 4421 papam,
1261 4356 1326 4406 ad
1367 4356 1579 4405 meliora

568 4438 601 4463 ‘⁸
633 4442 872 4499 tempora,
909 4434 993 4484 vel
1031 4437 1094 4485 ad
1133 4436 1366 4500 generale
1407 4435 1576 4485 conci-
1669 4438 1702 4465 “

567 4516 600 4543 ‘⁴
633 4512 778 4573 lium,
801 4528 1000 4563 necnon
1029 4522 1080 4565 et
1119 4529 1404 4578 supremum
1438 4514 1577 4578 jndi—
1669 4520 1700 4545 ‘⁴

566 4596 602 4623 ‘⁸
631 4607 742 4643 cem
765 4592 932 4642 cordis
953 4594 1015 4642 de
1037 4592 1198 4643 causis
1219 4602 1270 4645 et
1301 4594 1578 4644 rationibus
1672 4598 1702 4623 “

569 4676 604 4701 ‘⁸
637 4672 1132 4723 commendabilibus.

1699 1587 1787 1638 est,
1810 1586 1862 1630 et
1882 1583 1946 1629 ab
1968 1581 2213 1644 episcopis
2236 1589 2287 1632 et
2308 1583 2442 1632 clero
2463 1598 2640 1646 appro-

1631 1663 1662 1688 ‘⁴
1693 1661 1813 1709 bata
1857 1667 1907 1709 et
1951 1669 2239 1723 exsequuta.
2308 1661 2638 1712 Interdictum

1632 1743 1663 1766 ‘⁶
1697 1745 1864 1788 autem
1902 1737 2019 1789 licet
2052 1739 2201 1790 inviti
2246 1741 2572 1805 suscipientes
2609 1758 2639 1792 a

1633 1821 1664 1845 ‘⁸
1699 1819 1865 1882 leg-ato
1908 1818 2136 1882 praedicti
2190 1819 2409 1884 episcopi
2466 1837 2637 1871 secum

523 1903 616 1952 the
637 1903 798 1952 battle
818 1903 880 1950 of
908 1902 1098 1952 Lewes.
1164 1901 1194 1950 1
1225 1900 1424 1963 subjoin
1457 1900 1544 1950 the
1634 1897 1666 1922 “

1700 1893 1999 1944 detulerunt.
2070 1894 2171 1945 Sed
2216 1911 2333 1946 cum
2373 1897 2638 1960 applicuis-

1633 1973 1664 2000 “
1701 1979 1813 2022 sent
1832 1973 2089 2030 Dovoriae‚
2124 1975 2367 2024 scrutinio
2400 1991 2465 2026 ex
2504 1991 2644 2026 more

1635 2056 1666 2080 ‘⁴
1699 2053 1750 2102 in
1788 2061 1938 2116 portu
1974 2053 2123 2116 facto,
2146 2055 2476 2118 interceptum
2515 2063 2590 2105 est
2612 2072 2643 2104 a

1638 2134 1669 2160 “
1702 2132 1914 2190 civibuS,
1936 2139 1989 2182 et
2010 2133 2065 2182 in
2087 2133 2325 2183 minutias
2350 2135 2644 2184 dilaniatum

1637 2215 1666 2238 ‘⁴
1694 2211 1916 2274 jactatur
1937 2211 1989 2259 in
2013 2227 2165 2262 mare.
2227 2213 2415 2262 Nuncii
2438 2215 2643 2277 quidam

1639 2291 1672 2317 “
1706 2290 1942 2348 celebres,
1990 2297 2095 2339 tam
2150 2291 2285 2356 regis
2338 2291 2649 2342 Francorum

1639 2373 1670 2398 ‘⁴
1707 2383 1859 2433 quam
1898 2369 2204 2432 Anglorum,
2228 2370 2329 2419 viz.
2372 2372 2429 2421 P.
2473 2370 2649 2420 Came·

1639 2450 1670 2476 “
1705 2447 1883 2506 rarius,
1919 2447 2001 2497 vir
2039 2448 2223 2498 nobilis
2263 2451 2326 2498 de
2354 2449 2579 2511 Francia,
2602 2459 2653 2502 et

534 2535 568 2562 ‘⁸
605 2533 826 2582 siasticis
883 2533 1055 2594 illatae,
1110 2533 1314 2583 trahens
1373 2530 1549 2581 incen-
1641 2531 1672 2557 ‘⁴

1705 2527 1774 2576 H.
1800 2528 1863 2576 de
1886 2527 2205 2588 Alemannis,
2223 2543 2339 2578 cum
2360 2528 2474 2580 aliis
2495 2531 2650 2594 appli-

1639 2609 1670 2636 “
1706 2607 1937 2657 cantibus
1994 2607 2251 2665 Bononiae,
2310 2623 2425 2658 cum
2488 2609 2652 2659 adhuc

1641 2689 1674 2716 “
1707 2687 1937 2752 praedicti
1956 2687 2217 2752 pontifices
2253 2689 2522 2739 extiterent
2556 2690 2651 2739 ibi·

535 2773 572 2800 “
609 2771 746 2834 quod
789 2771 989 2835 Anglos
1032 2770 1376 2835 subjugasset3
1420 2769 1553 2818 unde
1645 2768 1677 2795 “

1712 2768 1841 2826 dem,
1865 2769 1929 2817 ab
1965 2767 2231 2831 oppidanis
2267 2767 2481 2832 pessime
2512 2775 2644 2820 trac-

1644 2847 1676 2875 “
1707 2844 1801 2897 tati
1838 2853 1967 2907 sunt,
1990 2846 2161 2897 multis
2194 2848 2465 2899 vulneratis
2500 2857 2550 2899 et
2587 2850 2653 2899 ad

1645 2929 1678 2955 ‘⁸
1709 2942 1893 2975 novem
1924 2928 1987 2976 de
2010 2926 2199 2991 Anglis
2238 2930 2505 2977 crudeliter
2542 2938 2652 2978 tru-

1647 3007 1681 3034 “
1715 3005 1911 3069 cidatis‚
1954 3022 2049 3057 nec
2094 3008 2409 3058 deferebatur
2438 3008 2647 3057 Franci-

1714 3086 1859 3151 genis
1881 3102 1941 3136 eo
1962 3088 2096 3150 quod
2130 3086 2187 3135 in
2223 3089 2409 3137 ducatu
2446 3095 2497 3137 et
2536 3104 2655 3137 con-

1649 3167 1679 3193 “
1713 3166 1868 3215 ductu
1900 3174 2141 3215 venerant
2173 3166 2653 3219 aliorum.”—-Matt.

1661 3242 1915 3295 West.sub
1939 3260 2019 3295 an.
2050 3250 2193 3295 1264.

1717 3324 1863 3376 With
1884 3324 1987 3375 this
2024 3334 2237 3376 account
2258 3333 2392 3376 must
2422 3328 2486 3377 be
2519 3342 2653 3376 com-

1651 3402 1805 3454 bined
1826 3404 1936 3453 that
1958 3406 2018 3454 of
2034 3405 2335 3469 Rishanger,
2351 3404 2519 3455 which
2535 3408 2659 3455 adds

1654 3490 1706 3533 to
1763 3482 2157 3533 Westininster’s
2212 3484 2463 3534 narrative
2520 3498 2657 3534 some

1656 3577 1769 3613 new
1791 3564 1892 3611 and
1912 3563 2185 3627 important
2204 3563 2499 3627 particulars
2514 3582 2597 3612 :—

1723 3645 1754 3669 ⁴¹
1776 3642 1970 3691 Diebus
2026 3643 2117 3693 sub
2175 3643 2361 3693 eisdem
2418 3652 2664 3694 commota

1657 3726 1687 3751 ‘⁶
1720 3722 1881 3781 turba,
1915 3738 2005 3787 per
2036 3724 2206 3773 orbem
2238 3724 2543 3784 universum,
2578 3726 2664 3773 ad·

1723 3803 1903 3852 volans
1962 3809 2329 3853 sacrosanctam
2382 3804 2665 3853 Romanam

1661 3884 1694 3913 ‘⁶
1729 3882 2007 3943 ecclesiam,
2050 3890 2289 3948 tanquam
2330 3882 2485 3933 totius
2528 3884 2666 3947 pacis

1728 3962 1920 4010 fontem
1957 3968 2007 4010 et
2040 3959 2333 4026 magistram
2376 3962 2669 4013 salvationis

1727 4048 1944 4101 ueternoe,
1968 4055 2071 4090 non
2093 4040 2334 4091 mediocri
2366 4043 2668 4093 verecundia

1663 4122 1694 4148 ‘⁴
1729 4119 1951 4169 reddidit
2004 4120 2258 4185 agitatam.
2346 4120 2537 4171 Missus
2592 4130 2671 4173 est

1663 4201 1696 4227 “
1731 4198 1891 4264 igitur
1910 4198 1967 4247 in
1988 4199 2235 4264 Angliam
2269 4200 2501 4249 dominus
2525 4199 2670 4251 Sabi-

1727 4277 1898 4329 nensis
1934 4278 2208 4343 episcopus,
2231 4294 2263 4329 a
2284 4280 2439 4329 latere
2476 4279 2670 4330 domini

1668 4362 1696 4386 ‘⁴
1731 4372 1892 4423 papie,
1925 4357 2119 4422 legatus
2154 4358 2437 4419 cardinalis,
2460 4366 2517 4409 ut
2536 4360 2672 4425 reg-is

1735 4444 1787 4486 et
1829 4444 2119 4502 magnatum
2174 4439 2325 4487 corda
2378 4439 2443 4488 ad
2495 4454 2673 4503 pacem

1733 4515 2013 4576 inclinaret,
2037 4524 2088 4567 et
2122 4516 2513 4567 discordantium
2534 4532 2672 4567 men-

1735 4602 1827 4656 tes,
1887 4596 2091 4659 depulso
2135 4596 2407 4647 omnimodi
2452 4596 2675 4648 rancoris

1673 4677 1705 4703 “
1739 4674 1930 4738 nubilo,
1976 4675 2255 4726 concordiae
2310 4676 2514 4727 vinculo
2559 4675 2677 4725 soli-

1675 4756 1708 4786 “
1743 4755 1898 4807 daret.
1965 4753 2199 4820 Denique
2240 4757 2307 4807 ad
2347 4755 2445 4805 hoc
2489 4754 2580 4805 illo
2622 4754 2679 4805 in
