3517 5750
837 889 972 956 494
1577 899 1837 954 nocam
1882 899 2178 952 mooms
2766 887 2961 974 [ear.

833 1083 904 1146 ct
945 1077 1094 1144 ideo
1137 1075 1455 1164 produxit
1509 1075 1584 1141 in
1645 1074 1969 1163 principio
2036 1075 2273 1142 mundi
2334 1073 2587 1142 fructus
2650 1081 2957 1142 maturos

833 1179 908 1245 in
949 1185 1257 1266 tempore,
1291 1177 1471 1264 quod
1513 1179 1908 1245 naturaliter
1950 1179 2181 1266 postea
2222 1178 2586 1245 secundum
2628 1181 2956 1266 temporis

833 1281 1068 1347 seriem
1111 1279 1533 1346 observatum
1575 1285 1680 1346 est
1740 1280 1815 1346 in
1882 1279 2313 1368 productione
2368 1281 2720 1348 fructuum.
2814 1281 2955 1349 &d

833 1382 1136 1449 videmus
1179 1384 1357 1468 quod
1401 1383 1524 1450 hoc
1575 1404 1714 1449 non
1772 1388 1873 1450 est
1918 1383 1991 1449 in
2035 1381 2300 1464 Martio,
2348 1403 2473 1450 nec
2516 1383 2784 1472 Aprili3
2826 1385 2951 1452 sed

834 1485 1004 1550 circa
1067 1485 1271 1550 finem
1337 1481 1758 1572 Septembris,
1827 1483 2151 1575 [circiter]
2220 1485 2524 1552 videmus
2588 1487 2948 1573 perfectam

835 1587 1290 1653 maturitatem
1317 1587 1392 1653 in
1420 1587 1726 1653 omnibus
1771 1609 1925 1670 esse,
1956 1592 2028 1655 et
2070 1607 2396 1675 nusquam
2438 1590 2515 1654 in
2542 1589 2790 1656 Martio
2831 1608 2955 1656 nec

837 1693 1069 1780 Aprili.
1162 1693 1254 1759 Et
1295 1693 1389 1759 sic
1431 1699 1533 1760 est
1583 1695 1658 1759 in
1701 1694 1903 1760 Terra
1946 1693 2207 1774 Sancta,
2254 1699 2545 1761 testante
2592 1693 2952 1782 Scriptura.

837 1799 931 1865 Et
973 1801 1299 1888 peregrini
1343 1801 1460 1886 qui
1501 1797 1598 1867 ibi
1627 1800 1897 1868 fuerunt
1924 1802 2065 1868 haec
2094 1807 2441 1868 testantur.
2534 1801 2955 1889 Quapropter

835 1902 1008 1969 circa
1049 1903 1250 1968 finem
1305 1903 1712 1990 Septembris
1780 1911 1881 1970 est
1924 1904 2325 1992 principium
2394 1903 2557 1970 anni
2622 1906 2947 1987 naturale,

837 2006 1008 2071 sicut
1049 2003 1182 2070 fuit
1223 2005 1296 2070 in
1337 2005 1660 2094 principio
1713 2006 1990 2087 mundi;
2068 2011 2139 2073 et
2204 2006 2327 2072 hoc
2390 2015 2493 2072 est
2536 2007 2948 2086 rationabile,

837 2109 993 2194 quia
1036 2129 1143 2173 ars
1186 2113 1256 2173 et
1299 2113 1538 2173 natura
1579 2109 1989 2175 concordant.
2082 2107 2268 2176 Tunc
2314 2109 2492 2175 enim
2538 2113 2640 2176 est
2681 2113 2948 2198 tempus

835 2209 1136 2276 naturale
1209 2215 1290 2277 ut
1360 2209 1614 2276 semina
1685 2207 2120 2298 projiciantur
2193 2211 2269 2276 in
2342 2215 2605 2290 terra-m,
2700 2217 2770 2279 et
2842 2232 2952 2278 ars

835 2309 1129 2378 humana
1171 2313 1556 2400 exsequitur
1609 2317 1679 2379 et
1731 2317 1895 2380 tunc
1938 2313 2028 2380 sit
2070 2313 2473 2402 principium
2540 2313 2948 2401 producendi

835 2437 1042 2482 novos
1083 2415 1336 2483 fructus
1379 2421 1590 2494 terrae,
1621 2421 1891 2503 propter
1932 2417 2305 2484 naturalem
2349 2417 2561 2482 vitam
2601 2416 2949 2483 hominum

839 2519 1246 2586 servandam.
1337 2517 1468 2584 Sed
1513 2518 1632 2583 ubi
1687 2524 1787 2585 est
1852 2518 2252 2606 principium
2317 2524 2577 2585 naturae
2644 2524 2715 2586 et
2760 2521 2943 2602 artis,

835 2623 934 2688 ibi
995 2621 1196 2688 debet
1267 2641 1406 2688 esse
1477 2620 1878 2710 principium
1950 2623 2279 2708 temporis,
2340 2621 2698 2688 secundum
2772 2621 2949 2709 quod

837 2725 1245 2812 operationes
1317 2729 1574 2791 naturae
1649 2727 1720 2790 et
1792 2724 1955 2789 altis
2028 2724 2484 2791 attenduntur.
2632 2723 2725 2790 Et
2794 2727 2945 2792 ideo

835 2827 1138 2894 naturale
1181 2825 1580 2915 principium
1614 2826 1931 2915 temporis
1974 2833 2045 2895 et
2087 2827 2248 2893 anni
2292 2831 2393 2894 est
2438 2827 2699 2895 circiter
2742 2827 2943 2895 finem

839 2930 1258 3017 Septembris.
1350 2930 1526 2995 Item
1571 2930 1921 2997 orientales
1966 2936 2035 2997 et
2086 2930 2436 2997 meridiani
2478 2936 2737 3019 ponunt
2778 2934 2947 2997 tem·

837 3034 1014 3123 poris
1103 3032 1501 3123 principium
1591 3056 1790 3122 penes
1882 3034 2336 3123 Septembrem
2427 3041 2497 3101 et
2572 3034 2941 3103 Octobrem.

841 3138 1066 3203 Etiam
1139 3136 1498 3203 astronomi
1574 3142 1644 3203 et
1719 3158 1945 3204 omnes
2020 3138 2357 3225 sapientes,
2496 3137 2667 3205 Cum
2740 3137 2949 3227 igitur

838 3240 1195 3306 astronomi
1239 3238 1649 3305 considerent
1691 3244 1953 3327 tempus
1996 3240 2488 3319 rationabiliter,
2522 3241 2680 3327 quia
2721 3263 2946 3308 eorum

841 3346 942 3410 est
1015 3344 1340 3431 praecipue
1431 3342 1837 3409 considerare
1930 3348 2228 3431 tempora
2324 3350 2392 3409 et
2488 3344 2945 3410 renovationes

841 3468 1066 3513 eorum
1111 3468 1258 3535 quse
1303 3445 1378 3511 in
1422 3446 1586 3511 coelo
1641 3446 2052 3533 contingunt,
2122 3444 2548 3512 manifestum
2614 3451 2716 3513 est
2780 3452 2947 3513 tem·

838 3552 1015 3635 poris
1058 3548 1454 3636 principium
1498 3548 1889 3614 naturaliter
1944 3548 2179 3615 debere
2242 3570 2376 3614 esse
2439 3548 2697 3615 circiter
2752 3548 2948 3616 Octo·

836 3652 1025 3719 brem
1069 3656 1137 3718 et
1179 3672 1316 3717 non
1359 3672 1556 3738 penes
1602 3650 1922 3716 Martium
1968 3671 2088 3716 nec
2133 3650 2445 3737 Aprilem.
2538 3650 2673 3717 Sed
2734 3654 2933 3720 multi

839 3754 1228 3820 Latinorum
1291 3752 1588 3820 sentiunt
1643 3753 2044 3819 contrarium
2098 3752 2310 3840 hujus,
2370 3760 2689 3840 ponentes
2754 3776 2935 3821 orea-

835 3858 1086 3923 tionem
1147 3856 1380 3921 mundi
1445 3856 1646 3919 fuisse
1713 3856 1787 3920 in
1833 3856 2077 3921 Martio
2122 3862 2191 3922 et
2264 3857 2337 3919 in
2384 3877 2589 3921 verno
2632 3862 2941 3945 tempore.

841 3958 1032 4038 Quod
1076 3956 1233 4043 quia
1274 3977 1410 4021 non
1450 3956 1654 4023 habet
1697 3958 2160 4024 auctoritatem
2188 3980 2274 4023 ex
2304 3956 2659 4045 Scriptura,
2693 3981 2813 4025 nec
2859 3982 2945 4027 ex

837 4058 1127 4145 antiquis
1171 4058 1478 4139 scientiiS,
1523 4058 1728 4127 immo
1776 4064 1878 4126 est
1922 4062 2151 4126 contra
2196 4059 2625 4147 Scripturam‚
2658 4068 2727 4128 et
2756 4060 2809 4128 J
2810 4084 2945 4129 ose-

837 4160 1061 4251 phum‚
1106 4166 1176 4227 et
1221 4160 1727 4248 Hieronymum,
1797 4168 1878 4228 ut
1942 4162 2127 4250 prius
2198 4164 2578 4251 expositum
2644 4170 2760 4245 est,
2808 4186 2943 4231 non

839 4267 1095 4353 oportet
1141 4260 1317 4351 quod
1361 4284 1586 4329 eorum
1655 4264 1968 4352 positioni
2052 4264 2478 4347 adhaereatur,
2528 4266 2644 4353 qui
2704 4268 2947 4355 princi-

839 4368 1024 4457 pium
1067 4366 1300 4435 mundi
1344 4373 1604 4454 ponunt
1657 4367 1730 4432 in
1778 4368 2021 4434 Martio
2068 4369 2177 4436 vel
2220 4366 2456 4456 Aprili.
2551 4368 2659 4434 Ex
2705 4370 2944 4457 quibus

840 4472 1136 4558 sequitur
1185 4468 1476 4548 tertium,
1525 4470 1702 4555 quod
1766 4490 1989 4536 omnes
2056 4472 2576 4558 computationes
2622 4494 2947 4539 annorum

839 4596 882 4639 a
924 4572 1246 4662 principio
1291 4570 1541 4653 mundi,
1588 4594 1735 4660 quae
1781 4572 2117 4659 pertinent
2157 4574 2243 4639 ad
2290 4574 2645 4661 Scripturae
2690 4575 2943 4655 seriem,

843 4682 912 4742 et
954 4698 1072 4763 per
1127 4694 1524 4762 consequens
1581 4696 1805 4741 omnes
1860 4680 2091 4743 aetates
2147 4680 2216 4743 et
2282 4676 2535 4757 saecula,
2582 4699 2791 4765 usque
2858 4678 2945 4744 ad

845 4776 1200 4863 Christum,
1233 4778 1478 4847 debent
1521 4777 1915 4846 considerari
1959 4802 2158 4869 penes
2188 4778 2560 4865 Octobrem,
2588 4786 2712 4848 aut
2756 4780 2951 4849 aliter
