3517 5750
959 863 1002 928 4
1719 873 1981 924 Rosam
2026 871 2320 923 BAcoms
2878 857 3037 946 [oar

955 1050 1330 1137 reipublicae
1397 1039 1692 1116 fidelium
1759 1049 2135 1136 dirigendae,
2213 1052 2283 1114 et
2344 1070 2475 1134 quo
2528 1049 2723 1115 modo
2766 1051 3053 1115 multum

956 1157 1057 1217 est
1122 1151 1352 1218 efficax
1424 1154 1510 1218 ad
1573 1151 1944 1218 infidelium
2035 1149 2573 1231 conversionem3
2643 1157 2713 1217 et
2784 1157 2865 1218 ut
2937 1151 3057 1234 illi,

956 1255 1072 1341 qui
1164 1255 1460 1320 converti
1556 1276 1692 1320 non
1771 1257 2061 1342 possunt,
2149 1275 2287 1318 non
2368 1253 2591 1318 minus
2670 1275 2788 1342 per
2860 1275 3056 1342 opera

953 1357 1295 1443 sapientise
1362 1379 1560 1445 quam
1635 1378 1752 1444 per
1824 1356 2114 1422 laborem
2202 1355 2511 1421 bellicum
2601 1356 3056 1444 reprimantur.

954 1461 1114 1528 Non
1157 1463 1334 1528 enim
1377 1467 1596 1551 potest
1638 1461 1963 1550 sapientia
2010 1461 2441 1550 philosophiae
2498 1460 2797 1547 pluribus
2845 1461 3058 1526 modis

953 1565 1274 1645 annotari,
1343 1587 1463 1632 nec
1508 1563 1650 1651 ejus
1711 1565 1967 1630 utilitas
2011 1563 2356 1652 magnifica
2401 1568 2472 1629 et
2514 1563 2748 1630 decora
2794 1562 3055 1645 relucet,

953 1667 1083 1733 nisi
1149 1668 1252 1733 his
1281 1669 1630 1756 gradibus
1698 1667 2116 1734 describatur.
2238 1665 2520 1731 Nullum
2608 1667 2809 1732 etiam
2883 1687 3055 1732 com-

953 1770 1222 1836 modum
1296 1775 1398 1837 est
1471 1771 1544 1836 in
1618 1769 2140 1836 consideratione
2222 1767 2652 1856 philosophiae
2736 1768 3054 1845 absoluta,

953 1873 1084 1938 nisi
1179 1873 1471 1959 quinque
1544 1871 2060 1960 comparationes
2134 1870 2276 1956 ejus
2296 1871 2315 1909 ¹
2394 1871 2810 1952 habeantur-3
2898 1873 3057 1958 quia

951 1974 1250 2041 infideles
1323 1975 1464 2041 sine
1537 1974 1642 2040 his
1708 1974 2305 2060 comparationibus
2378 1974 2792 2062 philosophia
2898 1975 3058 2040 abu-

951 2082 1188 2142 tuntur
1254 2077 1326 2142 in
1392 2078 1496 2144 sui
1539 2075 2049 2157 damnationem,
2094 2098 2233 2142 non
2259 2076 2348 2143 ad
2389 2076 2702 2143 utilitatis
2732 2077 3053 2144 effectum.

1043 2179 1402 2266 Sapientiae
1460 2179 1670 2266 igitur
1735 2179 2198 2266 philosophicae
2265 2179 2563 2245 arborem
2628 2179 3054 2260 consideravi,

950 2282 1200 2350 radices
1244 2282 1632 2369 principales
1694 2281 1871 2368 ejus²
1934 2281 2207 2364 revolvi,
2274 2281 2521 2370 stipitis
2582 2281 2840 2349 robusti
2884 2305 3053 2351 erec-

951 2385 1204 2450 tionem
1271 2389 1341 2451 et
1407 2406 1740 2450 ramorum
1802 2385 2299 2471 productionem
2366 2383 2691 2470 majorum
2711 2383 2739 2423 ⁸
2800 2386 3048 2464 notavi,

950 2487 1142 2553 flores
1185 2487 1408 2552 suavis
1452 2487 1913 2574 intelligentiae
1964 2487 2168 2569 olfeci,
2231 2487 2479 2554 culmos
2524 2485 2779 2554 Cereris
2821 2509 3053 2554 aureos

950 2595 1022 2655 et
1081 2589 1323 2654 Bacchi
1389 2593 1687 2655 maturos
1753 2589 2062 2675 palmites
2128 2611 2249 2676 pro
2316 2589 2640 2656 fructibus
2704 2590 3051 2678 diligenter

948 2691 1312 2777 requisivi3
1402 2697 1473 2756 et
1539 2713 1622 2756 ne
1687 2691 1996 2757 foliorum
2068 2692 2258 2758 utilis
2332 2697 2401 2758 et
2474 2699 2667 2780 grata
2748 2695 3052 2760 viriditas

949 2794 1224 2870 abesset,
1271 2793 1660 2881 eloquentiae
1705 2793 2020 2869 modulos,
2065 2795 2215 2883 qui⁴
2257 2817 2377 2883 per
2418 2795 2577 2861 folia
2604 2797 3047 2884 designantur,

948 2898 1019 2962 in
1063 2897 1302 2964 ultima
1345 2902 1533 2984 parte
1563 2897 1937 2978 voluminiS‚
1968 2898 2328 2963 secundum
2372 2898 2518 2965 vias
2562 2905 2935 2966 sanctorum
2980 2906 3050 2966 et

948 3000 1486 3086 philosophorum
1547 3000 1865 3065 brevibus
1924 3001 2385 3087 comprehendi
2422 3027 2437 3067 :
2516 3002 2811 3089 cogitans
2871 3004 3050 3089 quod

947 3103 1274 3188 sapientia
1331 3100 1472 3167 sine
1537 3101 1912 3188 eloquentia
1962 3107 2065 3168 est
2110 3104 2300 3190 quasi
2360 3104 2617 3190 gladius
2683 3111 2915 3171 acutus
2976 3107 3049 3171 in

948 3226 1152 3269 manu
1205 3205 1570 3291 paralytici,
1616 3205 1791 3271 sicut
1850 3204 2226 3291 eloquentia
2289 3228 2519 3293 expers
2564 3208 2904 3295 sapientiae
2948 3215 3050 3276 est

946 3308 1134 3393 quasi
1201 3307 1460 3395 gladius
1521 3314 1753 3373 acutus
1798 3308 1871 3373 in
1914 3330 2115 3373 manu
2174 3308 2421 3375 furiosi.
2535 3308 2603 3375 N
2604 3332 2689 3375 on
2758 3312 2917 3397 quia
2975 3311 3048 3377 in

948 3411 1289 3477 scribendo
1365 3415 1572 3477 secter
1644 3410 2045 3477 rhetoricum
2066 3406 2095 3445 ⁶
2168 3410 2483 3491 decorem,
2553 3419 2624 3477 et
2696 3413 3047 3479 verborum

947 3513 1440 3599 pulchritudine
1501 3511 1927 3581 condelecter.
2020 3511 2193 3579 Cum
2236 3513 2413 3578 enim
2457 3514 2589 3580 tria
2632 3515 2769 3581 sint
2783 3512 2811 3552 ⁶
2857 3538 3055 3604 opera

947 3614 1240 3693 oratoris,
1285 3620 1366 3679 ut
1409 3615 1764 3680 veritatem
1832 3614 2103 3701 aperiat,
2166 3618 2247 3680 ut
2310 3615 2608 3698 delectet,
2664 3623 2746 3683 ut
2802 3618 3045 3699 flectat,

946 3716 1188 3800 quibus
1250 3715 1466 3781 tribus
1523 3738 1642 3803 per
1706 3716 2003 3782 ordinem
2078 3721 2214 3784 tres
2287 3718 2451 3803 styli
2525 3722 3045 3808 correspondent,

943 3816 1231 3896 humilis,
1278 3818 1636 3896 mediocris,
1703 3822 1774 3883 et
1835 3820 2146 3906 grandis3
2212 3818 2285 3885 in
2343 3822 2647 3887 omnibus
2707 3824 3046 3909 scripturis

943 3939 1108 4003 quas
1151 3918 1276 3984 feci
1319 3918 1527 3999 vobis,
1573 3926 1643 3986 et
1688 3920 1903 3987 adhuc
1944 3920 2155 3999 faci0,⁷
2192 3944 2329 3987 non
2388 3923 2663 3990 intendo
2722 3926 3044 4013 principa-

941 4020 1098 4085 liter
1141 4020 1274 4086 nisi
1317 4020 1668 4089 veritatem
1711 4022 2003 4109 aperire;
2048 4028 2118 4090 et
2161 4025 2310 4091 ideo
2346 4027 2703 4092 secundum
2748 4034 3045 4096 auctores

943 4122 1339 4208 eloquentiae
1397 4124 1634 4190 humili
1691 4126 1888 4213 stylo,
1934 4126 2076 4193 sine
2150 4128 2505 4197 verborum
2550 4128 2878 4218 phaleris,a
2938 4132 3045 4199 uti

1005 4474 1020 4504 ¹
1043 4472 1174 4540 ejus]
1213 4489 1313 4525 om.
1351 4473 1413 4526 Τ.
2108 4482 2127 4510 ³
2146 4480 2457 4550 rhetoricum]
2495 4484 2870 4550 rhetoricorum,
2893 4432 2961 4539 L:

999 4554 1024 4683 ἶ
1037 4552 1340 4685 praga-:gala
1392 4552 1524 4620 ejus]
1594 4554 1703 4618 ejus
1748 4556 1935 4621 princi·
2106 4586 2127 4617 0
2144 4586 2272 4653 sim]
2298 4594 2429 4649 mm,
2452 4586 2511 4639 B·

934 4648 1300 4779 msezaffl]
1338 4714 1598 4779 majorem,
1634 4715 1695 4766 T·
2106 4692 2125 4720 '¹
2147 4698 2195 4742 et
2212 4692 2557 4761 adhuc-facio]
2584 4710 2683 4749 om.
2709 4696 2775 4748 Τ.

1003 4796 1020 4825 ⁴
1041 4792 1152 4857 qui]
1189 4807 1317 4857 quoe,
1343 4794 1400 4845 Β.
1426 4794 1485 4845 L.
2106 4798 2126 4829 ⁸
2140 4795 2387 4868 phaleris]
2424 4815 2523 4851 om.
2558 4798 2617 4853 L.
