3517 5750
614 898 900 987 xxv111.]
1396 910 1571 963 orus
1613 908 1936 963 mmm.
2582 896 2710 961 105

608 1098 857 1165 tionem
888 1096 1209 1162 malarum
1240 1094 1863 1182 consequentiarum.
1939 1094 2362 1181 Quapropter
2391 1093 2472 1159 de
2501 1091 2717 1179 logica
2745 1096 2880 1160 Only
2905 1096 2990 1146 the

613 1206 684 1266 et
734 1198 1166 1287 grammatica
1214 1219 1351 1263 non
1411 1202 1515 1263 est
1570 1196 1934 1263 necessaria
1991 1194 2340 1261 instructio
2405 1195 2715 1275 humana,
2744 1164 3043 1293 fflffissdge

612 1302 741 1367 nisi
800 1306 1067 1389 propter
1126 1300 1447 1367 vocabula
1532 1299 1926 1387 linguarum,
2019 1297 2258 1383 quibus
2337 1298 2590 1363 utimur
2647 1298 2722 1361 in
2745 1296 2805 1347 of
2823 1310 2990 1361 gram-

618 1403 965 1469 collatione
1016 1401 1319 1469 facienda
1366 1424 1515 1467 cum
1566 1400 1733 1481 aliis,
1781 1404 2049 1487 propter
2097 1398 2548 1465 necessitatem
2599 1399 2720 1464 sci—
2746 1363 2986 1493 ssgcassd.

618 1506 816 1572 entiae
862 1504 1219 1571 secundum
1256 1525 1342 1570 se.
1405 1502 1497 1568 Et
1527 1504 1677 1569 ideo
1706 1506 1895 1589 patet
1925 1502 2101 1587 quod
2140 1501 2352 1589 logica
2395 1507 2464 1567 et
2503 1524 2722 1589 gram-
2749 1496 2942 1562 quired.

618 1608 861 1673 matica
916 1613 1076 1673 sunt
1134 1605 1573 1673 accidentales
1632 1604 1942 1685 scientiae,
1996 1607 2068 1669 et
2125 1624 2258 1668 non
2308 1604 2716 1692 principaleS,

620 1716 943 1797 quantum
984 1710 1075 1776 ad
1122 1706 1604 1776 inventioncm¹
1662 1711 1731 1773 et
1761 1706 2168 1787 doctrinam3
2215 1705 2329 1772 sed
2357 1706 2621 1795 linguae,
2653 1708 2726 1771 in

623 1814 859 1900 quibus
887 1813 1027 1879 haec
1056 1811 1484 1898 explicantur,
1517 1813 1904 1896 quaeruntur
1949 1830 2066 1894 per
2108 1808 2600 1874 inventionem¹
2661 1814 2730 1875 et

624 1914 1005 1996 doctrinam,
1048 1920 1128 1980 ut
1172 1917 1415 2002 praesto
1462 1912 1629 1977 fiant
1672 1915 1925 1977 mutuae
1973 1910 2330 1977 voluntatis
2375 1910 2637 1977 indicia.

1445 2171 1605 2239 OAP.
1671 2168 1930 2238 XXIX.

720 2376 821 2441 ΕΤ
866 2374 1015 2441 ideo
1062 2381 1213 2463 post
1257 2375 1635 2463 linguarum
1666 2374 2124 2440 necessitatem
2200 2394 2372 2460 pono
2395 2372 2422 2411 ²
2482 2373 2738 2439 mathe·
2761 2376 2874 2457 'ljhe
2897 2392 3069 2431 neces-

628 2478 939 2543 maticam
986 2500 1123 2544 esse
1174 2479 1245 2543 in
1305 2478 1589 2543 secundo
1640 2477 1784 2543 loco
1832 2475 2272 2557 necessariam,
2345 2476 2431 2541 ad
2491 2476 2612 2543 hoc
2660 2479 2739 2540 ut
2760 2446 3065 2573 affin&-

630 2581 909 2646 sciamus
961 2602 1110 2667 quae
1170 2579 1435 2645 scienda
1486 2584 1687 2660 sunt3
1735 2600 1884 2665 quae
1959 2600 2094 2644 non
2153 2583 2254 2644 est
2325 2583 2488 2644 nota
2547 2578 2738 2644 nobis
2762 2594 2818 2629 ³⁸
2839 2580 2926 2630 the
2949 2580 3059 2629 first

633 2703 752 2769 per
808 2688 1163 2762 naturam3
1238 2682 1357 2747 sed
1414 2688 1646 2748 tamen
1706 2686 1810 2747 est
1869 2703 2070 2769 prope
2121 2681 2562 2768 cognitionem
2623 2702 2735 2745 na·
2761 2645 2908 2763 ζξέἐὲ
2925 2662 3061 2773 5⁸22}

632 2784 919 2849 tux-alem
968 2785 1147 2850 inter
1193 2806 1421 2849 omnes
1470 2784 1780 2849 scientias
1832 2805 1997 2871 quas
2049 2784 2286 2849 scimus
2342 2804 2458 2870 per
2503 2784 2732 2850 inven-
2762 2781 2848 2859 theg
2879 2788 3076 2831 nearest

635 2887 885 2953 tionem
960 2892 1047 2976 et·
1104 2886 1494 2953 doctrinam.
1587 2884 1768 2951 Nam
1843 2887 1982 2974 ejus
2057 2887 2416 2974 speculatio
2490 2886 2742 2954 facilior
2762 2854 2816 2898 ω
2833 2855 3023 2900 mnate.

643 2995 745 3055 est
799 2989 1109 3055 omnibus
1162 2989 1471 3067 scientiis,
1546 3011 1621 3054 eo
1676 2989 1855 3074 quod
1915 2990 2102 3077 pueri
2171 2991 2400 3056 statim
2470 2991 2740 3078 capiunt

637 3092 753 3158 has
799 3091 1122 3171 scientiaS,
1193 3092 1363 3157 sicut
1424 3090 1770 3172 videmus3
1832 3097 1902 3158 et
1953 3092 2343 3159 Aristoteles
2400 3092 2522 3158 hoc
2575 3092 2740 3158 dicit

638 3195 915 3282 septimo
974 3192 1360 3260 Ethicorum
1396 3193 1461 3276 3³
1533 3216 1671 3260 non
1730 3195 1822 3260 sic
1867 3195 2202 3260 naturales
2267 3193 2597 3274 scientias,
2665 3200 2734 3258 et

638 3295 1134 3383 metaphysicas,
1166 3301 1238 3361 et
1266 3297 1454 3386 alias,
1537 3296 1629 3361 Et
1658 3302 1974 3383 praeterea
2014 3297 2164 3362 laici
2193 3296 2410 3362 sciunt
2450 3296 2532 3361 de
2561 3295 2740 3360 facili

640 3398 940 3485 figurare,
987 3401 1057 3463 et
1116 3419 1478 3476 numerare,
1541 3404 1613 3464 et
1672 3403 1956 3476 cantare,
2009 3402 2079 3464 et
2129 3397 2234 3463 uti
2279 3397 2744 3462 instrumentis

641 3499 1086 3580 musicalibus,
1140 3504 1211 3565 et
1270 3500 1588 3579 exultare,
1664 3505 1735 3567 et
1807 3504 2034 3587 gestus
2106 3499 2315 3564 facere
2387 3497 2746 3564 conformes

642 3603 869 3667 cantui
922 3606 993 3668 et
1054 3623 1214 3668 sono
1273 3601 1908 3668 instrumentorum:
2001 3606 2072 3668 et
2131 3601 2274 3668 haec
2319 3599 2544 3666 omnia
2589 3605 2748 3665 sunt

644 3726 839 3790 opera
914 3703 1415 3770 mathematicoe.
1554 3703 1971 3792 Quapropter
2046 3709 2310 3792 oportet
2402 3702 2579 3790 quod
2657 3703 2749 3768 sit

646 3806 857 3872 facilis
901 3806 1198 3884 scientia,
1250 3809 1321 3872 et
1372 3807 1561 3894 quasi
1608 3807 1857 3889 innata,
1909 3805 2018 3872 vel
2063 3828 2262 3894 prope
2310 3805 2751 3894 cognitionem

647 3908 963 3974 innatam.
1085 3907 1312 3994 Atque
1352 3913 1620 3996 propter
1662 3910 1787 3975 hoc
1830 3909 2128 3997 sequitur
2173 3909 2352 3997 quod
2393 3914 2497 3976 est
2539 3908 2754 3997 prima
2777 3921 3012 3974 Without
3033 3921 3074 3974 it

648 4011 1089 4092 scientiarum,
1139 4011 1280 4077 sine
1326 4011 1571 4098 quibus
1614 4011 1764 4078 aliae
1809 4011 1959 4078 sciri
2002 4035 2139 4079 non
2183 4019 2478 4100 possunt.
2581 4013 2756 4095 Quia
2779 3991 3034 4107 ssgnossers

647 4111 765 4177 illa
823 4118 924 4178 est
981 4112 1379 4178 naturaliter
1436 4113 1669 4200 prima,
1730 4135 1880 4200 quae
1933 4115 2297 4181 communis
2349 4120 2452 4182 est
2510 4115 2756 4181 clericis
2779 4121 2982 4176 known.

648 4219 720 4280 et
762 4213 963 4293 laicis,
1015 4219 1085 4280 et
1130 4235 1279 4301 quae
1328 4215 1640 4281 convenit
1684 4215 1894 4281 statui
1945 4216 2197 4302 puerili.
2290 4217 2382 4283 Et
2425 4217 2570 4283 ideo
2613 4217 2755 4284 baec

649 4315 925 4382 scientia
965 4315 1099 4382 fuit
1141 4317 1355 4404 primo
1386 4315 1548 4383 data
1590 4318 1839 4384 mundo
1884 4341 1925 4382 a
1967 4318 2288 4406 principio
2331 4318 2484 4404 ejus,
2575 4319 2638 4382 N
2647 4341 2754 4383 am

652 4418 871 4484 Adam
928 4424 997 4484 et
1043 4419 1167 4484 filii
1222 4420 1325 4485 sui
1372 4441 1413 4485 a
1456 4419 1601 4486 Deo
1644 4424 2034 4507 receperunt
2077 4441 2263 4501 eam3
2341 4425 2410 4485 et
2453 4440 2572 4505 per
2615 4419 2756 4483 lon-

721 4707 737 4740 ¹
762 4709 1099 4779 inventionem]
1184 4713 1525 4779 intentionem,
1581 4717 1643 4770 Τ.
1801 4719 1822 4749 ²
1835 4717 1990 4785 ροιιο]
2030 4719 2176 4784 Opus
2200 4719 2384 4784 Maius,
2405 4734 2454 4786 p.
2483 4724 2560 4773 57.

652 4787 803 4840 twice
827 4810 843 4852 ς
866 4791 926 4844 L.
949 4792 1003 4844 in
1026 4793 1112 4846 the
1134 4793 1245 4850 first
1265 4795 1491 4850 insanae
1512 4799 1647 4865 only.
1801 4800 1821 4830 ⁸
1841 4797 2154 4866 Ethioerm]
2192 4799 2260 4850 vi.
2285 4805 2332 4852 8.
