3517 5750
527 828 666 918 xz]
1353 847 1526 898 orus
1571 847 1891 897 1111111011.
2552 835 2633 897 35

525 1019 679 1085 don.
749 1023 819 1086 et
897 1019 1215 1107 magister
1288 1019 1526 1087 Petrus
1600 1021 1684 1087 de
1745 1022 2243 1088 Maharn-euria
2304 1021 2635 1088 Picardus.
2662 1045 2809 1084 natue
2829 1033 2883 1120 {n

527 1123 672 1187 Afii
733 1123 864 1187 duo
905 1120 1094 1187 ·boni
1153 1127 1328 1203 sunt,
1403 1123 1650 1188 scilieet
1723 1124 2042 1210 magister
2108 1124 2482 1211 Campanus
2557 1125 2637 1190 de
2662 1097 2879 1216 {⁸⁰2⁰ss

527 1223 846 1301 Novaria,
860 1221 880 1260 ¹
949 1229 1018 1290 et
1075 1223 1390 1311 magister
1447 1223 1823 1304 Nioholaus,
1897 1223 2125 1291 doctor
2194 1225 2446 1290 domini
2517 1226 2640 1290 Al·
2661 1230 2698 1280 J
2700 1181 2803 1280 011ιῖ
2824 1203 2894 1282 of

527 1321 762 1391 marici
813 1323 897 1392 de
947 1326 1180 1392 Monte
1229 1325 1465 1390 For-ti.²
1523 1325 1682 1392 Sine
1737 1347 1895 1392 vero
1956 1328 2425 1393 mathematica
2466 1329 2639 1392 nihil
2660 1296 2931 1415 35³}ssng

529 1419 808 1513 dignum
891 1427 1042 1493 seiri
1109 1432 1332 1516 potest
1412 1427 1484 1492 in
1555 1429 1987 1514 philosophia,
2051 1434 2131 1494 ut
2209 1429 2490 1495 ostendo
2564 1430 2638 1494 in
2660 1430 2723 1477 de
2732 1429 2975 1508 naham-

529 1534 771 1614 quarta
827 1533 1018 1617 pai-w
1077 1529 1312 1617 Operis
1375 1527 1686 1615 Maj0ris³
1745 1531 2036 1597 multum
2101 1531 2353 1597 diffuse.
2458 1531 2636 1597 Nam
2662 1510 2815 1547 ‘'¹²¹¹'‘

527 1631 748 1716 primo
797 1631 1071 1698 ostendo
1121 1631 1195 1696 in
1244 1630 1606 1696 universali
1652 1633 1831 1717 quod
1872 1631 2059 1697 nulla
2102 1633 2377 1699 scientia
2420 1638 2639 1720 potest

530 1732 686 1797 seiri
746 1733 887 1798 sine
945 1741 1072 1814 ea3
1147 1733 1446 1810 secundo,
1509 1733 1584 1796 in
1648 1733 2035 1820 particulari
2100 1735 2309 1823 magis
2369 1735 2633 1814 scilieet,

531 1833 710 1919 quod
745 1853 854 1900 res
895 1835 1090 1900 istius
1125 1835 1342 1900 modi⁴
1379 1839 1448 1900 et
1490 1833 1634 1900 loca
1683 1837 1917 1902 mundi
1961 1836 2115 1902 sciri
2162 1858 2299 1903 non
2340 1843 2634 1925 possunt,

531 1941 605 2000 et
659 1933 810 2002 ideo
869 1959 993 2002 neo
1051 1937 1344 2004 soientiae
1404 1936 1488 2003 de
1537 1937 1775 2018 rebus3
1848 1942 1921 2003 et
1979 1938 2055 2003 in
2120 1939 2331 2025 Opere
2392 1937 2638 2003 Minori

531 2036 836 2104 similiter
893 2039 1020 2106 hoo
1085 2039 1373 2106 ostendo,
1494 2038 1672 2104 Nam
1741 2039 2015 2128 planum
2086 2043 2191 2105 est
2260 2040 2437 2126 quod
2496 2039 2637 2108 sine

532 2139 1000 2206 mathematica
1059 2162 1195 2207 non
1250 2145 1525 2227 possunt
1589 2139 1741 2206 sciri
1800 2139 2136 2206 ooelestia:
2214 2145 2285 2208 et
2342 2141 2637 2207 eoelestia

529 2245 692 2306 sunt
747 2263 960 2309 eausae
1017 2263 1238 2308 rerum
1295 2241 1699 2324 inferiorum,
1747 2247 1821 2308 et
1866 2247 2137 2308 causata
2182 2263 2321 2307 non
2362 2247 2637 2330 possunt

531 2343 686 2408 sciri
731 2343 870 2409 sine
916 2345 1126 2409 oausis
1167 2344 1316 2410 suis.
1408 2343 1502 2409 Et
1548 2345 1699 2411 aliae
1745 2344 1878 2410 viss
1922 2348 2082 2408 sunt
2125 2341 2484 2432 sp‹=.=oi1÷=.leas,⁶
2520 2367 2637 2430 per

533 2465 704 2530 quas
733 2445 1106 2511 ostenditur
1133 2445 1312 2532 quod
1354 2444 1541 2511 nulla
1583 2465 1689 2511 res
1735 2445 1887 2510 sciri
1933 2450 2154 2532 potest
2198 2445 2341 2510 sine
2384 2444 2637 2510 mathe-

534 2545 802 2624 matica,
847 2551 930 2612 ut
979 2547 1398 2614 abundanter
1434 2551 1626 2635 patet
1676 2547 1752 2610 in
1800 2547 2105 2634 partibus
2146 2547 2635 2613 mathematicae

531 2645 610 2710 in
657 2647 869 2734 Opere
917 2647 1202 2736 Majori.⁶
1289 2649 1382 2715 Et
1439 2649 1590 2714 ideo
1650 2654 1913 2736 oportet
1964 2650 2141 2736 quod
2188 2649 2635 2715 mathematici

531 2747 695 2813 boni
737 2749 1151 2829 haberentur,
1185 2751 1300 2837 qui
1341 2751 1722 2839 paucissimi
1768 2757 1925 2817 sunt
1954 2757 2025 2818 et
2052 2751 2235 2829 rari,⁷
2283 2775 2405 2818 nec
2446 2773 2636 2840 repu-

531 2855 754 2917 tantes
796 2853 1084 2940 pretium
1143 2853 1288 2936 sui;
1332 2873 1453 2920 nee
1497 2853 1708 2941 possit
1754 2853 1991 2940 aliquis
2043 2853 2285 2921 habere
2330 2876 2457 2935 eos,
2504 2855 2635 2919 nisi

534 2952 840 3020 dominus
885 2976 1060 3042 papa
1110 2966 1230 3022 aut
1276 2956 1445 3022 alius
1496 2975 1777 3043 magnus
1841 2956 2160 3044 princepe,
2207 2960 2277 3023 et
2344 2956 2635 3021 maxime

533 3054 742 3136 illum,
776 3056 892 3141 qui
921 3056 1156 3123 melior
1193 3054 1330 3124 est⁸
1377 3057 1699 3135 omnibus,
1742 3057 1827 3123 de
1871 3079 2002 3144 quo
2044 3057 2119 3123 in
2149 3056 2395 3123 Minori
2424 3056 2636 3144 Opere

535 3158 696 3222 satis
723 3158 970 3245 scripsi,
1001 3164 1072 3225 et
1111 3159 1395 3225 scribam
1439 3180 1556 3225 suo
1600 3159 1758 3225 loeo.
1851 3158 2029 3224 Nam
2058 3158 2179 3224 vix
2222 3180 2372 3225 oum
2416 3156 2638 3243 aliquo

537 3261 746 3324 staret
804 3258 958 3347 qui⁹
1013 3261 1168 3327 vult
1224 3282 1363 3327 esse
1422 3260 1728 3327 dominus
1788 3260 1893 3326 sui
1944 3260 2173 3341 studii,
2234 3266 2303 3326 et
2355 3259 2639 3345 experiri

537 3361 930 3448 sapientiam
971 3366 1055 3429 ut
1095 3362 1311 3449 placet
1354 3358 1430 3429 ei.

630 3462 722 3528 Et
776 3468 1023 3551 praeter
1081 3485 1398 3551 expensas
1456 3464 1735 3530 istarum
1809 3482 2231 3551 personarum
2306 3464 2637 3548 oporteret
2662 3478 2785 3530 And
2806 3496 2911 3532 ma-

538 3584 813 3650 magnas
863 3584 1187 3653 expensas
1244 3567 1430 3632 fieri:
1479 3588 1638 3633 nam
1695 3566 1839 3631 sine
1884 3564 2341 3631 instrumentis
2384 3564 2635 3629 mathe-
2658 3546 2945 3664 msice]

538 3665 802 3731 maticis
829 3668 998 3733 nihil
1047 3672 1272 3756 potest
1301 3668 1472 3749 sciri,
1519 3673 1590 3735 et
1629 3668 2077 3734 instrumenta
2118 3666 2259 3733 haee
2301 3688 2437 3733 non
2480 3673 2637 3732 sunt
2660 3688 2823 3731 ments
2839 3682 2939 3732 and

538 3767 722 3833 facta
767 3769 943 3857 apud
989 3770 1284 3853 Latinos,
1332 3776 1403 3837 et
1449 3792 1586 3836 non
1635 3772 1871 3836 fierent
1928 3791 2046 3859 pro
2093 3768 2389 3836 ducentis
2431 3768 2635 3847 libris,
2660 3747 2833 3801 ἴδηθ’·

539 3890 664 3937 nec
721 3872 1101 3941 trecentis.¹⁰
1193 3874 1436 3939 Adhuc
1481 3877 1704 3939 autem
1764 3876 1923 3939 sunt'
1986 3872 2233 3939 tabulae
2290 3872 2637 3953 meliores3

607 4114 622 4146 ⁸
645 4114 902 4183 Novaria]
941 4116 1208 4181 Navem-ia,
1231 4114 1294 4171 T.
1707 4116 1726 4146 ⁴
1746 4114 1897 4182 moda]
1936 4114 2127 4175 mundi,
2156 4116 2217 4167 T.
2234 4114 2293 4166 B.
2313 4116 2371 4167 L.

605 4194 628 4225 ²
657 4194 777 4245 Non
809 4202 925 4245 me
963 4196 1085 4246 enim
1135 4232 1150 4247 .
1185 4232 1198 4247 .
1232 4233 1246 4249 .
1279 4196 1339 4246 cle
1370 4192 1544 4247 Monte
1705 4196 1726 4227 ⁸
1747 4192 1825 4245 Et
1843 4232 2050 4247 .....
2073 4200 2185 4243 sune
2215 4192 2473 4259 speciales]
2513 4192 2643 4245 Sunt

539 4272 708 4339 M]
747 4275 955 4327 omitted
977 4278 1048 4341 by
1081 4276 1142 4327 B.
1185 4278 1284 4327 md
1301 4276 1372 4327 U.
1410 4276 1541 4325 from
1640 4274 1793 4325 etiam
1824 4308 1839 4323 .
1872 4310 1886 4324 .
1922 4308 1935 4324 .
1972 4308 1986 4324 .
2021 4272 2275 4337 speciales,
2301 4272 2367 4325 U.

539 4353 626 4402 the
645 4360 783 4413 παις
821 4355 912 4403 but
941 4355 1103 4405 added
1135 4354 1190 4404 111
1211 4354 1296 4405 the
1329 4354 1542 4419 margin.
1702 4354 1722 4383 ⁶
1752 4352 1914 4421 Opere
1968 4350 2189 4418 Major-2]
2259 4351 2400 4416 Opus
2454 4350 2641 4412 Maius,

541 4430 696 4481 Astur
711 4432 799 4482 the
819 4434 986 4483 words
1016 4432 1154 4483 bonis
1185 4432 1544 4492 mamantis,
1642 4432 1760 4483 ibid.
1868 4484 1875 4509 ι

541 4508 600 4560 L.
624 4512 726 4560 and
747 4510 815 4562 U.
839 4513 954 4573 add,
975 4511 1053 4561 Et
1083 4520 1198 4563 eunt
1227 4510 1383 4577 aliqui
1427 4509 1544 4563 tales
1707 4512 1725 4539 ⁷
1747 4510 1885 4575 rari]
1922 4509 2042 4569 cari,
2074 4507 2211 4559 'LL
2277 4505 2393 4566 rari,
2425 4506 2488 4556 Β.
2511 4520 2637 4556 corr.

536 4588 662 4637 inter
691 4587 914 4640 Latinos.
1706 4590 1726 4619 ⁰
1749 4580 1911 4638 mdior-
1944 4587 2039 4653 est]
2079 4595 2156 4638 est
2184 4586 2377 4647 melior,
2412 4584 2472 4636 Τ.

607 4668 628 4698 ,
798 4669 810 4680 .
984 4668 995 4680 .
1059 4670 1070 4681 .
1449 4669 1462 4683 .
1707 4671 1728 4699 ,
1756 4670 1763 4678 .
1974 4666 1985 4679 .

541 4760 590 4810 p.
615 4666 834 4799 figam
871 4667 1120 4735 mum]
1182 4670 1322 4735 om
1356 4666 1538 4735 umus,
1613 4748 1623 4759 ·
1696 4748 1734 4779 ¹⁰
1751 4667 2277 4807 fflffi’sseffl
2307 4740 2466 4804 limis,
2500 4740 2559 4793 ’1.

2330 4836 2459 4898 02
