3517 5750
792 836 919 901 120
1550 848 1809 899 Romam
1853 848 2148 900 mcoms
2717 832 2902 921 [cst.

790 1027 1131 1093 Avicenna
1196 1026 1318 1092 hoc
1384 1024 1547 1093 dicit
1606 1027 1679 1091 in
1730 1026 1982 1091 decimo
2047 1025 2150 1093 De
2213 1024 2643 1091 Animalibus
2713 1034 2784 1091 et
2827 1025 2896 1089 in

791 1130 1003 1217 primo
1048 1128 1237 1195 Artis
1283 1127 1677 1197 Medicinae)
2496 1138 2504 1144 “

884 1230 1019 1297 Sed
1068 1230 1125 1295 si
1191 1229 1287 1295 sol
1348 1229 1552 1297 habet
1616 1231 2072 1307 excentricum,
2119 1230 2290 1296 sicut
2351 1250 2580 1295 omnes
2647 1228 2900 1295 mathe-

796 1332 1021 1399 matici
1086 1331 1398 1410 fatentur,
1455 1353 1587 1397 non
1648 1331 1923 1398 videtur
1979 1330 2186 1396 mihi⁸
2245 1331 2426 1418 quod
2493 1330 2616 1397 hoc
2679 1336 2900 1417 potest

796 1444 986 1513 stare,
1034 1442 1305 1521 propter
1348 1434 1676 1501 rationem
1706 1452 1906 1520 quam
1941 1432 2211 1521 explico.
2301 1434 2394 1499 Et
2423 1432 2724 1499 elevatur
2751 1454 2904 1497 con-

798 1536 1105 1603 sideratio
1167 1536 1307 1602 haec
1365 1538 1454 1602 ad
1503 1535 1721 1603 locum
1771 1534 2079 1622 paradisi,
2127 1540 2200 1602 et
2243 1535 2513 1623 ponitur
2577 1534 2905 1601 sententia

801 1637 1275 1731 theologorum,
1322 1637 1601 1705 fiindata
1646 1659 1842 1724 super
1889 1637 2282 1725 positionem
2331 1635 2710 1716 Avicennae,
2755 1656 2905 1721 quae

800 1739 971 1807 ratio
1017 1738 1222 1804 dubia
1264 1748 1383 1820 est,
1436 1740 1606 1806 sicut
1651 1760 1846 1805 suum
1875 1738 2392 1805 fundamentum.
2485 1738 2590 1803 Ex
2617 1736 2722 1804 bis
2747 1737 2906 1803 locis

804 1846 1025 1930 potest
1082 1846 1310 1906 vestra
1354 1842 1680 1927 sapientia
1709 1840 2012 1907 invenire
2055 1841 2346 1907 virtutes
2412 1838 2794 1927 magnificas
2836 1845 2908 1904 et

810 1943 1064 2023 electas,
1096 1942 1290 2009 valde
1325 1943 1661 2031 ignoratas
1690 1964 1732 2007 a
1761 1942 1983 2029 vulgO,
2031 1946 2102 2007 et
2143 1964 2183 2007 a
2229 1942 2453 2029 paucis
2497 1939 2908 2028 sapientibus

466 2050 729 2119 Diva-city
811 2050 1027 2111 notas*
1120 2044 1429 2131 Cognitio
1475 2066 1633 2111 vero
1662 2044 1954 2109 locorum
1998 2044 2230 2109 mundi
2277 2053 2380 2109 est
2406 2042 2648 2110 nobilis
2683 2062 2912 2108 secun-

466 2116 789 2250 ‘1³2‘an
814 2148 973 2213 dum
1001 2167 1089 2225 se,
1120 2146 1235 2212 sed
1277 2146 1565 2213 nobilior
1597 2156 1870 2233 propter
1897 2144 2210 2211 notitiam
2239 2166 2477 2223 rerum,
2531 2144 2690 2232 quia
2730 2144 2910 2209 locus

465 2251 567 2299 and
589 2260 693 2303 ιιι-ιι
815 2253 917 2315 est
960 2248 1352 2335 principium
1395 2249 1854 2336 generationis.
1947 2248 2324 2315 Secundum
2353 2247 2531 2313 enim
2565 2245 2912 2313 diversitas-

466 2318 791 2435 ἰξῒέὲζω
812 2354 951 2416 tem
993 2350 1283 2415 locorum
1312 2350 1383 2415 in
1412 2351 1860 2437 complexione
1905 2349 2437 2417 diversificantur
2479 2370 2582 2415 res
2625 2350 2698 2415 in
2741 2368 2916 2415 com-

468 2446 528 2497 of
540 2448 653 2502 ⁸0³¹·
812 2452 1250 2539 plexionibus,
1327 2456 1398 2517 et
1471 2451 1772 2518 homines
1832 2452 1906 2517 in
1967 2451 2240 2532 artibus,
2315 2456 2386 2517 et
2459 2451 2766 2531 scientiis,
2843 2454 2914 2516 et

808 2553 1071 2640 linguis,
1101 2557 1173 2618 et
1216 2553 1517 2640 negotiis,
1552 2563 1619 2621 et
1650 2552 1964 2634 moribus,
1995 2557 2075 2620 ut
2113 2553 2418 2620 videmus
2462 2552 2721 2620 oculata
2761 2552 2912 2632 fide,

809 2655 1171 2721 secundum
1248 2655 1701 2722 diversitatem
1777 2655 2136 2743 regionum.
2227 2654 2321 2719 Et
2386 2655 2534 2720 ideo
2609 2653 2916 2721 descendi

811 2776 929 2842 per
973 2754 1553 2842 multiplicationes
1619 2756 1954 2822 radiorum
2018 2757 2104 2823 ad
2167 2756 2622 2823 diversitatem
2695 2774 2914 2820 rerum

812 2860 889 2926 in
932 2861 1495 2948 complexionibus
1524 2887 1540 2944 ;
1603 2867 1673 2929 et
1700 2864 1893 2949 posui
1936 2862 2186 2930 radices
2233 2862 2314 2929 de
2359 2860 2481 2928 hoc
2523 2860 2596 2926 in
2639 2882 2912 2941 summa,

818 2963 975 3048 quia
1037 2984 1173 3029 non
1235 2965 1426 3051 potui
1468 2966 1557 3030 ad
1618 2965 1878 3052 singula
1921 2965 2306 3031 descendere
2374 2965 2446 3029 in
2489 2964 2614 3028 hac
2654 2983 2918 3050 persua-

472 3080 591 3130 Ηιιᾱ
612 3078 781 3132 inves-
816 3063 1013 3130 sione.
1105 3064 1239 3132 Sed
1298 3071 1525 3132 tamen
1584 3088 1794 3132 unum
1839 3067 1922 3132 de
1965 3065 2420 3132 famosioribus
2481 3071 2552 3131 et
2611 3064 2922 3132 maximis

470 3146 797 3266 &millio
818 3166 1132 3253 exemplis
1176 3167 1250 3231 in
1292 3167 1507 3248 rebus,
1556 3179 1625 3234 et
1669 3170 1753 3234 de
1799 3167 2290 3249 difficilioribus,
2335 3167 2580 3234 scilieet
2623 3168 2706 3234 de
2733 3167 2920 3232 fluxu

472 3278 614 3330 tides.
817 3274 887 3334 et
930 3267 1187 3334 refluxu
1232 3269 1449 3350 maris,
1482 3269 1857 3356 explicavi?
1899 3271 2240 3356 assignans
2270 3291 2534 3335 causam
2568 3268 2765 3355 hujus
2803 3290 2922 3356 per

812 3369 1428 3458 multiplicationem
1503 3371 1840 3438 radiorum
1923 3371 2098 3438 lunae
2163 3371 2516 3438 secundum
2581 3371 2787 3437 lineas
2851 3375 2923 3437 et

812 3472 1105 3559 angulos,
1154 3477 1223 3538 et
1266 3495 1385 3560 per
1428 3471 1812 3539 reflexiones
1857 3471 2208 3550 radiorum,
2254 3473 2372 3538 ubi
2411 3471 2604 3539 valde
2649 3472 2922 3559 pulchra

812 3573 1051 3640 accidit
1095 3573 1535 3640 consideratio
1580 3574 1940 3661 sapientise,
1989 3583 2057 3640 et
2101 3574 2225 3640 toti
2271 3574 2472 3660 vulgo
2533 3574 2794 3661 ignota3
2846 3573 2926 3639 in

814 3696 947 3759 qua
990 3674 1259 3762 pulchre
1304 3677 1577 3762 potestis
1622 3675 1912 3743 conferre
1957 3697 2108 3743 cum
2153 3675 2332 3742 omni
2375 3675 2688 3762 sapiente.

1576 3969 1735 4039 CAP.
1767 3971 2166 4038 XXXVIII.

477 4171 556 4224 οι·
568 4171 751 4236 prima
909 4154 1087 4221 POST
1129 4153 1271 4220 haec
1301 4153 1620 4224 descendo
1636 4158 1664 4195 ⁴
1706 4161 1794 4226 ad
1839 4183 2102 4229 causam
2141 4163 2568 4243 materialem,
2599 4170 2669 4231 et
2713 4165 2800 4232 ad
2845 4187 2926 4232 ea

475 4245 669 4290 mm·
818 4279 968 4348 quae
1032 4262 1526 4343 consequuntur
1544 4257 1573 4296 ⁶
1624 4261 1711 4326 ad
1764 4262 1964 4330 illam.
2057 4263 2149 4330 Et
2209 4287 2358 4332 cum
2405 4287 2628 4332 omnes
2671 4271 2931 4354 ponant

883 4501 899 4531 ¹
923 4500 1069 4550 Astis
1111 4497 1407 4568 Medicinae]
1468 4501 1581 4555 Lib.
1616 4501 1650 4555 i.
1694 4503 1725 4569 ἓ
1765 4511 1812 4556 2.
1981 4509 2001 4537 ⁸
2022 4505 2289 4572 explicavi]
2328 4520 2426 4557 om.
2459 4504 2521 4556 B.
2551 4505 2612 4556 L.
2652 4503 2716 4556 Τ.
2783 4503 2924 4568 Opus

812 4579 962 4630 Dect.
986 4577 1043 4630 ii.
1066 4593 1172 4645 cap.
1200 4584 1250 4630 8.
1917 4583 2102 4648 Maius,
2124 4599 2171 4648 p.
2196 4589 2276 4636 85.

1984 4662 2002 4692 ⁴
2023 4661 2276 4729 descendo]
2315 4663 2456 4726 Opus
2487 4661 2674 4726 Majus,
2706 4677 2755 4727 p.
2786 4667 2868 4712 88.

879 4737 901 4769 ²
921 4735 1061 4804 πιϋιί]
1099 4751 1197 4788 om.
1232 4737 1295 4790 Τ.
1983 4742 2004 4772 ⁸
2023 4740 2405 4808 consequuntur]
2439 4747 2731 4807 sequnntur,
2755 4739 2820 4790 Τ.
