<?xml version="1.0" encoding="UTF-8"?>
<!DOCTYPE html PUBLIC "-//W3C//DTD XHTML 1.0 Transitional//EN"
    "http://www.w3.org/TR/xhtml1/DTD/xhtml1-transitional.dtd">
<html xmlns="http://www.w3.org/1999/xhtml" xml:lang="en" lang="en">
 <head>
  <title>
</title>
<meta http-equiv="Content-Type" content="text/html;charset=utf-8" />
  <meta name='ocr-system' content='tesseract 3.04.00' />
  <meta name='ocr-capabilities' content='ocr_page ocr_carea ocr_par ocr_line ocrx_word'/>
</head>
<body>
  <div class='ocr_page' id='page_1' title='image "./frrogeribaconop00brewgoog_0680.png"; bbox 0 0 3517 5750; ppageno 0'>
   <div class='ocr_carea' id='block_1_1' title="bbox 1361 897 2643 968">
    <p class='ocr_par' dir='ltr' id='par_1_1' title="bbox 1361 897 2643 968">
     <span class='ocr_line' id='line_1_1' title="bbox 1361 897 2643 968; baseline 0.003 -6"><span class='ocrx_word' id='word_1_1' title='bbox 1361 909 1718 962; x_wconf 70' lang='lat' dir='ltr'><strong>Arrsnmx</strong></span> <span class='ocrx_word' id='word_1_2' title='bbox 1764 911 1837 963; x_wconf 82' lang='lat'><strong>11.</strong></span> <span class='ocrx_word' id='word_1_3' title='bbox 2510 897 2643 968; x_wconf 83' lang='grc'><strong>567</strong></span> 
     </span>
    </p>
   </div>
   <div class='ocr_carea' id='block_1_2' title="bbox 541 1083 2693 4848">
    <p class='ocr_par' dir='ltr' id='par_1_2' title="bbox 541 1083 2693 2911">
     <span class='ocr_line' id='line_1_2' title="bbox 545 1083 2641 1172; baseline 0 -22"><span class='ocrx_word' id='word_1_4' title='bbox 545 1090 582 1121; x_wconf 86' lang='grc'><strong>“</strong></span> <span class='ocrx_word' id='word_1_5' title='bbox 625 1085 928 1152; x_wconf 85' lang='lat' dir='ltr'><strong>similiter</strong></span> <span class='ocrx_word' id='word_1_6' title='bbox 972 1083 1368 1151; x_wconf 83' lang='lat' dir='ltr'><strong>concordant</strong></span> <span class='ocrx_word' id='word_1_7' title='bbox 1410 1084 1486 1149; x_wconf 90' lang='lat' dir='ltr'><strong>in</strong></span> <span class='ocrx_word' id='word_1_8' title='bbox 1529 1084 1671 1165; x_wconf 89' lang='lat' dir='ltr'><strong>hoc,</strong></span> <span class='ocrx_word' id='word_1_9' title='bbox 1719 1084 1898 1172; x_wconf 91' lang='lat' dir='ltr'><strong>quod</strong></span> <span class='ocrx_word' id='word_1_10' title='bbox 1941 1083 2071 1151; x_wconf 90' lang='lat' dir='ltr'><strong>erit</strong></span> <span class='ocrx_word' id='word_1_11' title='bbox 2126 1084 2363 1170; x_wconf 88' lang='lat' dir='ltr'><strong>aliquis</strong></span> <span class='ocrx_word' id='word_1_12' title='bbox 2406 1090 2641 1172; x_wconf 89' lang='lat' dir='ltr'><strong>potens</strong></span> 
     </span>
     <span class='ocr_line' id='line_1_3' title="bbox 543 1186 2641 1275; baseline 0.001 -23"><span class='ocrx_word' id='word_1_13' title='bbox 543 1195 580 1226; x_wconf 91' lang='lat'><strong><em>“</em></strong></span> <span class='ocrx_word' id='word_1_14' title='bbox 623 1188 739 1274; x_wconf 92' lang='lat' dir='ltr'><strong>qui</strong></span> <span class='ocrx_word' id='word_1_15' title='bbox 781 1189 992 1275; x_wconf 82' lang='lat' dir='ltr'><strong>legem</strong></span> <span class='ocrx_word' id='word_1_16' title='bbox 1036 1187 1276 1252; x_wconf 79' lang='lat' dir='ltr'><strong>faedam</strong></span> <span class='ocrx_word' id='word_1_17' title='bbox 1321 1190 1391 1252; x_wconf 87' lang='lat' dir='ltr'><strong>et</strong></span> <span class='ocrx_word' id='word_1_18' title='bbox 1435 1187 1758 1273; x_wconf 78' lang='lat' dir='ltr'><strong>magicam</strong></span> <span class='ocrx_word' id='word_1_19' title='bbox 1804 1186 2167 1253; x_wconf 70' lang='lat' dir='ltr'><strong>constituet</strong></span> <span class='ocrx_word' id='word_1_20' title='bbox 2216 1191 2367 1274; x_wconf 87' lang='lat' dir='ltr'><strong>post</strong></span> <span class='ocrx_word' id='word_1_21' title='bbox 2411 1187 2641 1255; x_wconf 80' lang='lat' dir='ltr'><strong>Maho-</strong></span> 
     </span>
     <span class='ocr_line' id='line_1_4' title="bbox 541 1287 2641 1376; baseline 0.001 -22"><span class='ocrx_word' id='word_1_22' title='bbox 541 1295 578 1326; x_wconf 89' lang='lat'>“</span> <span class='ocrx_word' id='word_1_23' title='bbox 623 1295 890 1366; x_wconf 87' lang='lat' dir='ltr'><strong>metum,</strong></span> <span class='ocrx_word' id='word_1_24' title='bbox 967 1309 1116 1376; x_wconf 77' lang='lat' dir='ltr'><strong>quse</strong></span> <span class='ocrx_word' id='word_1_25' title='bbox 1180 1289 1294 1354; x_wconf 85' lang='lat' dir='ltr'><strong>lex</strong></span> <span class='ocrx_word' id='word_1_26' title='bbox 1361 1291 1722 1376; x_wconf 76' lang='lat' dir='ltr'><strong>suspendet</strong></span> <span class='ocrx_word' id='word_1_27' title='bbox 1799 1287 2042 1354; x_wconf 82' lang='lat' dir='ltr'><strong>multas</strong></span> <span class='ocrx_word' id='word_1_28' title='bbox 2106 1289 2285 1366; x_wconf 89' lang='lat' dir='ltr'><strong>alias,</strong></span> <span class='ocrx_word' id='word_1_29' title='bbox 2354 1290 2641 1356; x_wconf 90' lang='lat' dir='ltr'><strong>multum</strong></span> 
     </span>
     <span class='ocr_line' id='line_1_5' title="bbox 545 1390 2641 1479; baseline 0.001 -22"><span class='ocrx_word' id='word_1_30' title='bbox 545 1397 584 1428; x_wconf 89' lang='lat'><strong>“</strong></span> <span class='ocrx_word' id='word_1_31' title='bbox 626 1396 797 1458; x_wconf 88' lang='lat' dir='ltr'><strong>esset</strong></span> <span class='ocrx_word' id='word_1_32' title='bbox 837 1391 1002 1458; x_wconf 89' lang='lat' dir='ltr'><strong>utile</strong></span> <span class='ocrx_word' id='word_1_33' title='bbox 1043 1391 1328 1458; x_wconf 67' lang='lat' dir='ltr'><strong>ecclesiae</strong></span> <span class='ocrx_word' id='word_1_34' title='bbox 1373 1391 1501 1458; x_wconf 89' lang='lat' dir='ltr'><strong>Dei</strong></span> <span class='ocrx_word' id='word_1_35' title='bbox 1547 1390 1955 1458; x_wconf 86' lang='lat' dir='ltr'><strong>considerare</strong></span> <span class='ocrx_word' id='word_1_36' title='bbox 1999 1392 2083 1457; x_wconf 92' lang='lat' dir='ltr'><strong>de</strong></span> <span class='ocrx_word' id='word_1_37' title='bbox 2126 1395 2419 1479; x_wconf 90' lang='lat' dir='ltr'><strong>tempore</strong></span> <span class='ocrx_word' id='word_1_38' title='bbox 2448 1393 2641 1459; x_wconf 84' lang='lat' dir='ltr'><strong>istius</strong></span> 
     </span>
     <span class='ocr_line' id='line_1_6' title="bbox 546 1493 2644 1582; baseline 0.001 -23"><span class='ocrx_word' id='word_1_39' title='bbox 546 1498 584 1529; x_wconf 92' lang='lat'><strong>“</strong></span> <span class='ocrx_word' id='word_1_40' title='bbox 627 1494 810 1582; x_wconf 79' lang='lat' dir='ltr'><strong>legis,</strong></span> <span class='ocrx_word' id='word_1_41' title='bbox 856 1515 943 1560; x_wconf 86' lang='lat' dir='ltr'><strong>an</strong></span> <span class='ocrx_word' id='word_1_42' title='bbox 987 1494 1120 1560; x_wconf 91' lang='lat' dir='ltr'><strong>cito</strong></span> <span class='ocrx_word' id='word_1_43' title='bbox 1164 1493 1391 1560; x_wconf 82' lang='lat' dir='ltr'><strong>veniet</strong></span> <span class='ocrx_word' id='word_1_44' title='bbox 1443 1515 1562 1580; x_wconf 89' lang='lat' dir='ltr'><strong>per</strong></span> <span class='ocrx_word' id='word_1_45' title='bbox 1625 1493 2135 1560; x_wconf 71' lang='lat' dir='ltr'><strong>destructionem</strong></span> <span class='ocrx_word' id='word_1_46' title='bbox 2200 1494 2365 1582; x_wconf 82' lang='lat' dir='ltr'><strong>legis</strong></span> <span class='ocrx_word' id='word_1_47' title='bbox 2410 1493 2644 1562; x_wconf 83' lang='lat' dir='ltr'><strong>Maho-</strong></span> 
     </span>
     <span class='ocr_line' id='line_1_7' title="bbox 548 1595 2693 1684; baseline 0.001 -22"><span class='ocrx_word' id='word_1_48' title='bbox 548 1606 584 1634; x_wconf 90' lang='lat'><strong>“</strong></span> <span class='ocrx_word' id='word_1_49' title='bbox 629 1597 808 1678; x_wconf 89' lang='lat' dir='ltr'><strong>meti,</strong></span> <span class='ocrx_word' id='word_1_50' title='bbox 854 1619 942 1662; x_wconf 87' lang='lat' dir='ltr'><strong>an</strong></span> <span class='ocrx_word' id='word_1_51' title='bbox 987 1596 1272 1662; x_wconf 91' lang='lat' dir='ltr'><strong>multum</strong></span> <span class='ocrx_word' id='word_1_52' title='bbox 1332 1597 1543 1682; x_wconf 84' lang='lat' dir='ltr'><strong>longe.</strong></span> <span class='ocrx_word' id='word_1_53' title='bbox 1609 1645 1626 1662; x_wconf 91' lang='lat'><strong>.</strong></span> <span class='ocrx_word' id='word_1_54' title='bbox 1693 1645 1710 1662; x_wconf 92' lang='lat'><strong>.</strong></span> <span class='ocrx_word' id='word_1_55' title='bbox 1776 1647 1791 1661; x_wconf 91' lang='lat'><strong>.</strong></span> <span class='ocrx_word' id='word_1_56' title='bbox 1856 1595 2032 1662; x_wconf 90' lang='lat' dir='ltr'><strong>Nolo</strong></span> <span class='ocrx_word' id='word_1_57' title='bbox 2098 1595 2207 1662; x_wconf 84' lang='lat' dir='ltr'><strong>hic</strong></span> <span class='ocrx_word' id='word_1_58' title='bbox 2267 1617 2507 1684; x_wconf 86' lang='lat' dir='ltr'><strong>ponere</strong></span> <span class='ocrx_word' id='word_1_59' title='bbox 2571 1620 2642 1664; x_wconf 91' lang='lat' dir='ltr'><strong>os</strong></span> <span class='ocrx_word' id='word_1_60' title='bbox 2682 1609 2693 1620; x_wconf 86' lang='lat'>&#39;</span> 
     </span>
     <span class='ocr_line' id='line_1_8' title="bbox 548 1697 2646 1784; baseline 0.001 -20"><span class='ocrx_word' id='word_1_61' title='bbox 548 1705 584 1736; x_wconf 80' lang='lat'><strong>‘⁶</strong></span> <span class='ocrx_word' id='word_1_62' title='bbox 629 1721 850 1765; x_wconf 87' lang='lat' dir='ltr'><strong>meum</strong></span> <span class='ocrx_word' id='word_1_63' title='bbox 922 1701 995 1764; x_wconf 88' lang='lat' dir='ltr'><strong>in</strong></span> <span class='ocrx_word' id='word_1_64' title='bbox 1069 1699 1324 1775; x_wconf 81' lang='lat' dir='ltr'><strong>coelum,</strong></span> <span class='ocrx_word' id='word_1_65' title='bbox 1387 1698 1502 1762; x_wconf 91' lang='lat' dir='ltr'><strong>sed</strong></span> <span class='ocrx_word' id='word_1_66' title='bbox 1573 1697 1704 1762; x_wconf 89' lang='lat' dir='ltr'><strong>scio</strong></span> <span class='ocrx_word' id='word_1_67' title='bbox 1747 1698 1921 1784; x_wconf 91' lang='lat' dir='ltr'><strong>quod</strong></span> <span class='ocrx_word' id='word_1_68' title='bbox 1986 1698 2041 1763; x_wconf 88' lang='lat' dir='ltr'><strong>si</strong></span> <span class='ocrx_word' id='word_1_69' title='bbox 2112 1699 2383 1764; x_wconf 82' lang='lat' dir='ltr'><strong>ecclesia</strong></span> <span class='ocrx_word' id='word_1_70' title='bbox 2441 1701 2646 1766; x_wconf 90' lang='lat' dir='ltr'><strong>vellet</strong></span> 
     </span>
     <span class='ocr_line' id='line_1_9' title="bbox 549 1799 2645 1888; baseline 0 -21"><span class='ocrx_word' id='word_1_71' title='bbox 549 1808 584 1839; x_wconf 89' lang='lat'><strong><em>“</em></strong></span> <span class='ocrx_word' id='word_1_72' title='bbox 629 1803 964 1868; x_wconf 85' lang='lat' dir='ltr'><strong>revolvere</strong></span> <span class='ocrx_word' id='word_1_73' title='bbox 1008 1801 1296 1866; x_wconf 85' lang='lat' dir='ltr'><strong>Textum</strong></span> <span class='ocrx_word' id='word_1_74' title='bbox 1344 1799 1618 1866; x_wconf 84' lang='lat' dir='ltr'><strong>Sacrum</strong></span> <span class='ocrx_word' id='word_1_75' title='bbox 1665 1805 1734 1866; x_wconf 89' lang='lat' dir='ltr'><strong>et</strong></span> <span class='ocrx_word' id='word_1_76' title='bbox 1778 1800 2155 1887; x_wconf 77' lang='lat' dir='ltr'><strong>prophetias</strong></span> <span class='ocrx_word' id='word_1_77' title='bbox 2183 1823 2413 1882; x_wconf 77' lang='lat' dir='ltr'><strong>sacras,</strong></span> <span class='ocrx_word' id='word_1_78' title='bbox 2444 1807 2645 1888; x_wconf 88' lang='lat' dir='ltr'><strong>atque</strong></span> 
     </span>
     <span class='ocr_line' id='line_1_10' title="bbox 545 1901 2645 1992; baseline 0 -23"><span class='ocrx_word' id='word_1_79' title='bbox 545 1909 586 1942; x_wconf 86' lang='lat'><strong>“</strong></span> <span class='ocrx_word' id='word_1_80' title='bbox 628 1905 1006 1992; x_wconf 77' lang='lat' dir='ltr'><strong>prophetias</strong></span> <span class='ocrx_word' id='word_1_81' title='bbox 1051 1903 1344 1990; x_wconf 72' lang='lat' dir='ltr'><strong>Sibyllae,</strong></span> <span class='ocrx_word' id='word_1_82' title='bbox 1391 1908 1462 1969; x_wconf 86' lang='lat' dir='ltr'><strong>et</strong></span> <span class='ocrx_word' id='word_1_83' title='bbox 1507 1901 1796 1984; x_wconf 83' lang='lat' dir='ltr'><strong>Merlini‚</strong></span> <span class='ocrx_word' id='word_1_84' title='bbox 1842 1907 1912 1967; x_wconf 89' lang='lat' dir='ltr'><strong>et</strong></span> <span class='ocrx_word' id='word_1_85' title='bbox 1956 1903 2239 1990; x_wconf 80' lang='lat' dir='ltr'><strong>Aquilae,</strong></span> <span class='ocrx_word' id='word_1_86' title='bbox 2285 1907 2354 1970; x_wconf 90' lang='lat' dir='ltr'><strong>et</strong></span> <span class='ocrx_word' id='word_1_87' title='bbox 2398 1903 2645 1970; x_wconf 86' lang='lat' dir='ltr'><strong>Sestio-</strong></span> 
     </span>
     <span class='ocr_line' id='line_1_11' title="bbox 547 2003 2645 2092; baseline -0 -19"><span class='ocrx_word' id='word_1_88' title='bbox 547 2013 586 2044; x_wconf 91' lang='lat'>“</span> <span class='ocrx_word' id='word_1_89' title='bbox 629 2007 750 2084; x_wconf 82' lang='lat' dir='ltr'><strong>nis,</strong></span> <span class='ocrx_word' id='word_1_90' title='bbox 796 2007 844 2073; x_wconf 87' lang='lat' dir='ltr'><strong>J</strong></span> <span class='ocrx_word' id='word_1_91' title='bbox 847 2005 1100 2072; x_wconf 89' lang='lat' dir='ltr'><strong>oachim</strong></span> <span class='ocrx_word' id='word_1_92' title='bbox 1145 2008 1216 2071; x_wconf 87' lang='lat' dir='ltr'><strong>et</strong></span> <span class='ocrx_word' id='word_1_93' title='bbox 1260 2004 1624 2070; x_wconf 87' lang='lat' dir='ltr'><strong>multorum</strong></span> <span class='ocrx_word' id='word_1_94' title='bbox 1669 2005 1971 2086; x_wconf 86' lang='lat' dir='ltr'><strong>aliorum,</strong></span> <span class='ocrx_word' id='word_1_95' title='bbox 2018 2006 2287 2092; x_wconf 87' lang='lat' dir='ltr'><strong>insuper</strong></span> <span class='ocrx_word' id='word_1_96' title='bbox 2336 2003 2645 2073; x_wconf 81' lang='lat' dir='ltr'><strong>historias</strong></span> 
     </span>
     <span class='ocr_line' id='line_1_12' title="bbox 548 2107 2645 2195; baseline -0 -20"><span class='ocrx_word' id='word_1_97' title='bbox 548 2115 586 2146; x_wconf 88' lang='lat'><strong>“</strong></span> <span class='ocrx_word' id='word_1_98' title='bbox 631 2116 700 2175; x_wconf 90' lang='lat' dir='ltr'><strong>et</strong></span> <span class='ocrx_word' id='word_1_99' title='bbox 763 2109 966 2174; x_wconf 85' lang='lat' dir='ltr'><strong>libros</strong></span> <span class='ocrx_word' id='word_1_100' title='bbox 1028 2107 1582 2195; x_wconf 88' lang='lat' dir='ltr'><strong>philosophorum,</strong></span> <span class='ocrx_word' id='word_1_101' title='bbox 1645 2113 1847 2194; x_wconf 86' lang='lat' dir='ltr'><strong>atque</strong></span> <span class='ocrx_word' id='word_1_102' title='bbox 1910 2108 2179 2194; x_wconf 89' lang='lat' dir='ltr'><strong>juberet</strong></span> <span class='ocrx_word' id='word_1_103' title='bbox 2251 2109 2645 2176; x_wconf 87' lang='lat' dir='ltr'><strong>considerari</strong></span> 
     </span>
     <span class='ocr_line' id='line_1_13' title="bbox 547 2207 2645 2298; baseline -0.002 -20"><span class='ocrx_word' id='word_1_104' title='bbox 547 2217 586 2248; x_wconf 89' lang='lat'><strong>“</strong></span> <span class='ocrx_word' id='word_1_105' title='bbox 629 2211 772 2278; x_wconf 86' lang='lat' dir='ltr'><strong>vias</strong></span> <span class='ocrx_word' id='word_1_106' title='bbox 833 2211 1271 2291; x_wconf 61' lang='lat' dir='ltr'><strong>astronomiae,</strong></span> <span class='ocrx_word' id='word_1_107' title='bbox 1335 2210 1753 2275; x_wconf 88' lang='lat' dir='ltr'><strong>inveniretur</strong></span> <span class='ocrx_word' id='word_1_108' title='bbox 1828 2207 2153 2274; x_wconf 87' lang='lat' dir='ltr'><strong>sufficiens</strong></span> <span class='ocrx_word' id='word_1_109' title='bbox 2212 2211 2493 2298; x_wconf 89' lang='lat' dir='ltr'><strong>suspicio</strong></span> <span class='ocrx_word' id='word_1_110' title='bbox 2536 2209 2645 2276; x_wconf 92' lang='lat' dir='ltr'><strong>vel</strong></span> 
     </span>
     <span class='ocr_line' id='line_1_14' title="bbox 551 2309 2647 2400; baseline 0 -22"><span class='ocrx_word' id='word_1_111' title='bbox 551 2321 590 2350; x_wconf 90' lang='lat'><strong>“</strong></span> <span class='ocrx_word' id='word_1_112' title='bbox 631 2314 840 2400; x_wconf 81' lang='lat' dir='ltr'><strong>magis</strong></span> <span class='ocrx_word' id='word_1_113' title='bbox 885 2313 1212 2378; x_wconf 85' lang='lat' dir='ltr'><strong>certitudo</strong></span> <span class='ocrx_word' id='word_1_114' title='bbox 1274 2313 1356 2378; x_wconf 94' lang='lat' dir='ltr'><strong>de</strong></span> <span class='ocrx_word' id='word_1_115' title='bbox 1415 2317 1710 2398; x_wconf 88' lang='lat' dir='ltr'><strong>tempore</strong></span> <span class='ocrx_word' id='word_1_116' title='bbox 1755 2309 2213 2378; x_wconf 81' lang='lat' dir='ltr'><strong>Antichristi.”</strong></span> <span class='ocrx_word' id='word_1_117' title='bbox 2301 2311 2466 2380; x_wconf 82' lang='lat' dir='ltr'><strong>Haec</strong></span> <span class='ocrx_word' id='word_1_118' title='bbox 2532 2312 2647 2378; x_wconf 87' lang='lat' dir='ltr'><strong>illa</strong></span> 
     </span>
     <span class='ocr_line' id='line_1_15' title="bbox 547 2413 2647 2502; baseline -0 -20"><span class='ocrx_word' id='word_1_119' title='bbox 547 2420 648 2482; x_wconf 85' lang='lat' dir='ltr'><strong>est</strong></span> <span class='ocrx_word' id='word_1_120' title='bbox 689 2416 964 2493; x_wconf 86' lang='lat' dir='ltr'><strong>utilitas,</strong></span> <span class='ocrx_word' id='word_1_121' title='bbox 1013 2435 1210 2502; x_wconf 87' lang='lat' dir='ltr'><strong>quam</strong></span> <span class='ocrx_word' id='word_1_122' title='bbox 1267 2415 1442 2480; x_wconf 80' lang='lat' dir='ltr'><strong>Baco</strong></span> <span class='ocrx_word' id='word_1_123' title='bbox 1510 2435 1598 2479; x_wconf 86' lang='lat' dir='ltr'><strong>ex</strong></span> <span class='ocrx_word' id='word_1_124' title='bbox 1663 2413 1887 2479; x_wconf 85' lang='lat' dir='ltr'><strong>studio</strong></span> <span class='ocrx_word' id='word_1_125' title='bbox 1949 2413 2323 2501; x_wconf 67' lang='lat' dir='ltr'><strong>astrologiae</strong></span> <span class='ocrx_word' id='word_1_126' title='bbox 2386 2415 2647 2481; x_wconf 87' lang='lat' dir='ltr'><strong>derivat</strong></span> 
     </span>
     <span class='ocr_line' id='line_1_16' title="bbox 548 2515 2649 2602; baseline -0 -19"><span class='ocrx_word' id='word_1_127' title='bbox 548 2519 620 2583; x_wconf 87' lang='lat' dir='ltr'><strong>in</strong></span> <span class='ocrx_word' id='word_1_128' title='bbox 665 2518 1038 2597; x_wconf 83' lang='lat' dir='ltr'><strong>ecclesiam3</strong></span> <span class='ocrx_word' id='word_1_129' title='bbox 1085 2522 1153 2582; x_wconf 90' lang='lat' dir='ltr'><strong>et</strong></span> <span class='ocrx_word' id='word_1_130' title='bbox 1198 2539 1398 2602; x_wconf 88' lang='lat' dir='ltr'><strong>quam</strong></span> <span class='ocrx_word' id='word_1_131' title='bbox 1441 2536 1578 2582; x_wconf 90' lang='lat' dir='ltr'><strong>non</strong></span> <span class='ocrx_word' id='word_1_132' title='bbox 1623 2516 1837 2594; x_wconf 87' lang='lat' dir='ltr'><strong>semel,</strong></span> <span class='ocrx_word' id='word_1_133' title='bbox 1886 2515 2002 2581; x_wconf 90' lang='lat' dir='ltr'><strong>sed</strong></span> <span class='ocrx_word' id='word_1_134' title='bbox 2059 2515 2301 2582; x_wconf 88' lang='lat' dir='ltr'><strong>iterum</strong></span> <span class='ocrx_word' id='word_1_135' title='bbox 2344 2517 2649 2584; x_wconf 90' lang='lat' dir='ltr'><strong>condem-</strong></span> 
     </span>
     <span class='ocr_line' id='line_1_17' title="bbox 549 2617 2645 2706; baseline -0.001 -20"><span class='ocrx_word' id='word_1_136' title='bbox 549 2625 670 2686; x_wconf 86' lang='lat' dir='ltr'><strong>nat</strong></span> <span class='ocrx_word' id='word_1_137' title='bbox 711 2620 759 2686; x_wconf 87' lang='lat' dir='ltr'><strong>J</strong></span> <span class='ocrx_word' id='word_1_138' title='bbox 761 2641 1008 2686; x_wconf 85' lang='lat' dir='ltr'><strong>oannes</strong></span> <span class='ocrx_word' id='word_1_139' title='bbox 1053 2618 1248 2684; x_wconf 89' lang='lat' dir='ltr'><strong>Picus</strong></span> <span class='ocrx_word' id='word_1_140' title='bbox 1303 2618 1809 2684; x_wconf 84' lang='lat' dir='ltr'><strong>Mirandulanus</strong></span> <span class='ocrx_word' id='word_1_141' title='bbox 1852 2639 2079 2685; x_wconf 88' lang='lat' dir='ltr'><strong>comes.</strong></span> <span class='ocrx_word' id='word_1_142' title='bbox 2174 2617 2450 2686; x_wconf 86' lang='lat' dir='ltr'><strong>Frustra</strong></span> <span class='ocrx_word' id='word_1_143' title='bbox 2490 2641 2645 2706; x_wconf 87' lang='lat' dir='ltr'><strong>ergo</strong></span> 
     </span>
     <span class='ocr_line' id='line_1_18' title="bbox 550 2719 2648 2802; baseline -0 -15"><span class='ocrx_word' id='word_1_144' title='bbox 550 2722 936 2787; x_wconf 78' lang='lat' dir='ltr'><strong>laborarunt</strong></span> <span class='ocrx_word' id='word_1_145' title='bbox 1011 2720 1252 2786; x_wconf 88' lang='lat' dir='ltr'><strong>Veneti</strong></span> <span class='ocrx_word' id='word_1_146' title='bbox 1327 2719 1628 2802; x_wconf 87' lang='lat' dir='ltr'><strong>editores,</strong></span> <span class='ocrx_word' id='word_1_147' title='bbox 1706 2721 2036 2786; x_wconf 87' lang='lat' dir='ltr'><strong>Baconem</strong></span> <span class='ocrx_word' id='word_1_148' title='bbox 2112 2741 2261 2786; x_wconf 93' lang='lat' dir='ltr'><strong>cum</strong></span> <span class='ocrx_word' id='word_1_149' title='bbox 2325 2743 2367 2785; x_wconf 92' lang='lat' dir='ltr'><strong>a</strong></span> <span class='ocrx_word' id='word_1_150' title='bbox 2427 2721 2648 2789; x_wconf 88' lang='lat' dir='ltr'><strong>studio</strong></span> 
     </span>
     <span class='ocr_line' id='line_1_19' title="bbox 541 2823 1773 2911; baseline -0.001 -22"><span class='ocrx_word' id='word_1_151' title='bbox 541 2823 876 2911; x_wconf 88' lang='lat' dir='ltr'><strong>judicialis</strong></span> <span class='ocrx_word' id='word_1_152' title='bbox 919 2823 1290 2911; x_wconf 77' lang='lat' dir='ltr'><strong>astrologice</strong></span> <span class='ocrx_word' id='word_1_153' title='bbox 1335 2823 1773 2889; x_wconf 83' lang='lat' dir='ltr'><strong>defensarunt.</strong></span> 
     </span>
    </p>

    <p class='ocr_par' dir='ltr' id='par_1_3' title="bbox 549 2923 2661 4848">
     <span class='ocr_line' id='line_1_20' title="bbox 641 2923 2653 3014; baseline -0 -22"><span class='ocrx_word' id='word_1_154' title='bbox 641 2926 798 2993; x_wconf 90' lang='lat' dir='ltr'><strong>Non</strong></span> <span class='ocrx_word' id='word_1_155' title='bbox 843 2932 944 2992; x_wconf 84' lang='lat' dir='ltr'><strong>est</strong></span> <span class='ocrx_word' id='word_1_156' title='bbox 985 2927 1280 3014; x_wconf 86' lang='lat' dir='ltr'><strong>profecto</strong></span> <span class='ocrx_word' id='word_1_157' title='bbox 1322 2926 1394 2991; x_wconf 89' lang='lat' dir='ltr'><strong>in</strong></span> <span class='ocrx_word' id='word_1_158' title='bbox 1439 2927 1674 3003; x_wconf 88' lang='lat' dir='ltr'><strong>animo,</strong></span> <span class='ocrx_word' id='word_1_159' title='bbox 1723 2923 1858 3005; x_wconf 85' lang='lat' dir='ltr'><strong>diu,</strong></span> <span class='ocrx_word' id='word_1_160' title='bbox 1904 2926 2319 3011; x_wconf 87' lang='lat' dir='ltr'><strong>multumque</strong></span> <span class='ocrx_word' id='word_1_161' title='bbox 2377 2926 2453 2991; x_wconf 90' lang='lat' dir='ltr'><strong>in</strong></span> <span class='ocrx_word' id='word_1_162' title='bbox 2518 2926 2653 2991; x_wconf 87' lang='lat' dir='ltr'><strong>dis-</strong></span> 
     </span>
     <span class='ocr_line' id='line_1_21' title="bbox 549 3026 2648 3114; baseline -0.001 -19"><span class='ocrx_word' id='word_1_163' title='bbox 549 3028 882 3095; x_wconf 82' lang='lat' dir='ltr'><strong>solvendis</strong></span> <span class='ocrx_word' id='word_1_164' title='bbox 925 3027 1102 3095; x_wconf 90' lang='lat' dir='ltr'><strong>hisce</strong></span> <span class='ocrx_word' id='word_1_165' title='bbox 1165 3026 1550 3109; x_wconf 87' lang='lat' dir='ltr'><strong>immorari;</strong></span> <span class='ocrx_word' id='word_1_166' title='bbox 1608 3026 1972 3114; x_wconf 86' lang='lat' dir='ltr'><strong>praesertim</strong></span> <span class='ocrx_word' id='word_1_167' title='bbox 2034 3048 2181 3092; x_wconf 86' lang='lat' dir='ltr'><strong>cum</strong></span> <span class='ocrx_word' id='word_1_168' title='bbox 2248 3026 2417 3093; x_wconf 83' lang='lat' dir='ltr'><strong>nihil</strong></span> <span class='ocrx_word' id='word_1_169' title='bbox 2479 3026 2648 3093; x_wconf 81' lang='lat' dir='ltr'><strong>diffi-</strong></span> 
     </span>
     <span class='ocr_line' id='line_1_22' title="bbox 551 3127 2651 3215; baseline -0.001 -18"><span class='ocrx_word' id='word_1_170' title='bbox 551 3130 816 3197; x_wconf 86' lang='lat' dir='ltr'><strong>cultatis</strong></span> <span class='ocrx_word' id='word_1_171' title='bbox 905 3130 1308 3197; x_wconf 80' lang='lat' dir='ltr'><strong>contineant.</strong></span> <span class='ocrx_word' id='word_1_172' title='bbox 1420 3128 1624 3195; x_wconf 84' lang='lat' dir='ltr'><strong>Haud</strong></span> <span class='ocrx_word' id='word_1_173' title='bbox 1715 3128 2077 3215; x_wconf 85' lang='lat' dir='ltr'><strong>quemlibet</strong></span> <span class='ocrx_word' id='word_1_174' title='bbox 2166 3127 2360 3215; x_wconf 84' lang='lat' dir='ltr'><strong>fugit,</strong></span> <span class='ocrx_word' id='word_1_175' title='bbox 2454 3152 2651 3215; x_wconf 89' lang='lat' dir='ltr'><strong>quam</strong></span> 
     </span>
     <span class='ocr_line' id='line_1_23' title="bbox 551 3228 2651 3298; baseline -0.001 0"><span class='ocrx_word' id='word_1_176' title='bbox 551 3232 868 3298; x_wconf 87' lang='lat' dir='ltr'><strong>mathesis</strong></span> <span class='ocrx_word' id='word_1_177' title='bbox 943 3231 1238 3296; x_wconf 88' lang='lat' dir='ltr'><strong>studium</strong></span> <span class='ocrx_word' id='word_1_178' title='bbox 1313 3230 1642 3295; x_wconf 83' lang='lat' dir='ltr'><strong>adamarit</strong></span> <span class='ocrx_word' id='word_1_179' title='bbox 1689 3228 1905 3294; x_wconf 79' lang='lat' dir='ltr'><strong>Bacol</strong></span> <span class='ocrx_word' id='word_1_180' title='bbox 2018 3228 2169 3294; x_wconf 90' lang='lat' dir='ltr'><strong>Hoc</strong></span> <span class='ocrx_word' id='word_1_181' title='bbox 2234 3250 2370 3294; x_wconf 90' lang='lat' dir='ltr'><strong>non</strong></span> <span class='ocrx_word' id='word_1_182' title='bbox 2438 3232 2651 3295; x_wconf 89' lang='lat' dir='ltr'><strong>solum</strong></span> 
     </span>
     <span class='ocr_line' id='line_1_24' title="bbox 551 3329 2651 3409; baseline -0.001 -10"><span class='ocrx_word' id='word_1_183' title='bbox 551 3336 624 3399; x_wconf 88' lang='lat' dir='ltr'><strong>in</strong></span> <span class='ocrx_word' id='word_1_184' title='bbox 688 3332 994 3397; x_wconf 88' lang='lat' dir='ltr'><strong>humanis</strong></span> <span class='ocrx_word' id='word_1_185' title='bbox 1055 3329 1492 3409; x_wconf 83' lang='lat' dir='ltr'><strong>commendat,</strong></span> <span class='ocrx_word' id='word_1_186' title='bbox 1538 3330 1654 3394; x_wconf 90' lang='lat' dir='ltr'><strong>sed</strong></span> <span class='ocrx_word' id='word_1_187' title='bbox 1721 3330 1923 3394; x_wconf 85' lang='lat' dir='ltr'><strong>etiam</strong></span> <span class='ocrx_word' id='word_1_188' title='bbox 1991 3330 2063 3392; x_wconf 91' lang='lat' dir='ltr'><strong>in</strong></span> <span class='ocrx_word' id='word_1_189' title='bbox 2130 3330 2375 3394; x_wconf 89' lang='lat' dir='ltr'><strong>divinis</strong></span> <span class='ocrx_word' id='word_1_190' title='bbox 2438 3352 2651 3397; x_wconf 86' lang='lat' dir='ltr'><strong>neces-</strong></span> 
     </span>
     <span class='ocr_line' id='line_1_25' title="bbox 552 3430 2653 3520; baseline -0.001 -20"><span class='ocrx_word' id='word_1_191' title='bbox 552 3435 798 3501; x_wconf 86' lang='lat' dir='ltr'><strong>sarium</strong></span> <span class='ocrx_word' id='word_1_192' title='bbox 861 3436 1072 3520; x_wconf 87' lang='lat' dir='ltr'><strong>putat,</strong></span> <span class='ocrx_word' id='word_1_193' title='bbox 1121 3454 1198 3497; x_wconf 92' lang='lat' dir='ltr'><strong>eo</strong></span> <span class='ocrx_word' id='word_1_194' title='bbox 1243 3431 1420 3518; x_wconf 90' lang='lat' dir='ltr'><strong>quod</strong></span> <span class='ocrx_word' id='word_1_195' title='bbox 1481 3430 1774 3495; x_wconf 86' lang='lat' dir='ltr'><strong>humana</strong></span> <span class='ocrx_word' id='word_1_196' title='bbox 1834 3430 1921 3495; x_wconf 90' lang='lat' dir='ltr'><strong>ad</strong></span> <span class='ocrx_word' id='word_1_197' title='bbox 1988 3430 2219 3494; x_wconf 86' lang='lat' dir='ltr'><strong>divina</strong></span> <span class='ocrx_word' id='word_1_198' title='bbox 2282 3431 2653 3498; x_wconf 88' lang='lat' dir='ltr'><strong>reducenda</strong></span> 
     </span>
     <span class='ocr_line' id='line_1_26' title="bbox 552 3530 2649 3621; baseline -0.002 -17"><span class='ocrx_word' id='word_1_199' title='bbox 552 3538 704 3604; x_wconf 88' lang='lat' dir='ltr'><strong>sint.</strong></span> <span class='ocrx_word' id='word_1_200' title='bbox 797 3536 978 3599; x_wconf 89' lang='lat' dir='ltr'><strong>Hinc</strong></span> <span class='ocrx_word' id='word_1_201' title='bbox 1019 3534 1166 3599; x_wconf 89' lang='lat' dir='ltr'><strong>fieri</strong></span> <span class='ocrx_word' id='word_1_202' title='bbox 1211 3554 1398 3621; x_wconf 85' lang='lat' dir='ltr'><strong>posse</strong></span> <span class='ocrx_word' id='word_1_203' title='bbox 1443 3532 1670 3612; x_wconf 84' lang='lat' dir='ltr'><strong>credit,</strong></span> <span class='ocrx_word' id='word_1_204' title='bbox 1717 3536 1813 3609; x_wconf 90' lang='lat' dir='ltr'><strong>ut,</strong></span> <span class='ocrx_word' id='word_1_205' title='bbox 1870 3552 2019 3618; x_wconf 78' lang='lat' dir='ltr'><strong>quse</strong></span> <span class='ocrx_word' id='word_1_206' title='bbox 2063 3530 2275 3598; x_wconf 84' lang='lat' dir='ltr'><strong>tradit</strong></span> <span class='ocrx_word' id='word_1_207' title='bbox 2318 3534 2649 3613; x_wconf 86' lang='lat' dir='ltr'><strong>mathesis,</strong></span> 
     </span>
     <span class='ocr_line' id='line_1_27' title="bbox 553 3633 2653 3725; baseline -0.001 -20"><span class='ocrx_word' id='word_1_208' title='bbox 553 3640 623 3705; x_wconf 92' lang='lat' dir='ltr'><strong>id</strong></span> <span class='ocrx_word' id='word_1_209' title='bbox 669 3639 1026 3725; x_wconf 89' lang='lat' dir='ltr'><strong>plurimum</strong></span> <span class='ocrx_word' id='word_1_210' title='bbox 1069 3638 1155 3702; x_wconf 88' lang='lat' dir='ltr'><strong>ad</strong></span> <span class='ocrx_word' id='word_1_211' title='bbox 1199 3636 1356 3702; x_wconf 90' lang='lat' dir='ltr'><strong>fidei</strong></span> <span class='ocrx_word' id='word_1_212' title='bbox 1399 3634 1964 3701; x_wconf 83' lang='lat' dir='ltr'><strong>confirmationem</strong></span> <span class='ocrx_word' id='word_1_213' title='bbox 2008 3633 2244 3713; x_wconf 85' lang='lat' dir='ltr'><strong>valeat,</strong></span> <span class='ocrx_word' id='word_1_214' title='bbox 2293 3656 2426 3700; x_wconf 86' lang='lat' dir='ltr'><strong>non</strong></span> <span class='ocrx_word' id='word_1_215' title='bbox 2473 3636 2653 3722; x_wconf 90' lang='lat' dir='ltr'><strong>quod</strong></span> 
     </span>
     <span class='ocr_line' id='line_1_28' title="bbox 556 3737 2654 3825; baseline -0.002 -17"><span class='ocrx_word' id='word_1_216' title='bbox 556 3743 720 3808; x_wconf 88' lang='lat' dir='ltr'><strong>velit</strong></span> <span class='ocrx_word' id='word_1_217' title='bbox 786 3740 1114 3805; x_wconf 85' lang='lat' dir='ltr'><strong>rationem</strong></span> <span class='ocrx_word' id='word_1_218' title='bbox 1193 3738 1378 3825; x_wconf 88' lang='lat' dir='ltr'><strong>prius</strong></span> <span class='ocrx_word' id='word_1_219' title='bbox 1457 3760 1656 3825; x_wconf 89' lang='lat' dir='ltr'><strong>quam</strong></span> <span class='ocrx_word' id='word_1_220' title='bbox 1717 3737 1918 3802; x_wconf 90' lang='lat' dir='ltr'><strong>fidem</strong></span> <span class='ocrx_word' id='word_1_221' title='bbox 1942 3808 1959 3821; x_wconf 90' lang='lat'><strong>.</strong></span> <span class='ocrx_word' id='word_1_222' title='bbox 1985 3756 2123 3801; x_wconf 86' lang='lat' dir='ltr'><strong>esse</strong></span> <span class='ocrx_word' id='word_1_223' title='bbox 2189 3738 2654 3823; x_wconf 78' lang='lat' dir='ltr'><strong>quaerendam3</strong></span> 
     </span>
     <span class='ocr_line' id='line_1_29' title="bbox 555 3837 2652 3927; baseline -0.002 -16"><span class='ocrx_word' id='word_1_224' title='bbox 555 3845 669 3911; x_wconf 88' lang='lat' dir='ltr'><strong>sed</strong></span> <span class='ocrx_word' id='word_1_225' title='bbox 712 3843 894 3908; x_wconf 86' lang='lat' dir='ltr'><strong>illam</strong></span> <span class='ocrx_word' id='word_1_226' title='bbox 939 3841 1094 3907; x_wconf 89' lang='lat' dir='ltr'><strong>fidei</strong></span> <span class='ocrx_word' id='word_1_227' title='bbox 1164 3840 1621 3927; x_wconf 86' lang='lat' dir='ltr'><strong>pedissequam</strong></span> <span class='ocrx_word' id='word_1_228' title='bbox 1683 3837 2054 3903; x_wconf 88' lang='lat' dir='ltr'><strong>habendam</strong></span> <span class='ocrx_word' id='word_1_229' title='bbox 2117 3858 2267 3904; x_wconf 89' lang='lat' dir='ltr'><strong>esse.</strong></span> <span class='ocrx_word' id='word_1_230' title='bbox 2362 3840 2652 3906; x_wconf 87' lang='lat' dir='ltr'><strong>Philoso-</strong></span> 
     </span>
     <span class='ocr_line' id='line_1_30' title="bbox 555 3941 2655 4034; baseline -0.001 -23"><span class='ocrx_word' id='word_1_231' title='bbox 555 3946 832 4034; x_wconf 88' lang='lat' dir='ltr'><strong>phorum</strong></span> <span class='ocrx_word' id='word_1_232' title='bbox 906 3944 1062 4009; x_wconf 85' lang='lat' dir='ltr'><strong>hinc</strong></span> <span class='ocrx_word' id='word_1_233' title='bbox 1135 3943 1315 4009; x_wconf 86' lang='lat' dir='ltr'><strong>dicta</strong></span> <span class='ocrx_word' id='word_1_234' title='bbox 1389 3941 1568 4007; x_wconf 89' lang='lat' dir='ltr'><strong>haud</strong></span> <span class='ocrx_word' id='word_1_235' title='bbox 1633 3942 1904 4028; x_wconf 84' lang='lat' dir='ltr'><strong>spernit,</strong></span> <span class='ocrx_word' id='word_1_236' title='bbox 1980 3960 2117 4005; x_wconf 89' lang='lat' dir='ltr'><strong>non</strong></span> <span class='ocrx_word' id='word_1_237' title='bbox 2214 3942 2371 4028; x_wconf 87' lang='lat' dir='ltr'><strong>quia</strong></span> <span class='ocrx_word' id='word_1_238' title='bbox 2460 3948 2655 4029; x_wconf 90' lang='lat' dir='ltr'><strong>putet</strong></span> 
     </span>
     <span class='ocr_line' id='line_1_31' title="bbox 557 4042 2654 4126; baseline -0.002 -11"><span class='ocrx_word' id='word_1_239' title='bbox 557 4048 990 4115; x_wconf 82' lang='lat' dir='ltr'><strong>orthodoxam</strong></span> <span class='ocrx_word' id='word_1_240' title='bbox 1035 4045 1236 4111; x_wconf 90' lang='lat' dir='ltr'><strong>fidem</strong></span> <span class='ocrx_word' id='word_1_241' title='bbox 1285 4044 1656 4111; x_wconf 86' lang='lat' dir='ltr'><strong>Gentilium</strong></span> <span class='ocrx_word' id='word_1_242' title='bbox 1701 4042 2095 4108; x_wconf 84' lang='lat' dir='ltr'><strong>auctoritate</strong></span> <span class='ocrx_word' id='word_1_243' title='bbox 2140 4044 2359 4126; x_wconf 87' lang='lat' dir='ltr'><strong>inniti,</strong></span> <span class='ocrx_word' id='word_1_244' title='bbox 2407 4045 2522 4110; x_wconf 89' lang='lat' dir='ltr'><strong>sed</strong></span> <span class='ocrx_word' id='word_1_245' title='bbox 2574 4048 2654 4111; x_wconf 90' lang='lat' dir='ltr'><strong>ut</strong></span> 
     </span>
     <span class='ocr_line' id='line_1_32' title="bbox 556 4144 2655 4238; baseline -0.002 -22"><span class='ocrx_word' id='word_1_246' title='bbox 556 4174 598 4216; x_wconf 90' lang='lat' dir='ltr'><strong>a</strong></span> <span class='ocrx_word' id='word_1_247' title='bbox 640 4148 1176 4238; x_wconf 86' lang='lat' dir='ltr'><strong>philosophorum</strong></span> <span class='ocrx_word' id='word_1_248' title='bbox 1249 4146 1511 4233; x_wconf 84' lang='lat' dir='ltr'><strong>placitis</strong></span> <span class='ocrx_word' id='word_1_249' title='bbox 1585 4146 1940 4211; x_wconf 87' lang='lat' dir='ltr'><strong>veritatem</strong></span> <span class='ocrx_word' id='word_1_250' title='bbox 2015 4144 2245 4211; x_wconf 89' lang='lat' dir='ltr'><strong>eliciat.</strong></span> <span class='ocrx_word' id='word_1_251' title='bbox 2365 4154 2401 4181; x_wconf 92' lang='lat'><strong>“</strong></span> <span class='ocrx_word' id='word_1_252' title='bbox 2430 4144 2655 4211; x_wconf 88' lang='lat' dir='ltr'><strong>Prima</strong></span> 
     </span>
     <span class='ocr_line' id='line_1_33' title="bbox 561 4246 2655 4337; baseline -0.003 -18"><span class='ocrx_word' id='word_1_253' title='bbox 561 4260 596 4289; x_wconf 91' lang='lat'><strong>“</strong></span> <span class='ocrx_word' id='word_1_254' title='bbox 639 4249 954 4329; x_wconf 86' lang='lat' dir='ltr'><strong>utilitas‚”</strong></span> <span class='ocrx_word' id='word_1_255' title='bbox 1017 4248 1234 4335; x_wconf 87' lang='lat' dir='ltr'><strong>inquit</strong></span> <span class='ocrx_word' id='word_1_256' title='bbox 1279 4270 1421 4337; x_wconf 89' lang='lat' dir='ltr'><strong>pag.</strong></span> <span class='ocrx_word' id='word_1_257' title='bbox 1473 4253 1502 4312; x_wconf 90' lang='lat'>1</span> <span class='ocrx_word' id='word_1_258' title='bbox 1519 4250 1550 4312; x_wconf 95' lang='lat'>1</span> <span class='ocrx_word' id='word_1_259' title='bbox 1563 4250 1620 4328; x_wconf 84' lang='lat'><strong>9,</strong></span> <span class='ocrx_word' id='word_1_260' title='bbox 1673 4254 1710 4283; x_wconf 90' lang='lat'>“</span> <span class='ocrx_word' id='word_1_261' title='bbox 1726 4246 2031 4312; x_wconf 89' lang='lat' dir='ltr'><strong>consistit</strong></span> <span class='ocrx_word' id='word_1_262' title='bbox 2074 4246 2145 4311; x_wconf 91' lang='lat' dir='ltr'><strong>in</strong></span> <span class='ocrx_word' id='word_1_263' title='bbox 2190 4246 2655 4313; x_wconf 86' lang='lat' dir='ltr'><strong>certificatione</strong></span> 
     </span>
     <span class='ocr_line' id='line_1_34' title="bbox 559 4347 2657 4439; baseline -0.003 -19"><span class='ocrx_word' id='word_1_264' title='bbox 559 4362 596 4393; x_wconf 90' lang='lat'>“</span> <span class='ocrx_word' id='word_1_265' title='bbox 639 4354 796 4420; x_wconf 92' lang='lat' dir='ltr'><strong>fidei</strong></span> <span class='ocrx_word' id='word_1_266' title='bbox 863 4374 1060 4439; x_wconf 88' lang='lat' dir='ltr'><strong>quam</strong></span> <span class='ocrx_word' id='word_1_267' title='bbox 1105 4354 1290 4418; x_wconf 87' lang='lat' dir='ltr'><strong>tenet</strong></span> <span class='ocrx_word' id='word_1_268' title='bbox 1351 4350 1633 4417; x_wconf 89' lang='lat' dir='ltr'><strong>ecclesia.</strong></span> <span class='ocrx_word' id='word_1_269' title='bbox 1724 4348 2044 4435; x_wconf 83' lang='lat' dir='ltr'><strong>Magnum</strong></span> <span class='ocrx_word' id='word_1_270' title='bbox 2108 4348 2283 4413; x_wconf 90' lang='lat' dir='ltr'><strong>enim</strong></span> <span class='ocrx_word' id='word_1_271' title='bbox 2345 4347 2657 4414; x_wconf 90' lang='lat' dir='ltr'><strong>solatium</strong></span> 
     </span>
     <span class='ocr_line' id='line_1_35' title="bbox 563 4450 2653 4541; baseline -0.003 -20"><span class='ocrx_word' id='word_1_272' title='bbox 563 4462 599 4491; x_wconf 88' lang='lat'>“</span> <span class='ocrx_word' id='word_1_273' title='bbox 643 4456 798 4523; x_wconf 89' lang='lat' dir='ltr'><strong>fidei</strong></span> <span class='ocrx_word' id='word_1_274' title='bbox 840 4460 1084 4522; x_wconf 73' lang='lat' dir='ltr'><strong>nostrae</strong></span> <span class='ocrx_word' id='word_1_275' title='bbox 1127 4474 1472 4541; x_wconf 87' lang='lat' dir='ltr'><strong>possumus</strong></span> <span class='ocrx_word' id='word_1_276' title='bbox 1535 4452 1794 4529; x_wconf 87' lang='lat' dir='ltr'><strong>habere,</strong></span> <span class='ocrx_word' id='word_1_277' title='bbox 1862 4454 2210 4537; x_wconf 83' lang='lat' dir='ltr'><strong>postquam</strong></span> <span class='ocrx_word' id='word_1_278' title='bbox 2272 4450 2653 4538; x_wconf 86' lang='lat' dir='ltr'><strong>philosophi,</strong></span> 
     </span>
     <span class='ocr_line' id='line_1_36' title="bbox 563 4552 2657 4645; baseline -0.002 -21"><span class='ocrx_word' id='word_1_279' title='bbox 563 4564 600 4595; x_wconf 91' lang='lat'><strong>“</strong></span> <span class='ocrx_word' id='word_1_280' title='bbox 646 4559 763 4645; x_wconf 89' lang='lat' dir='ltr'><strong>qui</strong></span> <span class='ocrx_word' id='word_1_281' title='bbox 809 4558 992 4623; x_wconf 90' lang='lat' dir='ltr'><strong>ducti</strong></span> <span class='ocrx_word' id='word_1_282' title='bbox 1038 4562 1195 4623; x_wconf 86' lang='lat' dir='ltr'><strong>sunt</strong></span> <span class='ocrx_word' id='word_1_283' title='bbox 1240 4556 1378 4623; x_wconf 87' lang='lat' dir='ltr'><strong>solo</strong></span> <span class='ocrx_word' id='word_1_284' title='bbox 1421 4558 1611 4621; x_wconf 90' lang='lat' dir='ltr'><strong>motu</strong></span> <span class='ocrx_word' id='word_1_285' title='bbox 1655 4552 1949 4631; x_wconf 86' lang='lat' dir='ltr'><strong>rationis,</strong></span> <span class='ocrx_word' id='word_1_286' title='bbox 1987 4553 2177 4618; x_wconf 86' lang='lat' dir='ltr'><strong>nobis</strong></span> <span class='ocrx_word' id='word_1_287' title='bbox 2220 4552 2657 4633; x_wconf 88' lang='lat' dir='ltr'><strong>consentiunt,</strong></span> 
     </span>
     <span class='ocr_line' id='line_1_37' title="bbox 566 4652 2661 4746; baseline -0.004 -19"><span class='ocrx_word' id='word_1_288' title='bbox 566 4670 600 4697; x_wconf 81' lang='lat'><strong>‘⁴</strong></span> <span class='ocrx_word' id='word_1_289' title='bbox 647 4666 717 4727; x_wconf 89' lang='lat' dir='ltr'><strong>et</strong></span> <span class='ocrx_word' id='word_1_290' title='bbox 761 4664 1004 4727; x_wconf 85' lang='lat' dir='ltr'><strong>sectam</strong></span> <span class='ocrx_word' id='word_1_291' title='bbox 1049 4680 1164 4725; x_wconf 87' lang='lat' dir='ltr'><strong>seu</strong></span> <span class='ocrx_word' id='word_1_292' title='bbox 1224 4658 1688 4746; x_wconf 88' lang='lat' dir='ltr'><strong>professionem</strong></span> <span class='ocrx_word' id='word_1_293' title='bbox 1753 4653 1909 4721; x_wconf 91' lang='lat' dir='ltr'><strong>fidei</strong></span> <span class='ocrx_word' id='word_1_294' title='bbox 1967 4652 2362 4721; x_wconf 63' lang='lat' dir='ltr'><strong>Christianae</strong></span> <span class='ocrx_word' id='word_1_295' title='bbox 2428 4656 2661 4722; x_wconf 90' lang='lat' dir='ltr'><strong>confir-</strong></span> 
     </span>
     <span class='ocr_line' id='line_1_38' title="bbox 565 4756 2661 4848; baseline -0.002 -19"><span class='ocrx_word' id='word_1_296' title='bbox 565 4770 600 4801; x_wconf 88' lang='lat'>“</span> <span class='ocrx_word' id='word_1_297' title='bbox 645 4770 850 4845; x_wconf 86' lang='lat' dir='ltr'><strong>mant,</strong></span> <span class='ocrx_word' id='word_1_298' title='bbox 899 4768 970 4831; x_wconf 92' lang='lat' dir='ltr'><strong>et</strong></span> <span class='ocrx_word' id='word_1_299' title='bbox 1034 4762 1374 4831; x_wconf 87' lang='lat' dir='ltr'><strong>nobiscum</strong></span> <span class='ocrx_word' id='word_1_300' title='bbox 1439 4760 1836 4828; x_wconf 84' lang='lat' dir='ltr'><strong>concordant</strong></span> <span class='ocrx_word' id='word_1_301' title='bbox 1900 4757 1972 4833; x_wconf 85' lang='lat' dir='ltr'><strong>in</strong></span> <span class='ocrx_word' id='word_1_302' title='bbox 2034 4756 2399 4827; x_wconf 84' lang='lat' dir='ltr'><strong>stabilitate</strong></span> <span class='ocrx_word' id='word_1_303' title='bbox 2463 4757 2661 4848; x_wconf 90' lang='lat' dir='ltr'><strong>hujus</strong></span> 
     </span>
    </p>
   </div>
  </div>
 </body>
</html>
