3517 5750
1368 890 1545 943 orus
1585 890 1826 943 muns,
2529 878 2664 951 347

558 1066 1067 1133 translationum
1104 1068 1453 1155 disputare.
1545 1066 1790 1132 Totum
1830 1067 2007 1133 enim
2049 1066 2448 1153 Hieronymi
2487 1065 2666 1152 quod

559 1168 877 1235 habemus
942 1171 1017 1235 in
1075 1168 1366 1255 antiquis
1426 1167 1684 1249 Bibliis,
1732 1171 1804 1234 et
1863 1170 1938 1234 in
2001 1170 2320 1257 originali,
2367 1170 2508 1236 haec
2569 1169 2668 1234 di·

560 1272 925 1337 versimode
1000 1272 1156 1337 hinc
1230 1272 1385 1337 inde
1458 1271 1856 1357 aliquotiens
1929 1272 2374 1337 transtulerat
2492 1272 2666 1353 Qua-

557 1379 825 1460 propter
885 1373 1298 1439 concluditur
1362 1374 1720 1438 necessario
1790 1394 1876 1439 ex
1937 1374 2039 1439 his
2103 1372 2425 1455 omnibus,
2487 1373 2664 1460 quod

562 1476 907 1553 translatio
966 1482 1068 1542 est
1142 1476 1541 1561 Hieronymi
1605 1498 1804 1561 quam
1862 1496 1985 1541 nos
2059 1481 2372 1542 tenemus.
2496 1476 2665 1542 Cum

560 1578 767 1663 igitur
809 1578 1051 1664 vulgus
1094 1577 1551 1664 theologorum
1598 1578 1721 1643 hoc
1765 1579 2044 1665 ignorat,
2092 1582 2163 1644 et
2206 1579 2668 1645 contradicunt

562 1680 775 1757 multi,
820 1685 890 1746 et
932 1680 1051 1745 alii
1094 1681 1425 1757 dubitant,
1482 1700 1631 1765 quae
1683 1681 1775 1745 sit
1833 1680 2183 1747 translatio
2237 1703 2437 1767 quam
2479 1681 2668 1768 sequi

561 1782 861 1863 debeant,
938 1804 1195 1849 necesse
1273 1786 1376 1848 est
1464 1782 1826 1868 quemlibet
1913 1804 2119 1849 unum
2193 1784 2475 1869 recipere
2548 1806 2667 1872 pro

562 1885 710 1966 alio,
778 1890 847 1951 et
920 1886 1351 1973 improprium
1425 1906 1544 1972 pro
1619 1884 1906 1971 propri0‚
1981 1890 2050 1951 et
2123 1886 2474 1975 multiplex
2547 1884 2668 1951 fal-

562 2008 709 2051 sum
783 2009 901 2073 pro
973 2007 1143 2053 ver0.
1268 1986 1438 2053 Cum
1512 1986 1721 2072 igitur
1791 2008 1930 2052 una
2003 1992 2102 2053 est
2176 1988 2518 2053 translatio
2593 1988 2668 2052 in

564 2088 870 2155 omnibus
934 2088 1121 2155 libris
1197 2088 1607 2168 Latinorum,
1685 2092 1755 2153 et
1829 2093 1931 2154 est
2003 2090 2117 2153 illa
2183 2112 2381 2175 quam
2454 2090 2666 2177 primo

568 2189 1016 2277 Hieronymus
1097 2191 1445 2256 transtulit
1481 2214 1497 2271 3
1589 2190 1747 2275 quia
1836 2191 2186 2256 secundam
2275 2191 2430 2256 fecit
2517 2212 2667 2257 cum

562 2292 973 2379 expositione
1040 2314 1159 2359 sua
1202 2292 1276 2357 in
1336 2292 1660 2379 originali,
1738 2293 2090 2357 translatio
2160 2315 2358 2379 quam
2421 2294 2668 2381 recepit

560 2395 831 2461 ecclesia
918 2395 1375 2482 multipliciter
1448 2396 1863 2481 depravatur.
1987 2394 2182 2475 Quod
2255 2395 2462 2482 aliqui
2532 2415 2666 2460 non

562 2501 979 2566 considerant
1022 2500 1098 2564 in
1142 2498 1571 2585 originalibus
1600 2503 1994 2576 sanctorum,
2028 2500 2186 2585 quia
2229 2499 2667 2565 translatione
2715 2574 2721 2581 .

562 2602 685 2667 usi'
720 2608 877 2667 sunt
922 2600 1151 2687 primo,
1246 2602 1417 2667 Cum
1463 2606 1688 2666 tamen
1731 2600 1873 2667 haec
1921 2602 2050 2666 fuit
2082 2602 2522 2688 Septuaginta
2563 2603 2666 2666 in-

561 2708 928 2790 terpretum
973 2702 1235 2768 Veteris
1280 2702 1707 2782 Testamenti,
1752 2708 1822 2768 et
1880 2702 2029 2768 ideo
2077 2724 2226 2769 cum
2271 2704 2482 2769 sancti
2509 2704 2667 2769 reci·

562 2812 715 2871 tant
760 2806 963 2871 verba
1026 2804 1383 2892 Scripturas
1457 2806 1818 2870 secundum
1891 2804 2076 2870 illam
2149 2807 2669 2888 translationem,

565 2914 807 2997 putant
850 2910 1007 2995 quia
1048 2929 1185 2972 una
1236 2918 1305 2975 et
1350 2909 1577 2973 eadem
1630 2913 1749 2990 est,
1813 2931 2014 2996 quam
2079 2909 2369 2997 allegant
2409 2911 2668 2990 sancti3

566 3023 632 3079 et
677 3035 826 3098 quse
888 3011 1087 3076 debet
1150 3032 1287 3076 esse
1362 3031 1539 3076 nunc
1600 3011 1673 3075 in
1736 3010 1958 3076 Biblia
2021 3012 2428 3092 Latinorum,
2493 3013 2669 3100 quod

564 3137 699 3180 non
772 3119 874 3180 est
946 3135 1197 3179 verum.
1308 3114 1399 3178 Et
1456 3112 1607 3178 ideo
1682 3115 2020 3200 corrigunt
2096 3120 2166 3180 et
2240 3119 2670 3203 corrumpunt

564 3223 827 3284 textum
886 3239 1003 3304 per
1064 3216 1233 3281 hanc
1275 3215 1474 3296 viam,
1540 3215 1712 3281 sicut
1756 3221 1941 3302 patet
2005 3239 2122 3304 per
2165 3219 2542 3304 exemplum
2587 3218 2668 3283 de

563 3341 759 3386 corvo
804 3321 877 3384 in
925 3319 1182 3398 Genesi,
1244 3324 1323 3384 ut
1355 3328 1625 3404 “expono
1671 3319 1745 3382 in
1790 3339 1984 3404 opere
2029 3321 2206 3404 quod
2265 3320 2482 3385 mitto.
2575 3321 2669 3384 Et

564 3423 869 3488 similiter
942 3421 1071 3486 alia
1146 3426 1305 3485 sunt
1378 3420 1647 3485 infinita
1730 3441 1916 3485 exem
1924 3421 2053 3506 pla.
2176 3421 2268 3486 Et
2341 3421 2668 3508 praecipue

564 3525 803 3590 accidit
860 3525 1206 3609 corruptiO,
1253 3524 1411 3608 quia
1452 3527 1602 3588 tota
1646 3522 1753 3588 die
1799 3527 2065 3588 mutant
2108 3527 2370 3588 textum
2417 3546 2504 3588 ex
2547 3524 2670 3589 hac

564 3647 774 3694 eausa.
866 3625 1109 3704 Sancti,
1156 3629 1225 3690 et
1272 3623 1560 3690 maxime
1608 3623 2070 3711 Hieronymus,
2117 3627 2399 3691 recitant
2444 3647 2668 3692 omnes

565 3729 1031 3796 translationes
1074 3727 1161 3791 ad
1202 3725 1481 3792 eandem
1526 3727 1929 3792 sententiam
1988 3732 2256 3815 propter
2310 3728 2667 3816 pleniorem

565 3831 1059 3919 expositionem.
1152 3828 1355 3893 Multi
1396 3849 1556 3894 vero
1599 3851 1735 3894 non
1797 3830 2286 3896 considerantes
2345 3832 2668 3896 rationem

566 3934 1095 4010 translationum,
1143 3933 1423 3998 credunt
1467 3932 1645 4017 quod
1688 3937 1844 3998 sunt
1889 3931 2038 4000 aliae
2096 3934 2308 4000 literae
2373 3935 2668 4019 ejusdem

565 4035 1059 4103 translationis:
1146 4038 1217 4100 et
1286 4038 1449 4100 tunc
1529 4036 1833 4100 inserunt
1905 4035 1980 4099 in
2053 4040 2314 4104 textum
2386 4037 2668 4118 literam,

566 4161 766 4225 quam
807 4139 1019 4226 magis
1060 4135 1459 4223 intelligunt.
1538 4136 1630 4201 Et
1674 4137 1766 4202 sic
1809 4137 2142 4204 infinitam
2185 4141 2671 4227 corruptionem

564 4243 903 4308 inducunt.
994 4239 1269 4319 Iterum,
1347 4236 1449 4301 illi
1511 4237 1628 4323 qui
1695 4241 2121 4325 compositam
2170 4243 2670 4308 translationem

560 4347 840 4431 ponunt,
872 4341 969 4405 illi
1014 4343 1419 4427 componunt
1446 4343 1528 4404 ut
1556 4340 1839 4419 volunt3
1916 4363 2073 4408 nam
2120 4343 2429 4430 allegant,
2493 4343 2671 4429 quod

562 4447 761 4512 litera
789 4443 1029 4510 Bibliae
1075 4449 1179 4509 est
1229 4441 1591 4528 composita
1618 4464 1705 4507 ex
1746 4443 1990 4509 multis.
2083 4445 2177 4510 Et
2218 4446 2368 4510 ideo
2410 4449 2672 4531 ponunt

565 4548 745 4635 quod
810 4546 1072 4626 volunt,
1116 4551 1186 4611 et
1234 4546 1527 4624 miscent,
1574 4548 1645 4609 et
1702 4550 1988 4627 mutant,
2048 4547 2269 4613 omnia
2327 4569 2476 4634 quae
2533 4567 2670 4612 non

564 4651 965 4737 intelligunt.
1055 4648 1147 4714 Et
1206 4648 1464 4726 iterum,
1512 4647 1845 4735 accipiunt
1895 4671 2044 4734 quae
2101 4650 2342 4715 volunt
2386 4669 2426 4714 a
2471 4649 2672 4714 simili

564 4753 1003 4822 translatione
1058 4755 1129 4820 et
1171 4751 1549 4840 composita,
1581 4773 1719 4818 non
1748 4749 1962 4820 solum
2001 4751 2086 4820 ab
2131 4751 2264 4820 illis
2294 4753 2670 4825 translatio·
