3517 5750
804 859 933 925 164
1544 870 1803 920 nocam
1849 870 2140 921 mcoms
2733 856 2892 942 [οΑΡ

800 1046 1050 1113 stantia
1092 1045 1444 1133 corporalis
1486 1046 1786 1113 alimenti
1817 1046 2003 1111 venit
2031 1046 2118 1111 ad
2161 1050 2419 1133 partem
2456 1046 2898 1125 nutriendam,

802 1154 872 1215 et
914 1170 1032 1235 per
1060 1148 1377 1213 virtutem
1408 1148 1584 1215 illius
1627 1148 1838 1235 partis
1881 1148 2206 1235 digeritur
2235 1148 2474 1214 ultima
2517 1148 2895 1235 digestione,

804 1258 873 1318 et
920 1250 1321 1317 assimilatur
1371 1252 1547 1339 parti
1599 1251 1988 1331 nutriendae,
2037 1273 2154 1338 per
2211 1250 2602 1337 completam
2653 1250 2903 1317 assimi-

804 1354 1134 1434 lationem,
1170 1358 1494 1441 quantum
1522 1354 1831 1440 possibile
1872 1358 1996 1432 est,
2025 1374 2230 1439 usque
2275 1354 2362 1418 ad
2392 1354 2720 1419 unionem.
2813 1353 2904 1419 Et

806 1458 929 1523 hoc
989 1456 1163 1523 facto
1206 1457 1423 1523 virtus
1484 1456 1723 1523 animae
1783 1457 1856 1521 in
1913 1477 2106 1521 carne
2165 1456 2449 1523 attrahit
2491 1455 2614 1521 hoc
2673 1476 2906 1542 corpus

808 1562 879 1625 in
907 1582 975 1625 se
1004 1582 1123 1647 per
1160 1560 1647 1625 conversionem
1676 1558 1749 1625 in
1789 1580 2067 1637 carnem,
2099 1559 2200 1624 ita
2228 1559 2406 1644 quod
2435 1580 2569 1623 non
2597 1562 2904 1623 maneant

810 1662 943 1729 duo
1002 1683 1287 1748 corpora,
1336 1662 1453 1726 sed
1514 1682 1719 1727 unum
1783 1660 1866 1727 fit
1911 1682 1996 1727 ex
2063 1660 2158 1726 eis
2223 1662 2455 1726 statim
2501 1662 2646 1747 ipsa
2664 1658 2686 1697 ¹
2753 1682 2901 1725 con—

811 1764 1149 1843 versione3
1209 1764 1365 1849 quia
1409 1784 1558 1831 cum
1606 1763 1993 1829 alimentum
2047 1764 2458 1831 convertitur
2513 1764 2584 1829 in
2645 1782 2906 1829 carnem

810 1866 1045 1953 recipit
1086 1872 1393 1933 naturam
1438 1866 1693 1947 carnis;
1738 1865 1886 1931 ideo
1929 1866 2010 1933 fit
2053 1865 2202 1952 plus
2247 1866 2328 1931 de
2373 1886 2583 1945 carne,
2625 1870 2695 1931 et
2739 1865 2908 1930 sicut

812 1969 895 2041 fit
952 1990 1087 2035 una
1146 1968 1533 2045 substantia,
1580 1969 1695 2035 sed
1754 1968 1984 2054 major,
2031 1990 2115 2035 ex
2177 1966 2568 2035 substantiis
2612 1966 2906 2035 alimenti

813 2077 882 2137 et
925 2071 1155 2138 carnis.

478 2182 575 2235 His
596 2196 791 2234 annet
906 2173 1018 2241 Ita
1060 2174 1143 2240 fit
1185 2195 1320 2241 una
1364 2172 1687 2239 dimensio
1718 2173 2069 2259 corporalis
2113 2194 2202 2239 ex
2245 2172 2654 2239 dimensione
2700 2174 2912 2239 carnis

471 2250 791 2380 32³0&anth
812 2282 883 2347 et
942 2276 1257 2357 alimenti,
1318 2277 1432 2342 sed
1492 2274 1718 2361 major,
1768 2298 1963 2363 quam
2025 2276 2224 2362 prius,
2273 2276 2629 2341 secundum
2689 2297 2912 2341 omnes

478 2392 579 2433 two
600 2380 773 2433 bodie·
813 2379 1179 2445 diametros.
1304 2377 1497 2458 Quod
1572 2377 1747 2443 enim
1825 2377 2145 2443 habemus
2211 2400 2328 2463 pro
2403 2378 2910 2457 inconvenienti,

477 2448 789 2565 aeffidoglzus
815 2482 992 2569 quod
1045 2482 1176 2547 duo
1228 2501 1499 2567 corpora
1550 2480 1685 2545 sint
1736 2480 1950 2559 simul,
2003 2480 2124 2545 hoc
2185 2486 2286 2546 est
2338 2500 2586 2559 verum,
2648 2502 2820 2567 quan
2829 2481 2910 2545 do

480 2582 579 2631 Μὰ
599 2580 684 2631 ¹¹¹0
814 2585 945 2649 duo
1020 2587 1192 2663 sunt,
1255 2587 1324 2647 et
1383 2582 1643 2648 diversa
1702 2587 2061 2660 remanent,
2109 2581 2214 2647 et⁹
2273 2582 2344 2646 in
2403 2583 2792 2663 substantia,
2845 2588 2914 2648 et

481 2662 615 2699 name
632 2648 787 2711 μηθ’
817 2687 888 2751 in
965 2684 1371 2751 dimensione
1460 2683 1834 2770 corporali3
1899 2706 2052 2749 nam
2127 2683 2250 2749 hoe
2323 2690 2424 2749 est
2499 2685 2912 2771 impossibile.

820 2788 951 2861 Sed
1010 2786 1276 2873 quando
1336 2808 1470 2851 una
1544 2791 1790 2852 natura
1863 2785 2316 2851 substantialis
2375 2787 2457 2852 fit
2517 2810 2600 2852 ex
2675 2790 2785 2865 eis,
2847 2795 2916 2853 et

824 2910 957 2955 una
1033 2889 1371 2974 quantitas
1442 2888 1557 2953 sed
1648 2891 1874 2976 major,
1953 2895 2112 2954 tunc
2185 2890 2440 2955 nullum
2519 2895 2620 2956 est
2694 2893 2918 2957 incon-

816 2991 1100 3058 veniens.
1217 2989 1308 3056 Et
1360 2991 1452 3055 sic
1509 2997 1610 3056 est
1656 2989 1806 3056 hic.³
1919 2991 1986 3054 N
1990 3013 2061 3056 ec
2119 2997 2344 3057 tamen
2401 2991 2512 3057 hic
2569 2991 2650 3058 fit
2709 3015 2915 3060 unum

820 3115 938 3182 per
990 3092 1547 3179 compositionem,
1598 3096 1675 3158 ut
1726 3114 1813 3157 ex
1859 3094 2127 3178 quantis
2178 3094 2262 3158 fit
2309 3115 2514 3158 unum
2569 3100 2912 3180 quantum,

822 3197 977 3284 quia
1039 3200 1199 3260 tunc
1272 3199 1443 3260 esset
1504 3217 1619 3281 per
1679 3194 1886 3260 solam
1946 3193 2373 3274 additionem,
2435 3201 2513 3261 ut
2573 3197 2645 3261 in
2719 3199 2915 3264 rebus

818 3298 1223 3376 inanimatis,
1287 3296 1399 3363 sed
1460 3298 1541 3362 fit
1600 3319 1715 3383 per
1775 3297 2262 3362 conversionem
2325 3297 2525 3362 unius
2584 3299 2657 3362 in
2717 3300 2912 3366 aliud.

822 3400 965 3466 Nec
1022 3399 1169 3466 ideo
1231 3399 1571 3486 quantitas
1630 3403 1850 3485 potest
1901 3404 2279 3465 convertere
2339 3400 2782 3485 quantitatem
2843 3403 2916 3467 in

822 3526 906 3581 se,
984 3503 1099 3570 sed
1173 3523 1405 3589 corpus
1467 3505 1792 3587 quantum
1869 3500 2196 3565 convertit
2271 3522 2502 3588 corpus
2575 3507 2914 3588 quantum.

826 3606 1185 3671 Conversio
1246 3605 1420 3670 enim
1476 3606 1577 3669 est
1638 3603 1810 3668 actio
1871 3603 2190 3688 quaedam,
2249 3625 2397 3689 quae
2448 3625 2582 3668 non
2643 3603 2920 3670 debetur

825 3707 1209 3793 quantitati,
1285 3726 1407 3770 nec
1496 3704 1812 3784 materiae,
1891 3705 2004 3769 sed
2093 3705 2340 3785 formae,
2417 3711 2486 3771 et
2560 3707 2916 3793 composito

824 3809 1160 3874 mediante
1210 3808 1461 3887 forma3
1508 3811 1577 3871 et
1629 3806 1777 3872 ideo
1833 3826 1983 3872 caro
2035 3811 2289 3893 quanta
2341 3808 2672 3874 convertit
2723 3809 2796 3873 in
2849 3831 2917 3874 se

824 3910 1212 3978 alimentum
1271 3913 1635 3993 quantum3
1710 3930 1846 3973 non
1911 3912 2134 3973 tamen
2196 3911 2534 3994 quantitas
2595 3913 2922 3978 convertit

825 4011 1285 4098 quantitatem,
1331 4009 1446 4076 sed
1506 4007 1885 4075 substantia
1943 4018 2192 4096 quanta
2249 4011 2578 4078 convertit
2621 4014 2924 4080 substan-

826 4113 991 4180 tiam
1053 4116 1381 4199 quantam.
1504 4109 1692 4178 Sicut
1758 4112 2038 4178 materia
2105 4113 2317 4177 carnis
2385 4135 2520 4178 non
2593 4117 2925 4182 convertit

830 4215 1175 4280 materiam
1237 4213 1549 4292 alimenti,
1604 4213 1761 4300 quia
1819 4214 2098 4279 materia
2155 4234 2290 4279 non
2351 4221 2452 4280 est
2511 4218 2746 4295 activa,
2809 4219 2926 4283 sed

830 4319 1042 4384 forma
1114 4317 1342 4397 carnis,
1404 4337 1524 4382 seu
1580 4317 1790 4402 magis
1849 4315 2302 4403 compositum,
2365 4317 2520 4383 licet
2593 4321 2924 4386 mediante

831 4527 1161 4536 ---——-—-———
1189 4526 1583 4534 m-*-v——
2198 4526 2429 4532 ——--—————-
2475 4527 2494 4532 -
2512 4527 2584 4533 -—-—
2612 4527 2865 4534 ——-·—------

902 4679 920 4708 ¹
952 4677 1089 4742 ipsa]
1128 4677 1181 4726 in
1204 4677 1325 4741 ipsa,
1346 4677 1405 4728 B.
1430 4697 1444 4736 ς
1478 4691 1577 4728 om.
1604 4676 1667 4728 Τ.
1987 4677 2006 4705 ⁸
2033 4673 2107 4726 Et
2127 4677 2198 4724 sic·
2221 4683 2292 4725 est
2311 4675 2416 4742 Ide]
2455 4677 2546 4726 etsi
2569 4677 2749 4738 adhuc,
2783 4679 2841 4728 L.

902 4757 922 4786 ²
952 4755 1023 4820 et]
1062 4771 1159 4806 om.
1186 4755 1248 4810 T.
