3517 5750
836 856 969 921 266
1592 866 1849 917 nocam
1895 864 2186 917 siccius
2759 852 2932 938 [cn.

830 1046 1016 1113 libris
1062 1046 1270 1123 dietis,
1302 1044 1523 1111 nullus
1564 1050 1785 1131 potest
1819 1044 2202 1132 intelligere,
2233 1066 2352 1111 nec
2389 1044 2932 1131 comprehendere

831 1150 1187 1215 secundum
1232 1150 1288 1235 ej
1300 1170 1373 1213 us
1414 1148 1756 1227 rationem,
1799 1147 1930 1212 nisi
1973 1148 2136 1213 sciat
2179 1149 2263 1214 de
2307 1147 2537 1212 metris
2581 1152 2651 1213 et
2695 1148 2768 1211 rh
2775 1146 2930 1233 yth-

688 1262 697 1275 ‘
832 1252 1002 1333 mis3
1078 1256 1239 1317 tunc
1307 1252 1392 1315 ad
1457 1250 1725 1337 plenum
1793 1250 2206 1316 intellectum
2261 1254 2490 1315 textus
2534 1249 2664 1316 Dei
2716 1270 2932 1316 neces-

832 1355 1004 1419 saria
1050 1360 1152 1419 est
1194 1354 1467 1419 scientia
1512 1353 1594 1418 de
1638 1354 1868 1418 metris
1915 1357 1986 1418 et
2027 1353 2375 1439 rhythmis.

834 1478 839 1483 ·
923 1456 1211 1544 Spiritus
1255 1456 1431 1521 enim
1478 1454 1759 1521 Sanctus
1803 1478 1938 1520 non
1982 1456 2055 1519 in
2101 1477 2379 1521 vacuum
2423 1454 2707 1541 protulit
2749 1476 2934 1519 suam

832 1558 1241 1645 sapientiam,
1290 1558 1413 1623 sub
1456 1558 1711 1643 legibus
1755 1558 2044 1623 metricis
2097 1562 2165 1623 et
2209 1557 2601 1643 rhythmicis
2647 1578 2938 1642 compre-

834 1661 1138 1743 hensam;
1184 1661 1388 1725 immo
1440 1681 1766 1725 summam
1795 1660 2196 1725 suavitatem
2247 1660 2321 1724 in
2372 1660 2495 1724 hoc
2539 1658 2932 1746 exprimem,

832 1763 1047 1828 voluit
1089 1784 1210 1829 nos
1256 1764 1509 1827 allicere
1554 1762 1641 1827 ad
1686 1762 2008 1828 interiora
2065 1762 2408 1851 sapientiae
2468 1761 2732 1841 divinae,
2777 1782 2936 1847 qua—

832 1854 1027 1931 tenus
1070 1888 1188 1958 per
1228 1866 1371 1931 haec
1410 1864 1747 1929 musicalia
1787 1866 2123 1931 sensibilia
2161 1886 2540 1951 raperemur
2579 1864 2667 1928 ad
2705 1864 2935 1929 invisi-

833 1968 997 2034 bilia
1040 1968 1185 2046 Dei,
1223 1968 1393 2033 sicut
1438 1966 1599 2031 dicit
1628 1966 2049 2052 Augustinus
2079 1966 2250 2032 libro
2283 1966 2931 2045 Retractationum31

833 2072 1071 2162 quibus
1128 2070 1258 2135 viis
1309 2092 1377 2136 se
1438 2070 1732 2135 ostendit
1793 2070 2120 2155 sapientia
2179 2070 2498 2147 hilariter,
2545 2069 2715 2134 sicut
2775 2068 2936 2133 dicit

834 2174 1009 2239 idem
1054 2173 1471 2261 Augustinus
1516 2173 1604 2237 ad
1650 2170 2037 2237 Homerum.

925 2276 1101 2343 Item
1130 2278 1253 2341 hoc
1296 2297 1504 2365 genus
1544 2275 1864 2339 sermonis
1893 2272 2235 2361 congruit²
2263 2272 2550 2339 maxime
2594 2274 2938 2360 sapientiae

836 2379 979 2445 Dei.
1072 2378 1268 2461 Nam,
1314 2384 1395 2443 ut
1440 2376 1715 2464 probavi
1759 2377 1832 2440 in
1879 2376 2014 2462 Maj
2022 2377 2119 2440 ori
2189 2374 2417 2463 Opere,
2466 2376 2721 2441 duobus
2782 2376 2940 2442 locis

836 2480 1175 2576 praecipue,
1223 2484 1295 2545 et
1338 2479 1613 2567 exposui
1672 2479 1743 2542 in
1805 2478 2043 2568 quinta
2085 2482 2274 2565 parte
2321 2477 2592 2543 Mox-alis
2647 2476 2938 2543 Philoso-

772 2592 781 2599 '
836 2584 1025 2669 phiae,
1086 2580 1363 2669 [quod]⁸
1416 2586 1880 2669 argumentum
1926 2580 2279 2667 poeticum,
2323 2581 2502 2665 quod
2549 2587 2651 2646 est
2693 2581 2937 2646 morale

835 2690 903 2749 et
946 2684 1401 2771 theologicum,
1452 2683 1647 2748 debet
1698 2683 1845 2747 fieri
1903 2704 2053 2748 cum
2116 2682 2609 2769 pulchritudine
2667 2684 2942 2747 metrica

836 2792 905 2851 et
952 2786 1343 2872 rhythmica,
1392 2787 1561 2851 sieut
1606 2784 1997 2852 Aristoteles
2061 2785 2250 2850 docet
2311 2784 2385 2848 in
2445 2783 2613 2848 libro
2681 2806 2798 2849 suo
2860 2786 2940 2849 de

836 2888 957 2954 hoc
1030 2893 1434 2976 argumento,
1498 2893 1567 2952 et
1629 2888 1978 2954 Avicenna
2052 2893 2121 2952 et
2194 2908 2419 2952 omnes
2493 2888 2616 2952 hoc
2690 2887 2938 2952 docent.

836 2990 1013 3056 Nam
1088 2990 1534 3077 Alpharabius
1608 2991 1730 3055 hoc
1807 2990 1968 3055 dicit
2041 2991 2114 3054 in
2187 2988 2357 3054 libro
2451 2988 2532 3054 de
2609 2988 2937 3069 ScientiiS,

836 3092 1122 3178 capitulo
1167 3093 1248 3157 de
1296 3091 1552 3179 Logiea,
1603 3093 1780 3177 quod
1841 3095 2304 3178 argumentum
2364 3091 2488 3156 hoc
2548 3092 2745 3158 debet
2804 3113 2941 3158 esse

834 3195 1113 3261 sublime
1189 3200 1257 3260 et
1332 3195 1639 3260 decorum
1733 3216 1851 3282 per
1937 3194 2498 3282 pulchritudinem
2587 3194 2785 3260 metri
2873 3199 2943 3260 et

694 3387 699 3392 ⁴
834 3297 1154 3388 rhythmi,
1210 3302 1562 3388 quatenus·
1602 3297 1862 3363 animus
1923 3298 2144 3362 subito
2209 3302 2278 3362 et
2324 3296 2588 3362 fortiter
2645 3297 2942 3384 rapiatur

837 3402 923 3466 ad
970 3422 1258 3465 amorem
1302 3401 1400 3466 rei
1445 3421 1771 3487 persuasae
1789 3398 1814 3436 ⁴
1865 3399 1923 3464 si
1968 3401 2058 3464 sit
2100 3399 2364 3475 bonum,
2412 3399 2522 3464 vel
2581 3399 2667 3464 ad
2726 3400 2939 3465 detes-

832 3504 1157 3574 tationem
1232 3505 1289 3570 si
1364 3504 1455 3569 sit
1526 3503 1796 3568 malum.
1912 3501 2004 3568 Et
2070 3503 2192 3568 hoc
2267 3507 2653 3589 argumento
2729 3503 2941 3568 utitur

834 3607 1095 3671 moralis
1146 3606 1560 3694 philosophia
1610 3611 1679 3672 et
1725 3603 1928 3670 Sacra
1974 3603 2332 3691 Scriptura,
2388 3610 2466 3669 ut
2533 3605 2806 3691 exposui
2869 3604 2940 3668 in

832 3713 1019 3794 parte
1064 3707 1327 3794 quinta⁵
1357 3707 1727 3775 Moralium.
1831 3707 1923 3773 Et
1968 3707 2116 3772 ideo
2161 3707 2485 3797 sapientia
2525 3707 2654 3771 Dei
2697 3707 2772 3770 in
2815 3705 2939 3769 lin-

835 3831 969 3896 gua
1008 3810 1355 3898 primitiva
1399 3809 1636 3880 habuit
1674 3832 1866 3878 usum
1911 3809 2102 3876 istius
2147 3810 2518 3896 argumenti
2561 3830 2680 3897 per
2705 3813 2938 3874 totum.

835 3911 1010 3976 Nam
1056 3931 1190 3974 non
1236 3933 1490 4003 semper
1542 3911 1623 3976 fit
1681 3911 1806 3976 hoc
1863 3933 2069 4000 genus
2127 3907 2534 3998 argumenti⁰
2589 3932 2708 3997 per
2765 3910 2941 3998 leges

835 4011 1035 4082 metri
1079 4016 1149 4078 et
1193 4011 1510 4097 rhythmi,
1560 4013 1674 4078 sed
1719 4035 1836 4102 per
1879 4015 2123 4080 colores
2169 4013 2526 4080 rhetoricos
2569 4021 2639 4078 et
2683 4033 2940 4077 omnem

837 4118 1144 4179 ornatum
1190 4115 1546 4195 sermonis;
1592 4121 1661 4180 et
1706 4116 1856 4180 ideo
1884 4117 2134 4202 ubique
2179 4121 2280 4180 est
2324 4117 2447 4180 hoc
2481 4121 2942 4202 argumentum

835 4236 1205 4302 respersum
1257 4217 1328 4280 in
1383 4216 1733 4304 Scriptura.
1831 4217 1962 4284 Sed
2027 4218 2380 4304 aliquando
2440 4228 2747 4304 prosaice,
2794 4240 2942 4284 cum

836 4319 1016 4384 omni
1062 4319 1393 4384 suavitate
1437 4317 1782 4400 rhetorica,
1827 4327 1908 4386 ut
1964 4320 2242 4406 probavi
2307 4343 2426 4407 per
2491 4319 2944 4408 Augustinum

1958 4492 2037 4498 —-—
2109 4493 2314 4498 ——-—-———
2348 4491 2617 4500 -——-—--—---
2637 4492 2938 4500 ——w—

902 4601 915 4630 ¹
946 4599 1383 4665 Retractatiouum]
1411 4607 1467 4650 ut
1488 4615 1650 4666 supra.
2009 4601 2028 4629 ⁴
2042 4599 2322 4666 persuasa]
2362 4615 2460 4650 om.
2485 4599 2548 4649 Τ.

906 4681 927 4709 ²
950 4680 1198 4746 congruit]
1238 4679 1490 4750 convenit,
1513 4679 1574 4740 T·.
2010 4680 2030 4708 ³
2043 4686 2191 4744 parte
2213 4677 2410 4744 quinta]
2450 4680 2627 4744 quinta
2647 4687 2810 4749 parte,
2827 4679 2888 4732 T.

903 4759 925 4788 ³
946 4757 1099 4828 quod]
1139 4760 1273 4824 quia,
1300 4757 1358 4808 Τ.
2009 4759 2029 4787 ⁸
2051 4756 2188 4810 Nam
2221 4795 2236 4810 .
2269 4795 2285 4809 .
2331 4797 2342 4810 .
2379 4796 2393 4809 .
2431 4759 2726 4827 armamenti]
2766 4775 2865 4812 om.
2883 4759 2947 4811 Τ.
