3517 5750
847 929 978 992 552
1645 931 2005 984 APPENDIX
2048 931 2121 980 11.

1854 1192 1945 1259 II.

853 1385 1196 1475 Apoloqia
1275 1383 1364 1450 in
1435 1381 1950 1466 Hieronymum
2038 1377 2524 1452 Tartarottum,
2602 1394 2959 1460 nuperum

1032 1505 1366 1553 censorem
1427 1481 1640 1550 doctr'
1621 1503 1757 1548 mae
1801 1479 1917 1546 Fr.
1974 1476 2265 1564 Royerii
2332 1473 2647 1552 Baconic,
2726 1473 2957 1540 Mino-

1039 1586 1209 1653 ritoe.

961 1789 996 1819 “
1029 1781 1094 1846 N
1099 1797 1192 1846 oN
1260 1799 1606 1866 possumus
1673 1797 1899 1842 eorum
1958 1774 2491 1862 philosophorum
2566 1772 2967 1838 sententiam

868 1893 904 1920 “
951 1881 1444 1969 deprehendere,
1491 1877 1619 1944 nisi
1665 1900 1752 1944 ex
1796 1877 1982 1942 libris
2018 1897 2242 1942 eorum
2286 1874 2663 1940 testimonia
2706 1873 2973 1960 propria

873 1997 906 2022 “
953 2003 1274 2061 eruamus,
1321 1986 1400 2046 ut
1443 1981 1536 2044 sic
1597 1979 1708 2045 vel
1768 1982 2063 2043 errantes
2110 1976 2492 2042 damnemus
2558 1997 2643 2040 ex
2687 1972 2973 2060 propriis

873 2093 911 2122 “
957 2085 1191 2160 verbis,
1238 2083 1348 2148 vel
1405 2086 1748 2146 excusatos
1793 2100 1835 2144 a
1893 2077 2203 2144 dentibus
2246 2076 2433 2164 vulgi
2476 2075 2765 2164 imperiti
2810 2074 2973 2139 libe-

875 2193 912 2222 “
956 2207 1064 2251 ros
1112 2177 1590 2250 extrahamus.”
1681 2179 2003 2266 Rogerius
2080 2179 2273 2258 Buce,
2314 2179 2389 2243 in
2434 2177 2645 2264 Opere
2714 2175 2973 2262 Majori,

873 2287 1028 2356 edit.
1078 2285 1329 2362 venet„
1377 2307 1517 2370 pag.
1567 2285 1714 2348 114.

971 2598 1146 2664 Sunt
1195 2597 1340 2684 jam
1406 2594 1538 2661 duo
1605 2594 1847 2659 abhinc
1904 2593 2108 2680 elapsi
2152 2595 2327 2670 anni,
2390 2613 2539 2658 cum
2594 2589 2979 2678 praeclarum

883 2700 1159 2766 Bacenis
1236 2697 1426 2784 Opus
1497 2694 1736 2782 Majus
1836 2693 2132 2761 Venetiis
2208 2715 2503 2760 recusum
2572 2694 2719 2758 fuit.
2838 2691 2983 2756 Pri-

883 2823 1066 2866 mum
1141 2799 1317 2864 enim
1385 2797 1633 2885 prodiit
1693 2795 1995 2875 Londini,
2058 2817 2234 2862 anno
2284 2795 2471 2866 1733.
2608 2794 2979 2881 Prologum,

885 2919 1080 2984 quem
1141 2900 1382 2961 vocant
1443 2892 1816 2975 Galeatum,
1862 2894 2137 2961 Venetoe
2202 2892 2629 2979 adjunximus
2684 2890 2984 2971 editioni,

885 3018 970 3062 ne
1015 2996 1192 3081 quid,
1241 2994 1420 3080 quod
1485 3000 1604 3060 aut
1669 3016 1823 3060 casu
1890 3001 2009 3060 aut
2070 2996 2396 3061 industria
2467 3018 2509 3059 a
2584 2992 2989 3060 Londinensi

888 3098 1137 3163 editore
1180 3096 1687 3182 praetermissum
1741 3101 1927 3175 esset,
1958 3102 2201 3163 nostrae
2247 3095 2401 3162 huic
2444 3096 2727 3161 editioni
2766 3094 2988 3160 deesse

887 3198 1239 3263 videretur.
1349 3197 1450 3263 Ac
1507 3196 1720 3283 primo
1772 3197 1844 3261 in
1906 3218 1982 3265 eo
2056 3198 2512 3276 laboravimus,
2590 3203 2669 3263 ut
2742 3217 2988 3275 omneS,

890 3320 1052 3387 quas
1119 3298 1506 3365 conflassent
1579 3298 2061 3377 obtrectatores,
2124 3298 2397 3385 injurias
2440 3322 2482 3363 a
2526 3298 2781 3364 Bacone
2838 3318 2991 3384 pro-

891 3401 1310 3489 pulsaremus.
1423 3399 1508 3465 Id
1565 3404 1792 3465 utrum
1854 3401 2135 3465 assecuti
2193 3402 2413 3481 simus,
2494 3400 2785 3465 viderint
2854 3398 2989 3462 alii.

893 3502 1025 3569 Sed
1091 3508 1170 3567 ut
1231 3507 1332 3567 est
1389 3500 1460 3565 in
1519 3500 1883 3587 proverbio,
1954 3499 2068 3587 qui
2134 3502 2569 3567 contentionis
2626 3500 2994 3586 cupidiores

894 3608 1066 3679 sunt,
1145 3622 1342 3688 quam
1417 3602 1734 3679 veritatis,
1781 3602 2027 3667 nodum
2089 3610 2398 3689 quaerunt
2437 3604 2511 3667 in
2555 3602 2779 3689 scirp0,
2842 3622 2993 3686 quc,

895 3704 952 3769 si
997 3703 1264 3790 possint,
1327 3702 1670 3788 scriptores
1729 3704 1977 3788 optime
2052 3704 2133 3769 de
2192 3704 2381 3769 nobis
2456 3705 2725 3769 meritos
2782 3724 2999 3789 repre-

893 3805 1204 3881 hendant,
1253 3802 1376 3881 vel,
1409 3804 1584 3888 quod
1632 3810 1732 3869 est
1772 3825 2113 3870 commune
2142 3806 2383 3870 vitium
2430 3810 2499 3871 et
2545 3809 2995 3892 pervagatum,

899 3906 1270 3990 deprimant
1321 3903 1498 3981 alios,
1561 3908 1640 3969 ut
1685 3906 2009 3971 extollant
2050 3927 2134 3971 se.
2255 3906 2485 3972 Paucis
2528 3906 2768 3972 abhinc
2812 3926 2997 3969 men-

900 4005 1096 4081 sibuS,
1147 4003 1443 4069 Venetiis
1503 4002 1750 4090 prodiit
1802 4027 1964 4092 opus
2023 4008 2115 4073 sic
2160 4008 2583 4095 inscriptum:
2650 4002 3001 4093 Apoloqia

901 4104 1012 4171 del
1065 4124 1412 4188 coum-esso
1457 4112 1787 4172 notturno
1840 4106 2009 4173 delle
2052 4106 2386 4188 Lammie,
2448 4129 2486 4173 o
2546 4106 2657 4174 sia
2702 4107 3003 4193 deposta

901 4204 1020 4272 all’
1097 4210 1240 4272 ast-te
1297 4205 1381 4271 M
1378 4226 1578 4291 amca
1651 4206 2026 4294 ἆίῑερααΐα,
2090 4228 2167 4274 ec.
2260 4208 2466 4275 Parce
2541 4209 2820 4295 quidem,
2882 4210 3003 4273 sed

903 4329 1141 4386 severe,
1218 4305 1534 4394 apologiae
1611 4314 1838 4375 auctor
1881 4310 1955 4373 in
2004 4308 2329 4376 Baconem
2390 4312 2688 4397 primum,
2736 4316 2883 4375 tum
2928 4311 3003 4375 in

905 4407 1185 4475 Baconis
1243 4408 1534 4475 Venetos
1579 4410 1863 4477 editores
1912 4412 2266 4492 invehitur,
2314 4413 2584 4498 perinde
2636 4413 2823 4499 quasi
2880 4434 3005 4478 nos

907 4532 1056 4575 cum
1135 4510 1250 4574 ino
1324 4533 1612 4598 pugnam
1687 4513 2210 4578 commiserimus.
2322 4513 2469 4580 Hoc
2532 4514 2775 4580 Baconi
2834 4514 3009 4579 vitio

905 4611 1124 4688 vertit,
1208 4612 1384 4697 qnod
1457 4612 1824 4701 astrologiae
1890 4614 2259 4698 judiciariae
2334 4616 2767 4703 patrocinium
2862 4637 3007 4679 sus-

907 4714 1164 4797 ceperit,
1231 4734 1306 4777 ac
1379 4714 1654 4779 subinde
1725 4715 2282 4799 genethliacorum
2356 4717 2785 4783 deliramenta
2856 4738 3011 4802 pro-—
