3517 5750
576 894 761 981 vm]
1250 910 1714 961 consumma
1756 910 2008 961 swan.
2551 894 2668 965 471

580 1096 615 1123 “
658 1108 909 1173 ayyeue
958 1088 1031 1153 in
1092 1087 1403 1155 festivum
1446 1086 1750 1165 vertitur,
1799 1090 1870 1151 et
1935 1086 2153 1167 timor,
2217 1085 2394 1171 quod
2437 1085 2686 1172 signifi-

580 1200 615 1225 “
658 1191 917 1257 cantius
1006 1190 1253 1277 Aquila
1352 1190 1699 1257 transtulit
1791 1188 2112 1275 yyroeim,
2204 1210 2354 1255 eum
2443 1189 2683 1276 aliquis

578 1302 613 1329 “
657 1294 938 1381 pavidus
980 1300 1051 1361 et
1092 1296 1337 1361 timens
1400 1292 1776 1360 circumfert
1819 1292 2054 1372 oeulos,
2102 1296 2172 1358 et
2214 1292 2681 1359 advenientem

577 1406 613 1431 “
655 1396 969 1463 formidat
1040 1396 1398 1462 inimicum.
1513 1396 1692 1484 Ergo
1777 1396 1836 1461 si
1911 1396 2216 1463 volumus
2289 1395 2362 1461 in
2437 1396 2678 1461 bonam

575 1508 611 1533 “
652 1504 909 1591 partem
998 1501 1301 1588 accipere,
1380 1499 1557 1585 quod
1644 1498 2008 1565 recordatio
2094 1499 2296 1566 Judae
2384 1498 2680 1586 AEgypto

572 1612 605 1637 ‘⁶
650 1604 742 1668 sit
814 1602 1145 1692 gaudium,
1222 1608 1395 1669 recte
1453 1601 1802 1689 festivitas
1875 1602 2127 1669 dieitur.
2240 1602 2361 1668 Sin
2433 1606 2673 1680 autem,

570 1714 605 1739 “
648 1709 729 1771 ut
800 1706 1104 1785 arbitror,
1151 1706 1224 1771 in
1282 1704 1599 1772 timorem
1642 1726 1759 1792 pro
1802 1704 2166 1771 festivitate
2221 1704 2519 1783 vertitur,
2575 1705 2678 1769 in-

572 1817 607 1843 “
652 1808 1028 1896 telligamus
1079 1808 1498 1875 formidinem
1543 1807 1651 1873 vel
1710 1806 2078 1895 pavorem.’'
2169 1806 2405 1894 Sieque
2465 1807 2680 1873 multa

568 1912 955 1977 retractavit
1016 1934 1165 1997 quae
1226 1909 1611 1992 transtulit;
1656 1916 1727 1976 et
1787 1908 1903 1975 alii
1960 1908 2262 1977 similiter
2317 1914 2467 1997 post
2525 1930 2678 1975 eum

568 2012 885 2080 viderunt
926 2014 1119 2101 plura
1162 2014 1623 2093 retraetanda3
1653 2018 1723 2078 et
1767 2018 2018 2098 quanto
2059 2013 2448 2100 posteriores
2493 2012 2678 2077 dum-

570 2118 765 2185 modo
829 2118 1121 2197 studiosi,
1170 2121 1362 2183 tanto
1424 2116 1615 2205 plura
1674 2115 2020 2196 videbunt,
2086 2136 2236 2202 quse
2301 2115 2546 2182 debent
2607 2116 2680 2180 in

568 2220 801 2285 melius
846 2218 1251 2287 commutari.

658 2322 790 2388 Sed
877 2323 1072 2411 longe
1168 2320 1381 2408 major
1485 2341 1665 2387 error
1769 2320 2004 2387 accidit
2092 2321 2168 2385 in
2254 2318 2668 2408 philosophia
2693 2334 3013 2388 nthreason.

566 2426 905 2491 translata.
1000 2424 1177 2505 Quia
1241 2425 1299 2490 si
1361 2424 1572 2491 saneti
1648 2428 2036 2489 erraverunt
2108 2423 2182 2488 in
2248 2424 2386 2491 suis
2458 2430 2670 2491 trans-
2696 2404 2936 2521 ῗξρξζθξῃ

566 2526 940 2604 lationibus‚
1018 2528 1231 2592 multo
1304 2526 1517 2613 magis
1601 2527 1715 2592 alii
1791 2526 1907 2612 qui
1991 2548 2225 2613 parum
2315 2532 2434 2593 aut
2505 2527 2677 2593 nihil
2697 2538 2788 2616 the
2805 2544 2971 2587 trans-

569 2629 651 2695 de
720 2630 1073 2697 sanctitate
1140 2635 1553 2696 curaverunt.
1648 2628 1848 2694 Unde
1913 2650 2063 2694 eum
2130 2650 2246 2715 per
2314 2629 2677 2696 Gerardum
2699 2604 3004 2735 ἑῗξῗοζζὲξὶ,

573 2736 1099 2817 Cremonensem,
1147 2740 1220 2803 et
1265 2736 1651 2802 Michaelem
1698 2736 1989 2816 Scotum,
2021 2742 2091 2802 et
2133 2736 2500 2803 Aluredum
2533 2736 2678 2803 An·
2699 2738 2779 2789 eal
2799 2738 2975 2816 bqoka

568 2840 831 2928 glicum,
886 2847 957 2908 et
1032 2840 1531 2908 Heremannum
1596 2838 2054 2919 Alemannum,
2123 2844 2196 2906 et
2247 2838 2672 2906 willielmum
2701 2804 2997 2922 ffiffissl

572 2941 1005 3032 Flemfflgum,
1055 2945 1216 3010 data
1243 2944 1335 3010 sit
1369 2943 1559 3009 nobis
1604 2943 1792 3030 eopia
1834 2943 2346 3009 translationum
2377 2943 2458 3008 de
2494 2944 2674 3009 omni
2700 2937 2966 3018 Sept-and,

569 3047 859 3126 seientia,
906 3047 1146 3114 amida
1187 3051 1383 3113 tanta
1424 3046 1680 3112 fabiae
1722 3045 1798 3111 in
1843 3067 2066 3112 eorum
2113 3045 2434 3134 operibus,
2496 3047 2673 3134 quod
2694 3005 2951 3139 Ηέἒξᾙ,

567 3151 789 3216 nullus
830 3149 1073 3216 sufficit
1116 3149 1443 3216 admirari.
1534 3149 1714 3215 Nam
1778 3149 1864 3215 ad
1926 3149 2050 3215 hoe
2091 3149 2268 3236 quod
2325 3149 2674 3218 translatio

568 3253 692 3318 fiat
734 3275 910 3334 vera,
958 3258 1220 3340 oportet
1267 3252 1445 3340 quod
1488 3252 1856 3319 translator
1898 3253 2066 3318 sciat
2123 3253 2420 3340 linguam
2464 3273 2506 3319 a
2549 3275 2682 3340 qua

570 3355 905 3434 transfert,
954 3360 1025 3420 et
1080 3354 1377 3443 linguam
1441 3354 1513 3420 in
1562 3377 1761 3442 quam
1823 3354 2156 3436 transfert,
2199 3361 2270 3421 et
2337 3355 2676 3422 scientiam

572 3480 773 3544 quam
816 3458 969 3522 vult
1012 3459 1383 3524 transferre.
1476 3457 1610 3524 Sed
1654 3457 1804 3544 quis
1848 3463 1950 3523 est
1991 3457 2116 3536 hic,
2149 3463 2219 3523 et
2259 3457 2678 3525 laudabimus

572 3565 770 3625 eum?
837 3559 1026 3626 Fecit
1073 3558 1252 3626 enim
1296 3559 1629 3626 mirabilia
1672 3561 1745 3626 in
1787 3559 1934 3626 vita
1978 3582 2112 3627 sua.
2203 3559 2397 3627 Certe
2454 3561 2678 3627 nullus

571 3662 1036 3750 praedictorum
1082 3663 1283 3729 scivit
1326 3663 1579 3750 aliquid
1625 3663 1900 3751 dignum
1969 3663 2052 3729 de
2117 3662 2361 3750 linguis
2427 3667 2496 3728 et
2555 3664 2675 3728 sci—

570 3765 785 3845 entiis,
832 3770 911 3830 ut
954 3765 1380 3832 manifestum
1444 3771 1545 3832 est
1608 3765 1776 3832 illud
1837 3787 1974 3832 non
2035 3765 2243 3832 solum
2304 3785 2389 3830 ex
2451 3786 2676 3830 eorum

570 3867 1129 3951 translationibus,
1222 3869 1339 3936 sed
1447 3891 1531 3936 ex
1656 3869 2146 3936 conditionibus
2226 3887 2670 3956 personarum.

571 3971 815 4038 Omnes
897 3971 1075 4037 enim
1154 3973 1427 4040 fuerunt
1502 3972 1913 4062 temporibus
1993 3971 2254 4053 nostris,
2325 3971 2424 4040 ita
2497 3971 2676 4058 quod

567 4073 775 4160 aliqui
832 4075 1113 4162 juvenes
1172 4076 1391 4142 adhue
1460 4077 1728 4143 fuerunt
1797 4075 2323 4165 contemporanei
2386 4075 2678 4142 Gerardo

570 4175 1009 4258 Cremonensi,
1043 4177 1159 4264 qui
1210 4177 1343 4244 fuit
1372 4179 1711 4265 antiquior
1754 4180 1932 4246 inter
1959 4177 2120 4246 illos.
2212 4179 2674 4246 Heremannus
2700 4185 2948 4239 Herman-

570 4279 833 4365 quidem
912 4279 1322 4346 Alemannus
1400 4280 1612 4348 adhuc
1670 4281 1850 4348 vivit
1925 4283 2278 4370 episeopuS,
2361 4281 2468 4348 cui
2539 4281 2674 4348 fuit
2697 4255 2940 4373 ffifflss'

566 4383 759 4448 valde
824 4381 1179 4449 familiaris.
1275 4383 1423 4466 Qui,
1472 4383 1642 4450 mihi
1701 4383 2063 4451 sciscitanti
2122 4406 2273 4451 eum
2341 4384 2427 4450 de
2483 4381 2671 4450 libris
2697 4388 2798 4437 still
2831 4387 3009 4455 living,

565 4484 793 4572 logiae
894 4485 1304 4572 quibusdam,
1390 4509 1553 4574 quos
1663 4486 1903 4554 habuit
2013 4485 2492 4553 transferendos
2597 4485 2672 4553 in
2695 4455 3004 4577 fffflffn

568 4585 869 4666 Arabim,
936 4588 1113 4654 dixit
1172 4611 1283 4654 ore
1334 4589 1635 4671 rotunde,
1687 4592 1862 4678 quod
1921 4589 2202 4657 nescivit
2247 4589 2542 4678 logicam,
2602 4594 2674 4656 et

568 4689 721 4756 ideo
768 4712 905 4756 non
956 4713 1155 4757 ausus
1223 4690 1356 4757 fuit
1412 4693 1778 4760 transferre.
1872 4694 1964 4760 Et
2030 4697 2204 4760 certe
2277 4693 2335 4758 si
2391 4693 2674 4781 logicam

551 4786 869 4876 nescivit,
920 4815 1059 4862 non
1104 4794 1327 4882 potuit
1394 4795 1559 4864 alias
1624 4796 1788 4865 seire
1860 4796 2180 4878 scientias,
2235 4795 2406 4864 sieut
2465 4797 2670 4864 deceta
2745 4821 2764 4836 ·
