3517 5750
576 856 749 947 Lm]
1380 875 1555 928 orus
1599 876 1928 929 mmmm.
2548 864 2680 927 213

570 1070 781 1115 annos
824 1054 896 1115 et
939 1072 1232 1130 menses3
1299 1056 1369 1117 et
1410 1051 1515 1117 his
1582 1051 1804 1119 utitur
1865 1051 2208 1138 Scriptura
2252 1050 2467 1127 Sacra,
2530 1071 2680 1135 quae
2705 1052 2860 1103 Modo
2879 1052 2944 1130 qr

574 1153 823 1217 mundo
890 1174 1007 1239 per
1052 1152 1369 1219 Hebraeos
1432 1156 1684 1220 tradita
1732 1158 1852 1231 est,
1899 1160 2042 1219 tam
2087 1154 2160 1218 in
2215 1152 2412 1219 Novo
2477 1174 2676 1237 quam
2705 1120 2998 1249 3335&

574 1252 645 1317 in
676 1254 906 1319 Veteri
935 1256 1374 1321 Testamenta
1446 1256 1624 1321 Nam
1668 1256 1994 1321 Dominus
2025 1264 2246 1321 noster
2291 1260 2360 1320 et
2403 1254 2681 1340 apostoli
2705 1252 2859 1303 Jews.

573 1354 841 1421 fuerunt
874 1357 1164 1437 Hebraei,
1196 1358 1371 1424 sicut
1397 1358 1792 1445 patriarchae
1822 1363 1892 1423 et
1921 1358 2278 1445 prophetae.
2358 1356 2554 1421 Unde
2587 1354 2684 1421 di-

576 1457 749 1522 citur
790 1458 863 1523 in
896 1458 1366 1540 Ecclesiastico,
1400 1460 1902 1547 quadragesimo
1933 1460 2136 1527 tertio
2181 1458 2474 1546 capitulo
2508 1457 2629 1544 [7.]
2658 1484 2674 1524 ε

575 1566 613 1595 “
660 1560 723 1623 A
756 1560 915 1625 luna.
956 1562 1217 1649 signum
1266 1562 1399 1628 diei
1444 1562 1930 1630 festi—mensis
1975 1563 2333 1629 secundum
2377 1563 2520 1648 ejus
2565 1583 2679 1627 no-

576 1669 613 1696 “
658 1684 809 1728 men
861 1664 1018 1729 est.'’
1104 1666 1198 1730 Et
1234 1666 1355 1730 hoc
1381 1670 1571 1751 patet
1612 1688 1731 1753 per
1777 1664 2302 1753 computationes
2353 1664 2678 1730 mensium

574 1769 643 1830 et
678 1787 1000 1833 annorum
1046 1767 1116 1833 in
1170 1766 1463 1848 Diluvio,
1512 1772 1582 1835 et
1626 1767 1789 1833 alibi
1832 1766 2329 1855 multiplicitsr3
2373 1788 2524 1852 quae
2569 1788 2678 1831 ve-

574 1868 817 1933 rificari
874 1890 1011 1935 non
1070 1874 1364 1957 possunt,
1420 1869 1550 1937 nisi
1610 1870 1693 1936 dc
1754 1871 1948 1937 annis
1991 1876 2064 1936 et
2105 1869 2442 1936 mensibus
2484 1869 2675 1933 lunas-

573 1971 775 2036 ribus.
868 1970 1117 2037 Mensis
1160 1986 1314 2039 'vero
1354 1972 1713 2038 secundum
1767 1974 2006 2060 vulgus
2051 1971 2489 2038 Hebraeorum
2535 1958 2688 2055 qui-⁸

575 2072 727 2137 dam
803 2078 904 2139 est
978 2073 1260 2161 triginta
1320 2074 1589 2152 dierum,
1640 2074 1913 2160 quidam
1965 2096 2201 2140 novem
2277 2078 2348 2139 et
2413 2071 2676 2160 viginti.

576 2174 751 2239 Nam
818 2198 1047 2242 omnes
1108 2177 1181 2241 in
1224 2198 1499 2243 numero
1545 2177 1802 2264 impari,
1850 2182 1930 2241 ut
1989 2177 2258 2263 primus,
2303 2173 2559 2252 tertius,
2607 2180 2678 2240 et

574 2277 811 2357 caeteri,
876 2284 1035 2344 sunt
1094 2277 1381 2366 triginta
1424 2279 1721 2359 dierum3
1785 2300 2010 2345 omues
2056 2279 2130 2343 in
2173 2299 2448 2343 numero
2513 2277 2676 2364 pari,

574 2385 654 2445 ut
698 2382 1039 2461 secundus,
1104 2386 1173 2447 et
1235 2386 1527 2468 quartus,
1604 2386 1673 2447 et
1747 2382 1990 2462 caeteri‚
2069 2385 2226 2447 sunt
2299 2402 2536 2447 novem
2610 2385 2682 2445 et

576 2481 817 2570 viginti
864 2484 1138 2550 dierum.
1211 2484 1346 2550 Sed
1390 2484 1531 2551 haec
1576 2484 2016 2550 consideratio
2047 2484 2334 2571 vulgaris
2379 2484 2510 2549 alia.
2539 2478 2677 2548 est¹

576 2587 663 2651 ab
725 2586 1162 2653 astronomica.
1208 2586 1505 2665 veritate,
1552 2609 1753 2672 quam
1801 2586 2078 2653 Hebraei
2122 2586 2486 2653 astronomi
2530 2606 2682 2651 con-

577 2689 1043 2767 sideraverunt,
1076 2694 1147 2755 et
1182 2690 1269 2755 ad
1296 2712 1499 2775 quam
1542 2707 1808 2755 sensum
1852 2689 2190 2777 vulgarem
2233 2689 2684 2767 reduxerunt;

576 2798 656 2858 ut
700 2814 835 2858 non
882 2796 1047 2859 esset
1085 2814 1263 2858 error
1306 2792 1598 2858 finaliter
1642 2792 1715 2857 in
1758 2792 1942 2880 vulgi
1986 2792 2518 2859 consideratione.

666 2897 1054 2962 Astronomi
1112 2895 1321 2984 igitur
1372 2918 1619 2977 eorum,
1666 2896 1782 2982 qui
1839 2895 2244 2984 praefuerunt
2279 2896 2682 2963 observatio·

577 2999 775 3066 nibus
818 3000 1001 3088 legiS,
1048 2999 1629 3067 consideraverunt
1680 2999 1894 3080 aliter,
1941 2999 2190 3065 scilicet
2233 3021 2350 3086 per
2394 2999 2681 3086 aliquem

576 3124 927 3169 numerum
992 3102 1247 3168 dierum
1308 3102 1643 3188 aequalem,
1708 3107 1792 3167 ut
1860 3123 2084 3168 omnes
2150 3123 2406 3168 menses
2467 3106 2684 3168 essent

578 3207 861 3293 aequales
935 3211 1208 3293 propter
1306 3204 1774 3270 certitudinem
1865 3205 2308 3293 computandi.
2433 3204 2568 3270 Sed
2641 3227 2684 3269 a

578 3309 829 3374 visione
872 3330 1047 3374 nova
1091 3307 1163 3372 in
1194 3307 1515 3374 visionem
1562 3306 1763 3372 aliam
1793 3329 1926 3372 non
1971 3311 2074 3373 est
2101 3311 2364 3393 tempus
2392 3307 2682 3392 aequale3

578 3411 737 3497 quia
778 3409 1136 3497 aliquando
1188 3409 1365 3475 inter
1420 3409 1649 3474 lunam
1716 3409 2026 3474 ultimam
2088 3413 2160 3474 et
2223 3430 2464 3474 novam
2525 3415 2684 3475 sunt

578 3521 713 3579 tres
758 3513 898 3579 dies
960 3512 1206 3600 integri
1272 3513 1623 3591 naturales,
1691 3512 2046 3599 aliquando
2114 3510 2263 3588 duc,
2329 3511 2682 3597 aliquando

578 3617 649 3681 in
695 3617 923 3682 eadem
968 3615 1077 3680 die
1121 3615 1441 3682 accidunt.
1536 3614 1629 3678 Et
1672 3614 1824 3679 ideo
1867 3614 2052 3679 nulla
2096 3613 2424 3680 certitudo
2463 3619 2686 3700 potest

579 3719 959 3805 contingere
1022 3741 1111 3784 ex
1155 3717 1277 3784 hac
1340 3716 1879 3797 consideratione,
1926 3739 2050 3784 nec
2113 3721 2336 3804 potest
2395 3717 2686 3782 conside-

578 3822 713 3886 rari
788 3822 1027 3886 mensis
1100 3841 1299 3908 penes
1374 3819 1901 3906 conjunctionem
1977 3841 2202 3885 veram
2284 3820 2460 3887 lunae
2534 3842 2684 3886 cum

580 3924 755 4004 sole3
824 3924 981 4011 quia
1060 3932 1322 4010 tempus
1384 3925 1563 3988 inter
1607 3922 1939 4010 quaslibet
2005 3922 2490 4008 conjunctiones
2563 3924 2684 3989 has

579 4047 716 4092 non
790 4032 891 4093 est
964 4027 1215 4113 aequale
1291 4025 1483 4092 alteri
1521 4051 1537 4106 ;
1612 4025 1967 4111 aliquando
2055 4024 2232 4090 enim
2291 4031 2394 4092 est
2451 4026 2681 4113 majus,

578 4130 935 4216 aliquando
1002 4129 1238 4209 minus,
1304 4133 1385 4194 ut
1428 4128 1646 4194 sciunt
1706 4128 2080 4194 astronomi.
2173 4127 2266 4193 Et
2327 4129 2480 4195 ideo
2536 4151 2686 4195 con·

580 4232 1034 4298 sideraverunt
1078 4233 1281 4297 alium
1325 4231 1539 4297 locum
1584 4230 1761 4297 lunae
1806 4253 1922 4318 per
1965 4230 2254 4318 aliquam
2299 4231 2686 4298 distantiam

580 4358 623 4400 a
665 4335 1123 4422 conjunctione
1166 4357 1340 4416 vera,
1388 4339 1458 4400 et
1500 4333 1900 4399 invenerunt
1941 4334 2389 4420 aequalitatem
2434 4356 2688 4422 semper

582 4437 655 4502 in
726 4439 905 4505 omni
970 4459 1193 4505 mense
1254 4458 1453 4526 penes
1494 4437 1683 4502 illum
1726 4435 1986 4518 locum3
2039 4441 2124 4515 et,
2178 4436 2511 4503 mediante
2542 4437 2680 4518 hoc,

1380 4751 1524 4808 uasa
1544 4753 1643 4823 ac]
1679 4768 1778 4806 om.
1802 4735 1895 4805 'r'
