3517 5750
822 816 949 881 112
1568 828 1827 881 Roonm
1877 828 2190 881 mcoms
2761 816 2936 907 [οη.

813 1004 1089 1072 lentiam
1132 1006 1655 1093 repercussionis,
1703 1006 1864 1093 quia.
1907 1027 2046 1073 non
2089 1011 2193 1071 est
2237 1027 2486 1094 corpus.
2605 1006 2738 1073 Sed
2783 1030 2933 1075 cum

816 1108 1093 1175 densum
1124 1110 1421 1187 occurrit,
1456 1112 1526 1175 et
1568 1130 1707 1175 non
1753 1111 1975 1196 potest
2019 1130 2088 1175 se
2133 1109 2574 1196 multiplicare
2619 1112 2920 1191 ulterius,

812 1211 1219 1298 multiplicat
1269 1234 1337 1277 se
1384 1212 1457 1275 in
1516 1216 1778 1299 partem
1843 1208 2011 1277 sibi¹
2063 1211 2486 1298 possibilem3
2539 1218 2610 1277 et
2655 1212 2778 1278 hoc
2821 1219 2924 1279 est

816 1312 1151 1381 redeundo
1208 1314 1283 1379 in
1340 1320 1599 1401 partem
1660 1336 1703 1379 a
1763 1335 1897 1400 qua
1939 1314 2150 1391 venit,
2209 1314 2270 1379 si
2329 1314 2600 1381 reflexio
2659 1316 2778 1381 fiat
2837 1317 2924 1381 ad

816 1416 1091 1504 angulos
1156 1422 1385 1495 rectoS,
1454 1416 1563 1482 vel
1625 1438 1667 1481 a
1726 1416 1936 1481 latere
1997 1415 2178 1481 illius
2237 1416 2466 1503 partis,
2514 1416 2574 1483 si
2653 1418 2922 1484 reflexio

814 1519 940 1583 fiat
996 1518 1084 1583 ad
1128 1519 1403 1605 angulos
1446 1518 1820 1604 inaequales.
1911 1514 2004 1583 Et
2047 1523 2330 1604 utraque
2373 1518 2656 1585 istarum
2699 1540 2918 1585 neees-

816 1620 989 1685 saria
1076 1625 1179 1685 est
1270 1621 1343 1685 in
1417 1619 1800 1708 operatione
1873 1625 2156 1699 naturae,
2233 1626 2314 1686 ut
2331 1620 2357 1657 ³
2453 1619 2758 1687 videmus
2832 1622 2919 1687 ad

818 1744 1082 1787 sensum
1126 1722 1197 1787 in
1240 1723 1405 1789 visu.
1484 1722 1551 1789 N
1554 1745 1663 1789 am
1706 1744 1826 1809 per
1867 1722 2204 1809 speculum
2251 1722 2332 1789 fit
2375 1722 2644 1789 reflexio
2687 1722 2921 1811 speciei

816 1825 1094 1891 visibilis
1156 1825 1243 1891 ad
1304 1848 1441 1903 noa,
1504 1830 1572 1890 et
1636 1824 1864 1891 oculus
1925 1824 2114 1890 videt
2181 1847 2252 1891 se
2319 1846 2439 1912 per
2491 1825 2752 1891 radium
2815 1848 2914 1891 re-

816 1927 1069 1993 flexum
1147 1927 1234 1992 ad
1298 1926 1575 2015 angulos
1636 1932 1870 2007 rectos,
1937 1931 2007 1991 et
2067 1926 2260 1993 videt
2322 1928 2460 1993 alia
2521 1949 2636 2015 per
2695 1926 2919 2045 radic?

818 2031 1095 2097 reflexos
1155 2028 1243 2095 ad
1306 2030 1579 2117 angujos
1642 2028 1990 2115 obliquos.⁸
2083 2028 2175 2096 Et
2219 2028 2361 2095 haec
2405 2030 2681 2095 reflexio
2739 2052 2918 2095 vari-

818 2138 1011 2200 atur:
1080 2130 1237 2217 quia
1304 2130 1362 2197 si
1430 2153 1473 2197 a
1532 2130 1733 2218 plana.
1807 2130 2150 2218 superficie
2222 2131 2348 2196 fiat
2419 2130 2710 2211 reflexio,
2757 2136 2918 2199 tunc

818 2256 989 2300 unus
1045 2232 1269 2299 radius
1328 2232 1691 2299 reflectitur
1765 2232 1852 2299 ad
1913 2254 2126 2298 unum
2187 2239 2512 2319 punctum
2534 2232 2577 2315 ;4
2639 2234 2698 2299 si
2761 2256 2918 2301 vero

817 2359 860 2402 a
920 2355 1205 2402 concavo
1268 2334 1603 2422 sphaerico,
1674 2339 1838 2402 tuno
1899 2355 2127 2401 omnes
2193 2336 2504 2402 cadentes
2569 2336 2644 2403 in
2715 2358 2920 2403 unam

818 2438 1309 2505 circulationem
1354 2438 1525 2505 circa
1568 2458 1759 2503 axem
1805 2437 2082 2524 sphaerae
2121 2438 2556 2505 reflectuntur
2599 2438 2674 2504 in
2717 2461 2918 2526 punc-

820 2546 967 2606 tum
1010 2564 1235 2618 unum,
1285 2545 1355 2605 et
1412 2547 1896 2627 congregantur
1954 2562 2072 2627 per
2129 2540 2306 2607 hunc
2369 2542 2656 2623 modum,
2712 2548 2781 2608 et
2839 2542 2920 2607 fit

821 2642 1184 2709 combustio
1228 2642 1479 2708 levium
1530 2642 2108 2723 combustibilium,
2157 2644 2328 2709 sicut
2373 2666 2492 2731 per
2531 2642 2918 2710 fractionem

821 2745 1119 2831 superius
1163 2744 1427 2822 dictam,
1473 2751 1543 2811 et
1587 2744 1832 2812 fortior.
1957 2742 2158 2811 Unde
2203 2744 2551 2833 vulgatum
2597 2750 2698 2811 est
2743 2746 2918 2831 quod

818 2845 1082 2934 speculo
1124 2868 1407 2913 concavo
1450 2846 1538 2914 ad
1582 2846 1789 2914 solem
1833 2846 2050 2936 posito
2095 2848 2270 2936 ignis
2309 2847 2705 2926 accenditur,
2735 2848 2920 2933 cujus

818 2950 1443 3017 demonstrationem
1488 2956 1558 3016 et
1600 2951 2066 3038 figurationem
2109 2951 2508 3038 transcripsi.
2575 2950 2650 3016 Si
2677 2950 2917 3018 iterum

816 3053 935 3118 fiat
978 3053 1244 3118 reflexio
1276 3053 1611 3119 radiorum
1646 3052 1958 3120 solarium
2005 3055 2080 3119 in
2116 3053 2371 3120 fervido
2407 3060 2700 3142 tempore
2735 3077 2776 3119 a
2811 3076 2916 3120 su-

816 3156 1077 3243 perficie
1124 3155 1330 3222 ovalis
1374 3156 1604 3242 figurae
1654 3156 1764 3221 vel
1810 3156 2164 3234 annulat-ie,
2210 3163 2492 3244 possunt
2537 3159 2919 3245 congregari

818 3281 1041 3327 omnes
1102 3259 1291 3341 radii,
1346 3260 1461 3346 qui
1506 3257 1754 3326 cadunt
1799 3259 1874 3324 in
1921 3265 2136 3325 totam
2181 3259 2588 3346 superficiem
2633 3260 2919 3346 corporis

816 3363 1211 3452 specularis3
1274 3369 1344 3430 et
1409 3367 1589 3441 tunc,
1637 3363 1795 3448 quia
1857 3361 2175 3428 infinities
2235 3361 2482 3426 infiniti
2551 3361 2722 3426 radii
2765 3383 2916 3427 oon-

814 3472 1194 3554 gregantur,
1241 3469 1461 3553 potest
1504 3465 1647 3530 fieri
1692 3463 2061 3531 combustio
2122 3463 2565 3550 cujuscunque
2623 3462 2915 3530 combus-

816 3570 1040 3648 tibilis,
1108 3575 1188 3634 ut
1250 3569 1433 3656 ligna
1498 3565 1984 3648 comburantur,
2051 3572 2120 3632 et
2181 3566 2430 3653 lapides
2497 3565 2917 3644 calcinentur,
2966 3585 2982 3598 ’

816 3677 887 3737 et
930 3670 1201 3736 metalla
1241 3669 1625 3735 fundantur.
1716 3669 1808 3733 Et
1860 3667 1984 3734 hoc
2027 3674 2129 3734 est
2173 3689 2380 3734 unum
2425 3668 2510 3734 de
2569 3668 2806 3734 ultima
2849 3673 2918 3734 et

816 3773 1111 3837 maxima
1175 3776 1503 3859 potestate
1561 3770 2017 3858 geometriam
2078 3772 2402 3858 praecipue
2463 3792 2613 3837 cum
2676 3771 2920 3857 poterit

816 3874 961 3940 fieri
1027 3873 1168 3940 haee
1232 3873 1596 3939 combustio
1640 3873 1711 3938 in
1756 3873 1938 3939 omni
1982 3872 2305 3939 distantia
2350 3894 2550 3959 quam
2594 3874 2916 3953 volumus,

816 3981 894 4041 ut
953 3976 1164 4040 omnis
1180 3971 1208 4010 ⁶
1252 3975 1580 4042 exercitus
1644 3977 2028 4054 contrarius,
2085 3981 2156 4040 et
2213 3981 2523 4056 castrum,
2569 3980 2640 4040 et
2681 3975 2918 4042 civitas

814 4078 1181 4144 infidelium
1240 4077 1721 4144 comburantur.
1845 4077 1931 4144 Et
1995 4081 2183 4165 patet
2257 4078 2656 4166 possibilitas
2721 4077 2918 4164 hujus

883 4385 900 4415 ¹
921 4383 1042 4453 sibi]
1077 4384 1143 4448 ei,
1176 4386 1237 4436 B.
1276 4386 1335 4438 L.
1981 4386 2000 4416 ⁴
2023 4401 2162 4435 unm
2181 4383 2438 4452 punctum]
2478 4390 2718 4448 punctum
2742 4397 2916 4445 uinum,

879 4463 900 4496 ²
924 4465 1003 4531 ut]
1042 4473 1106 4524 et,
1142 4465 1200 4516 B.
1216 4465 1273 4514 IA-
1915 4463 1972 4514 B.

880 4543 900 4574 ⁸
921 4541 1123 4609 angndoe
1164 4541 1403 4610 obliquos]
1452 4541 1679 4608 obliquos
1720 4557 1811 4594 an·
1979 4539 2000 4568 ⁸
2023 4550 2076 4592 ut
2105 4541 2281 4609 omnis]
2319 4557 2418 4592 om.
2457 4539 2519 4592 Τ.

811 4624 971 4688 gmon,
1004 4623 1064 4674 B·
