3517 5750
812 840 945 907 256
1546 852 1804 905 nomm
1851 850 2158 903 mecum.
2729 830 2912 923 [cir.

812 1036 852 1069 “
897 1030 1012 1117 qui
1042 1026 1287 1095 dicitur
1318 1026 1721 1095 Christus2”
1785 1028 1878 1093 Et
1907 1028 2202 1093 Actuum
2231 1031 2465 1092 octavo
2487 1026 2678 1114 [34.],
2723 1032 2761 1062 “
2781 1026 2915 1093 Ob-

812 1139 850 1169 “
896 1153 1073 1198 secro
1113 1130 1195 1197 de
1224 1152 1353 1216 quo
1377 1130 1697 1219 propheta
1724 1128 1903 1197 dixit
1931 1129 2054 1195 hoc
2078 1134 2104 1195 2
2154 1130 2236 1195 de
2265 1150 2349 1208 se,
2393 1133 2515 1194 aut
2542 1128 2627 1195 de
2657 1127 2910 1214 aliquo¹

812 1240 849 1271 “
900 1234 1031 1299 alio
1049 1234 1074 1298 3
1092 1231 1129 1260 '’
1218 1230 1562 1319 Multaque
1606 1232 1737 1297 alia
1781 1237 1851 1298 et
1894 1231 2086 1318 quasi
2129 1230 2396 1296 infinita
2439 1230 2524 1296 de
2551 1230 2913 1317 interroga-

810 1336 1102 1403 tionibus
1132 1340 1202 1401 et
1230 1332 1531 1420 reliquis²
1563 1333 1898 1421 praedictis
1937 1333 2334 1400 considerari
2363 1333 2608 1399 debent
2649 1336 2916 1419 propter

812 1456 1074 1504 sensum
1106 1436 1506 1525 Scripturae3
1594 1437 1666 1501 in
1712 1436 1952 1523 quibus
1995 1436 2234 1523 vulgus
2277 1456 2414 1501 non
2461 1434 2674 1501 solum
2717 1440 2912 1514 errat,

813 1540 928 1607 sed
956 1540 1297 1627 pueriliter
1338 1538 1643 1603 stultizat
1672 1560 1689 1618 ;
1757 1537 1842 1603 de
1887 1538 2128 1624 quibus
2170 1558 2307 1602 non
2351 1542 2453 1603 est
2498 1536 2585 1601 ad
2629 1556 2915 1622 praesens

812 1664 931 1729 per
974 1642 1195 1708 omnia
1237 1640 1599 1707 dicendum.
1714 1638 1882 1706 Haec
1925 1639 2134 1726 igitur
2175 1638 2360 1705 volui
2404 1639 2681 1703 recitare
2745 1638 2916 1703 circa.

814 1746 931 1811 illa
974 1766 1121 1831 quae
1164 1743 1253 1808 ad
1302 1743 1619 1809 musicam
1662 1742 2002 1828 pertinent
2065 1744 2446 1828 prom'1'cam‚
2494 1761 2644 1825 quae
2711 1740 2916 1806 etiam

816 1852 977 1913 sunt
1005 1844 1524 1933 grammaticalia
1550 1844 1623 1908 in
1652 1865 1781 1909 usu
1825 1843 2148 1929 simplici3
2221 1843 2336 1908 sed
2381 1842 2632 1909 musica
2675 1842 2916 1907 horum

816 1970 1043 2014 causas
1105 1952 1175 2013 et
1246 1947 1537 2011 rationes
1610 1946 1924 2031 assignat,
1999 1944 2172 2011 sicut
2261 1948 2558 2010 auctores
2647 1943 2918 2009 musicae

819 2051 1065 2126 dicunt,
1098 2053 1177 2114 ut
1220 2048 1517 2135 superius
1548 2046 1851 2133 expressi.
1929 2045 2022 2112 Et
2071 2050 2259 2133 patet
2303 2046 2444 2123 hoc,
2490 2045 2650 2132 quia
2693 2046 2920 2111 omnia

817 2152 961 2218 hsec'
1008 2150 1379 2217 consistunt
1439 2150 1513 2215 in
1578 2147 1948 2215 elevatione
1991 2148 2170 2213 vocis
2237 2152 2309 2213 et
2377 2147 2803 2234 depressione,
2851 2152 2921 2212 et

816 2254 967 2320 ideo
1032 2256 1193 2319 sunt
1235 2254 1422 2340 quasi
1490 2251 1760 2339 quidam
1820 2250 2000 2316 modi
2051 2254 2328 2332 cantu33
2373 2254 2444 2315 et
2485 2254 2759 2336 propter
2799 2249 2922 2315 hoc

818 2356 905 2423 ad
949 2356 1262 2421 musicam
1306 2356 1598 2442 pertinet
1640 2354 1813 2420 ratio
1859 2352 2152 2419 omnium
2196 2352 2492 2417 istorum.

1628 2691 1789 2757 CAP.
1839 2690 2096 2757 LXIII.

486 2878 587 2998 ἓξ(1
580 2887 738 2932 metro
912 2866 1055 2934 SED
1100 2891 1276 2936 nunc
1320 2868 1543 2956 aliqua
1585 2868 1866 2936 inferam
1928 2869 2012 2936 de
2057 2868 2206 2935 aliis
2251 2868 2556 2957 partibus
2617 2868 2918 2936 musicae:

821 3072 937 3138 illa
1000 3093 1149 3158 quae
1198 3073 1285 3138 ad
1326 3073 1544 3138 visum
1606 3073 1912 3159 pertinet,
1961 3073 2286 3158 quomodo
2347 3073 2710 3138 necessaria
2765 3077 2926 3138 sunt

823 3173 1196 3261 Scripturas.
1288 3175 1381 3240 Et
1424 3175 1601 3262 quod
1643 3174 2024 3260 hujusmodi
2084 3180 2242 3240 sunt
2303 3175 2644 3240 musicalia
2701 3195 2927 3239 omnes

823 3276 1064 3342 volunt
1105 3281 1421 3343 auctores.
1512 3275 1647 3342 Sed
1708 3275 2080 3363 specialiter
2145 3275 2386 3342 accidit
2449 3276 2777 3342 certitudo
2842 3277 2925 3341 de

822 3377 945 3444 hoc
1009 3399 1128 3465 per
1190 3379 1638 3466 Augustinum
1722 3378 1798 3444 in
1859 3378 2044 3444 libris
2111 3378 2400 3465 quinque
2476 3377 2580 3444 De
2655 3376 2925 3443 Musica.

827 3480 1003 3546 Nam
1080 3479 1427 3546 manifeste
1488 3483 1735 3546 tractat
1805 3477 1886 3546 de
1954 3479 2077 3561 his,
2139 3485 2212 3546 et
2274 3481 2464 3546 docet
2529 3481 2706 3565 quod
2770 3479 2928 3545 licet

824 3581 1239 3669 grammatici
1313 3588 1383 3648 et
1456 3581 1570 3647 alii
1633 3581 1739 3648 his
1805 3585 2100 3661 utantur,
2177 3585 2405 3648 tamen
2478 3581 2930 3668 principaliter

824 3691 984 3751 sunt
1028 3684 1110 3750 de
1156 3683 1677 3750 consideratione
1724 3683 2002 3750 musicae.
2093 3681 2272 3748 Nam
2318 3683 2484 3749 dicit
2525 3684 2600 3749 in
2643 3685 2928 3750 secundo

824 3785 996 3851 libro
1062 3785 1239 3870 quod
1299 3785 1769 3870 grammaticus
1831 3805 1968 3850 non
2032 3783 2272 3871 probat
2337 3805 2432 3866 ea,
2481 3805 2630 3871 quae
2691 3785 2764 3850 in
2824 3785 2930 3850 his

826 3887 1165 3972 pertinent
1208 3886 1295 3951 ad
1310 3884 1339 3923 ³
1380 3885 1721 3964 rationem,
1770 3885 1885 3952 sed
1930 3887 2205 3952 ascribit
2268 3887 2655 3953 auctoritati
2703 3908 2932 3952 eorum

828 3988 945 4073 qui
988 3989 1081 4052 sic
1123 3988 1228 4052 usi
1288 3991 1449 4052 sunt
1491 3986 1566 4052 in
1608 3987 1796 4054 libris
1863 3988 2014 4054 suis.
2107 3987 2362 4055 Musica
2421 4009 2582 4054 vero
2641 3989 2931 4054 rationes

827 4095 901 4154 et
944 4109 1169 4154 causas
1211 4089 1587 4177 investigat.
1684 4088 1776 4155 Et
1819 4089 2012 4176 ponit
2056 4089 2432 4175 exemplum
2476 4089 2558 4155 de
2600 4088 2930 4155 brevitate

828 4196 901 4257 et
958 4190 1373 4278 longitudine
1434 4190 1856 4278 syllabarum,
1928 4197 2007 4256 ut
2051 4190 2123 4255 in
2169 4191 2470 4278 exemplo
2518 4190 2928 4278 Virgilianot

938 4361 980 4392 “
1024 4353 1233 4420 Arma
1261 4352 1611 4441 virumque
1640 4375 1820 4435 cano,
1853 4351 2067 4441 'I'rojae
2098 4351 2212 4440 qui
2242 4351 2493 4442 primus
2522 4351 2608 4419 ab
2639 4351 2824 4419 oris.”

904 4685 920 4718 ¹
940 4681 1127 4749 aliquo]
1164 4695 1261 4731 om.
1286 4678 1350 4731 T.
1993 4671 2016 4704 ⁸
2035 4671 2132 4738 ad]
2169 4685 2273 4738 1³0¹·-
2307 4670 2369 4724 Β·

896 4761 919 4792 ²
942 4768 989 4812 et
1006 4758 1231 4825 reliquie]
1267 4773 1367 4809 om.
1392 4757 1455 4808 T.

488 3013 712 3079 rhythm.
822 2973 901 3036 ut
946 2969 1027 3036 de
1071 2971 1315 3037 musica
1362 2971 1652 3052 metrica,
1700 2978 1771 3037 et
1815 2968 2116 3037 similiter
2161 2972 2244 3037 de
2289 2971 2680 3058 rhythmica,
2727 2973 2797 3037 et
2841 2971 2924 3036 de
3049 2997 3058 3005 ·
