3517 5750
928 836 1059 901 482
1670 848 1928 900 nouum
1973 850 2264 901 mcoms
2845 836 3030 924 [cnr.

924 1042 1080 1129 quia
1120 1040 1245 1105 hoc
1303 1038 1544 1104 falsum
1588 1044 1730 1119 est3
1789 1044 1860 1105 et
1901 1040 2052 1106 ideo
2113 1043 2376 1127 oportet
2416 1040 2592 1126 quod
2645 1060 2842 1107 omne
2897 1040 3033 1107 vir-

921 1144 1185 1229 gultum
1266 1140 1358 1207 sit
1446 1140 1851 1207 nominativi
1939 1164 2142 1224 casus,
2229 1148 2302 1209 et
2384 1144 2544 1229 quia
2631 1142 3030 1210 adverbialis

920 1242 1385 1315 determinatio
1427 1242 1753 1330 praecedet
1813 1244 1887 1309 in
1929 1244 2434 1324 constructione,
2503 1251 2586 1311 ut
2643 1245 2810 1327 dixi,
2873 1246 3030 1313 licet

920 1352 1233 1433 sequatur
1274 1347 1349 1413 in
1390 1346 1555 1411 serie
1598 1345 1830 1413 literae.
1963 1344 2032 1411 N
2035 1368 2124 1414 on
2169 1346 2346 1412 enim
2411 1348 2592 1433 quod
2633 1348 2910 1436 ponitur
2952 1350 3026 1414 in

918 1452 1149 1517 ordine
1214 1449 1413 1527 vocis,
1492 1454 1755 1535 oportet
1801 1468 2056 1537 semper
2121 1450 2298 1537 quod
2341 1450 2560 1537 primo
2603 1456 2890 1537 ponatur
2951 1448 3026 1515 in

918 1554 1146 1621 ordine
1204 1550 1749 1631 constructionis3
1825 1555 1906 1617 ut
1963 1552 2390 1619 manifestum
2451 1556 2555 1621 est
2613 1552 2688 1619 in
2746 1552 3025 1619 infinitis

916 1656 1093 1735 locis,
1144 1676 1281 1723 non
1338 1654 1551 1720 solum
1612 1654 1687 1718 in
1751 1658 1950 1719 textu
2014 1654 2329 1741 quolibet,
2397 1656 2516 1721 sed
2567 1656 2642 1721 in
2689 1656 3026 1721 communi

916 1780 1229 1825 sermone.
1352 1756 1485 1823 Sed
1558 1756 1667 1823 hic
1724 1755 2100 1823 evidentior
2175 1761 2346 1823 esset
2417 1758 2612 1823 litera
2687 1760 2746 1824 si
2821 1756 3028 1826 herla

914 1867 1267 1951 poneretur
1308 1861 1381 1926 in
1439 1859 1854 1927 nominativo
1895 1880 2089 1942 casu;
2147 1866 2374 1927 tamen
2417 1861 2580 1927 satis
2621 1866 2844 1949 potest
2887 1882 3028 1927 sus·-

912 1965 1112 2036 tineri
1156 1963 1333 2051 quod
1374 1962 1449 2027 in
1492 1962 1866 2029 accusativo
1911 1982 2082 2045 casu,
2113 1968 2194 2029 ut
2255 1963 2439 2049 prius
2493 1964 2874 2051 expositum
2903 1969 3024 2031 est.

910 2066 1367 2133 Veruntamen
1395 2064 1695 2131 Andreas
1740 2064 2012 2153 quidam
2073 2066 2194 2152 qui
2253 2066 2532 2153 exponit
2575 2064 2870 2131 Bibliam
2929 2064 3020 2131 ad

910 2168 1169 2235 literam
1242 2167 1435 2257 ponit
1492 2166 1697 2234 herba
1756 2166 1830 2232 in
1889 2168 2307 2235 nominativo
2365 2188 2539 2251 casu,
2619 2173 2691 2234 et
2749 2168 3015 2234 literam

912 2272 1265 2358 quamdam
1324 2290 1401 2336 ao
1458 2269 1517 2335 si
1566 2273 1798 2335 nostra
1855 2276 2027 2336 esset
2093 2270 2356 2359 repetit,
2413 2290 2566 2335 cum
2608 2269 2859 2357 duplici
2904 2290 3020 2335 ne·-

908 2376 1191 2462 gatione.
1304 2372 1439 2439 Sed
1488 2370 1759 2437 omnino
1803 2372 2021 2439 utitur
2087 2372 2284 2439 litera
2329 2371 2590 2453 Latina,
2659 2372 3017 2439 secundum

910 2477 1090 2563 quod
1140 2476 1547 2544 construitur
1622 2472 1986 2541 Hebraeum
2069 2472 2158 2539 ad
2229 2475 2509 2554 literam,
2573 2478 2655 2540 ut
2712 2476 3015 2563 superius

908 2578 1071 2658 dixi,
1147 2584 1217 2646 et
1298 2600 1437 2644 non
1508 2581 1611 2644 est
1674 2583 1904 2643 nostra
1977 2578 2346 2645 translatio,
2481 2576 2766 2665 Propter
2837 2578 3014 2665 quod

906 2682 1122 2751 nescio
1168 2682 1250 2748 de
1312 2702 1443 2768 quo
1486 2679 1882 2745 intromittit
1927 2700 1996 2745 se
2041 2679 2124 2745 de
2186 2678 2314 2745 hac
2379 2680 2807 2767 expositione,
2855 2680 3016 2767 quia

908 2782 1169 2851 literam
1242 2788 1540 2849 nostram
1585 2782 1858 2848 deberet
1903 2802 2246 2869 exponere,
2307 2791 2380 2848 et
2423 2802 2562 2848 non
2604 2782 2820 2865 aliam,
2865 2802 3018 2869 quae

908 2886 1115 2953 etiam
1156 2886 1405 2951 nullius
1448 2885 1907 2952 translationis
1951 2889 2072 2968 est,
2139 2886 2256 2952 sed
2303 2885 2506 2952 solius
2549 2886 2826 2953 literalis
2865 2907 3018 2954 con-

906 2987 1285 3054 structionis
1332 2986 1618 3052 Hebraei.

571 3087 661 3137 An
664 3089 800 3140 drev
821 3105 855 3141 ⁸
998 3091 1165 3156 Haec
1208 3089 1357 3155 ideo
1396 3089 1541 3154 dixi
1582 3093 1852 3177 propter
1893 3089 2138 3155 multos
2183 3091 2301 3176 qui
2345 3090 2512 3156 dant
2555 3091 3019 3156 auctoritatem

572 3154 623 3203 ω
572 3155 825 3274 ᾦξιᾷῃῖιῃ.
906 3194 1211 3272 Andreae,
1257 3213 1407 3260 cum
1450 3213 1571 3257 nec
1613 3191 1723 3256 hic
1767 3213 1888 3258 nec
1931 3192 2092 3257 alibi
2135 3193 2226 3258 sit
2269 3193 2332 3259 ei
2382 3192 2643 3274 danda3
2703 3215 2782 3258 eo
2840 3193 3018 3279 quod

570 3295 717 3339 ‘m‘-
904 3301 1057 3387 post
1100 3297 1353 3362 Bedam
1410 3315 1549 3359 non
1604 3293 1738 3358 fuit
1783 3295 2020 3380 aliquis
2063 3294 2171 3360 cui
2229 3293 2495 3361 ecclesia
2553 3294 2812 3361 dederit
2868 3317 3022 3362 auo·

904 3401 1250 3484 ὑοιψαῦθιιι
1300 3399 1373 3462 in
1432 3396 1844 3484 expositione
1905 3395 2278 3483 scripturae,
2325 3399 2500 3464 sicut
2541 3403 2728 3485 patet
2784 3397 2860 3463 in
2903 3397 3016 3464 de-

906 3504 1118 3582 cretis,
1182 3509 1253 3569 et
1313 3504 1575 3567 constat
1639 3499 1976 3564 Andream
2027 3498 2126 3564 ibi
2186 3522 2323 3567 non
2382 3523 2518 3567 esse
2585 3502 3015 3568 nominatum.

899 3605 1227 3688 Quamvis
1284 3603 1493 3692 igitur
1541 3602 1761 3667 fuerat
1821 3601 2123 3668 literatus
2181 3603 2395 3684 homo,
2457 3608 2529 3669 et
2583 3601 3018 3689 probabiliter

902 3708 1174 3774 sciverit
1234 3706 1613 3786 Hebraeum,
1680 3709 1908 3772 tamen
1961 3705 2118 3792 quia
2174 3726 2312 3771 non
2369 3708 2474 3772 est
2513 3705 2753 3792 dig-nus
2791 3711 3016 3772 aucto-

902 3811 1101 3875 ritate
1158 3814 1370 3889 tanta,
1428 3829 1564 3874 non
1618 3812 1719 3873 est
1778 3807 1842 3872 ei
1905 3807 2312 3886 credendum,
2379 3808 2493 3874 sed
2551 3809 3013 3874 recurrendum

902 3917 1005 3978 est
1086 3911 1171 3976 ad
1232 3911 1597 3977 Hebraeum
1644 3909 1727 3975 de
1788 3931 1919 3996 quo
1963 3909 2273 3996 loquitur,
2321 3915 2390 3977 et
2434 3911 2493 3976 si
2537 3930 2770 3976 verum
2817 3910 3010 3990 dicat,

903 4013 1296 4082 credendum
1340 4019 1440 4078 est
1486 4012 1791 4094 Hebraeo,
1837 4013 1950 4079 sed
1991 4033 2125 4078 non
2167 4012 2313 4099 ipsi.
2389 4011 2466 4080 Si
2505 4017 2731 4079 autem
2774 4013 3010 4079 falsum

900 4123 1021 4184 aut
1086 4115 1305 4182 minus
1366 4114 1551 4195 bene,
1618 4114 1792 4180 sicut
1851 4115 1974 4194 hic,
2043 4115 2332 4182 involvit
2395 4135 2517 4182 nos
2581 4117 2657 4180 in
2731 4115 3013 4202 quadam

899 4221 1096 4294 litera
1140 4242 1286 4307 quae
1332 4239 1469 4284 non
1529 4223 1629 4284 est
1688 4223 1932 4297 nostra,
1979 4217 2470 4305 redarguendus
2525 4217 2615 4284 sit
2659 4219 2818 4305 quia
2873 4218 3012 4306 ipse

896 4325 1129 4416 ponit3
1202 4321 1317 4388 sed
1362 4343 1501 4388 non
1544 4325 1649 4387 est
1690 4321 1806 4402 ita,
1853 4319 2058 4386 immo
2103 4325 2204 4387 θείς
2248 4320 2443 4387 litera
2497 4340 2646 4407 quae
2691 4321 3014 4387 construit

900 4425 1264 4496 Hebraeum
1308 4425 1395 4490 ad
1438 4423 1719 4506 literam,
1769 4429 1850 4488 ut
1905 4421 2205 4510 praedixi.
2297 4423 2382 4488 In
2421 4421 2544 4489 hoc
2591 4427 2816 4490 autem
2861 4445 3012 4512 pro-

897 4529 1153 4596 bandus
1205 4534 1306 4596 est
1351 4527 1655 4607 multum,
1712 4526 1891 4613 quod
1938 4525 2189 4593 excitat
2233 4547 2355 4592 nos
2397 4523 2486 4591 ad
2529 4525 2764 4592 localia
2807 4525 3012 4592 dubia

892 4637 1139 4698 nostrae
1181 4631 1649 4698 translationis
1708 4627 2113 4709 multotiens,
2177 4627 2336 4694 lieet
2395 4647 2530 4695 non
2605 4649 2875 4717 semper,
2941 4631 3013 4694 et

891 4735 1295 4801 transmittit
1352 4755 1473 4800 nos
1530 4733 1619 4798 ad
1679 4729 2062 4815 Hebraeum,
2124 4735 2206 4799 ut
2264 4731 2707 4822 expositiones
2759 4753 3010 4820 quaera-
