3517 5750
588 3027 805 3096 Impedi-

587 3105 753 3177 ments

588 3179 783 3228 snsmg

912 887 993 951 41
1006 888 1047 951 8
1676 896 1934 949 nocam
1981 893 2274 949 Bscoms
2849 882 3030 971 [cAr.

914 1076 1203 1165 epistola,
1258 1074 1479 1143 dicens
1514 1099 1530 1143 :
1606 1080 1645 1113 “
1676 1073 1812 1155 Qui
1865 1096 2272 1161 quaecunque
2353 1076 2668 1163 ignorant
2723 1074 3030 1163 blasphe-

918 1190 951 1215 “
1000 1184 1231 1259 mant3
1306 1198 1710 1265 quaecunque
1779 1182 2006 1244 autem
2071 1183 2392 1265 tanquam
2453 1178 2650 1243 bruta
2713 1178 3032 1245 animalia

922 1288 955 1317 “
1002 1286 1251 1348 norunt
1300 1282 1373 1347 in
1431 1280 1537 1345 his
1614 1284 2138 1365 corrumpuntur.
2251 1280 2347 1344 Hi
2408 1284 2568 1345 sunt
2625 1282 2834 1347 nubes
2883 1281 3030 1347 sine

923 1390 961 1421 “
1007 1404 1197 1469 aqua,
1246 1404 1395 1469 quse
1438 1404 1481 1449 a.
1533 1382 1754 1449 ventis
1813 1382 2374 1462 circumferuntur,
2453 1383 2718 1451 arbores
2765 1388 3031 1449 autum-

915 1494 955 1522 “
996 1486 1179 1552 nales
1224 1486 1667 1563 infructuosae,
1715 1484 1822 1551 bis
1865 1489 2165 1563 mortuae,
2211 1487 2581 1566 eradicatae,
2635 1486 2874 1552 fluctus
2905 1486 3030 1553 feri

918 1597 952 1625 “
1000 1589 1197 1653 maris
1266 1588 1728 1674 despumantes
1791 1608 1942 1653 suas
2000 1586 2421 1666 confusiones,
2477 1588 2693 1654 sidera
2741 1588 3030 1653 errantia

917 1697 955 1726 ‘⁸
1001 1690 1242 1776 quibus
1301 1689 1585 1777 procella.
1636 1688 2063 1755 tenebrarum
2117 1696 2506 1757 conservata
2553 1696 2658 1757 est
2701 1691 2776 1757 in
2835 1696 3028 1757 aeter-

920 1800 954 1829 “
998 1790 1218 1859 num.''
1320 1792 1463 1859 Nec
1506 1791 1749 1857 mirum
1795 1814 1945 1859 cum
2005 1794 2238 1859 erroris
2283 1793 2576 1859 tenebris
2621 1794 2915 1881 gaudent
2955 1795 3032 1859 in

918 1894 1040 1961 hac
1105 1896 1265 1973 vita,
1344 1898 1413 1961 et
1503 1894 1650 1959 ideo
1732 1894 1820 1960 ad
1879 1895 2094 1961 locum
2153 1896 2576 1962 tenebrarum
2642 1898 2880 1961 merito
2955 1895 3034 1961 in

920 1998 1067 2063 vita
1108 1996 1319 2063 altera
1362 1996 1922 2063 transmittentur.
2016 1996 2114 2061 Hi
2158 2004 2316 2063 sunt
2391 1998 2724 2064 maledicti
2769 2020 2810 2063 a
2864 1998 3030 2078 Dec,

925 2120 1203 2185 quorum
1278 2120 1587 2165 numerus
1662 2098 1898 2186 plenus
1967 2104 2082 2179 est,
2133 2106 2202 2167 et
2247 2102 2394 2167 ideo
2460 2101 2564 2167 his
2625 2100 3032 2188 temporibus

926 2208 1161 2291 regnat
1206 2204 1600 2291 ignorantiae
1645 2202 2012 2290 plenitudo.

1797 2628 1957 2697 On».
2007 2628 2130 2697 IV.

1086 2821 1185 2888 In
1229 2842 1361 2910 quo
1405 2819 1931 2910 investiya‘ntur
1975 2819 2116 2890 duo
2163 2819 2318 2890 alia
2361 2818 2880 2910 impedimenta.

1016 3019 1161 3088 SED
1224 3021 1537 3107 quoniam
1594 3021 1739 3109 jam
1806 3023 1893 3088 ad
1955 3025 2181 3088 nostra
2251 3026 2554 3108 tempora.
2625 3021 3032 3100 devenimus,

923 3124 1071 3190 ideo
1139 3123 1405 3210 quidem
1472 3125 1547 3190 in
1598 3125 2119 3211 praecedentibus
2181 3125 2518 3211 supposita
2577 3125 2746 3190 circs.
2807 3146 3035 3190 causas

590 3231 719 3280 from
742 3232 827 3280 the
927 3228 1161 3293 erroris
1206 3231 1276 3293 et
1320 3226 1777 3314 impedimenti
1822 3227 2182 3314 sapientiae,
2215 3248 2363 3313 quae
2393 3226 2848 3314 multiplicatae
2877 3233 3038 3294 sunt

590 3299 768 3346 abusos
790 3295 850 3346 of

589 3364 677 3412 the
696 3361 817 3414 civil

592 3431 689 3480 lsw

927 3351 969 3394 a
1036 3328 1478 3416 quadraginta.
1552 3330 1759 3408 annis,
1849 3329 2141 3396 maxime
2215 3331 2367 3396 volo
2433 3328 2864 3406 introducere,
2954 3335 3036 3396 ut

926 3432 1349 3498 manifestum
1414 3433 1521 3512 sit,
1570 3432 1745 3518 quod
1807 3437 2038 3498 tantus
2101 3453 2280 3498 error
2343 3437 2580 3518 regnat
2637 3432 2712 3496 in
2771 3431 3039 3498 ecclesis.

928 3535 1074 3614 Dei,
1137 3533 1315 3620 quod
1380 3533 1491 3600 vel
1553 3539 1814 3620 oportet
1877 3534 2052 3620 quod
2119 3533 2562 3600 Antichristus
2629 3535 2872 3610 veniat,
2925 3533 3038 3598 vel

926 3637 1059 3708 alia.
1102 3637 1397 3702 turbatio
1442 3636 1680 3723 gravis,
1728 3635 1838 3702 vel
1883 3635 2122 3722 aliquis
2167 3657 2462 3701 summus
2507 3635 2810 3722 pontifex
2853 3657 3038 3702 sanc-

926 3739 1219 3804 tissimus
1264 3739 1515 3804 virtute
1561 3738 1690 3804 Dei
1735 3739 2140 3805 exterminet
2190 3739 2310 3804 has
2341 3759 2567 3804 causas
2611 3759 2920 3818 errorum,
2965 3743 3037 3804 et

928 3841 1241 3908 restituat
1303 3839 1527 3906 debito
1602 3841 1814 3906 statui
1882 3843 2206 3907 universa..
2299 3841 2472 3908 Duae
2544 3842 2753 3930 igitur
2827 3863 3040 3908 causae

930 3947 1089 4006 sunt
1148 3939 1453 4028 perfectae
1520 3942 1799 4008 istorum
1859 3965 1902 4008 a
1965 3943 2414 4030 quadraginta,
2473 3943 2684 4024 annis,
2739 3965 2874 4010 una
2935 3951 3038 4010 est

930 4043 1171 4108 abusus
1235 4043 1407 4128 juris
1468 4043 1681 4110 civilis
1750 4045 1991 4126 Italiae,
2066 4047 2182 4132 qui
2255 4067 2392 4112 non
2466 4046 2680 4112 solum
2754 4047 3039 4114 destruit

933 4145 1231 4212 studium
1294 4145 1651 4231 sapientiae,
1698 4148 1817 4214 sed
1879 4147 2214 4215 ecclesiam
2259 4148 2390 4214 Dei
2433 4155 2503 4215 et
2555 4148 2778 4215 omnia
2819 4171 3040 4238 regna.

936 4249 1029 4313 Et
1072 4249 1219 4313 ideo
1263 4269 1381 4334 per
1442 4249 1617 4315 hunc
1661 4249 1941 4316 abusum
1988 4252 2421 4318 destruuntur
2479 4273 2705 4318 omnes
2749 4253 3040 4338 quinque

935 4351 1178 4438 gradus
1242 4349 1583 4436 sapientise
1644 4353 1996 4439 praedictae,
2049 4359 2120 4420 et
2181 4359 2364 4420 totus
2425 4355 2712 4420 mundus
2771 4355 3043 4440 ponitur

934 4455 1009 4520 in
1072 4453 1379 4541 maligno,
1496 4453 1673 4534 Quia.
1734 4461 1959 4522 autem
2021 4457 2311 4543 perversi
2364 4456 2626 4542 juristae
2686 4457 3042 4523 destruunt

936 4557 1231 4622 studium
1262 4556 1600 4642 sapientiae
1631 4557 2054 4624 manifestum
2085 4564 2224 4640 est3
2255 4559 2410 4643 quia
2445 4559 2591 4645 jam
2619 4581 2736 4645 per
2777 4559 3040 4624 fraudes

936 4664 1006 4723 et
1070 4657 1251 4723 dolos
1316 4658 1411 4723 sic
1456 4665 1939 4744 occupaverunt
1999 4661 2305 4747 praelatos
2357 4666 2427 4726 et
2470 4660 2808 4748 principeS,
2863 4661 3040 4746 quod

937 4759 1068 4826 fere
1134 4761 1353 4826 omnia
1418 4781 1691 4827 munera
1758 4767 1828 4830 ct
1892 4763 2212 4832 beneficia
2285 4762 2654 4852 recipiunt;
2701 4765 2798 4828 ita
2857 4763 3038 4852 quod
