3517 5750
513 2627 631 2682 Had
653 2629 799 2680 omit-

510 2695 596 2746 ted
617 2697 798 2760 speak-

851 807 939 880 42
1601 821 1861 875 nomm
1905 818 2195 876 moenis
2774 809 2951 900 [oar.

849 997 994 1065 vias
1035 994 1343 1077 alkimiae,
1407 1001 1478 1064 et
1540 995 1863 1064 naturalis
1922 996 2368 1086 philosophias,
2432 1001 2505 1068 et
2568 997 2955 1078 medicinaeg

847 1121 997 1186 quae
1038 1097 1290 1165 radices
1347 1097 1663 1186 applicari
1707 1098 1953 1166 debent
1994 1099 2085 1166 ad
2127 1100 2425 1168 omnium
2490 1121 2713 1170 rerum
2754 1123 2952 1190 gene-

846 1201 1218 1268 rationem:
1292 1203 1364 1266 et
1425 1200 1598 1268 hanc
1659 1201 2167 1289 applicationem
2226 1203 2501 1291 exposui
2542 1203 2619 1268 in
2660 1225 2841 1286 auro,
2886 1210 2957 1272 et

847 1303 1128 1370 metallis
1156 1302 1424 1383 coeteris,
1448 1325 1598 1370 cum
1625 1324 1867 1392 magno
1895 1303 2117 1372 studio
2140 1327 2157 1386 ;
2200 1325 2321 1372 neo
2348 1305 2629 1376 ulterius
2654 1306 2954 1392 processi,

848 1405 1005 1492 quia
1045 1404 1375 1492 persuasio
1433 1427 1582 1472 mea
1637 1406 1711 1471 in
1761 1405 1880 1474 illo
1939 1427 2132 1494 opere
2174 1427 2312 1473 non
2369 1407 2521 1494 plus
2564 1407 2957 1493 requirebat.

850 1507 942 1574 Et
984 1506 1237 1594 judicio
1282 1527 1429 1574 meo
1481 1507 1640 1588 haec,
1687 1529 1837 1594 quae
1899 1507 1999 1573 ibi
2042 1513 2248 1596 tango
2289 1506 2374 1575 de
2416 1509 2562 1576 istis
2604 1509 2949 1590 radicibus,

847 1631 998 1677 cum
1041 1608 1476 1698 applicatione
1539 1609 1626 1674 ad
1669 1608 1955 1688 metalla,
2022 1611 2254 1678 valent
2314 1611 2513 1698 longe
2560 1611 2711 1699 plus
2752 1633 2954 1700 quam

848 1713 1160 1798 quicquid
1205 1710 1574 1780 aestimatur
1639 1712 1793 1778 sciri
1837 1711 1923 1777 ab
1968 1713 2278 1778 omnibus
2348 1712 2765 1781 naturalibus
2836 1713 2955 1800 qui

848 1813 1044 1880 modo
1073 1819 1274 1898 sunt;
1316 1813 1628 1899 quoniam
1673 1818 1869 1880 extra
1910 1814 2165 1882 radices
2209 1814 2329 1882 has
2371 1814 2445 1879 in
2475 1836 2725 1882 vanum
2770 1837 2951 1901 quae-

848 1921 1009 1982 runt
1073 1937 1306 1998 ramos,
1353 1915 1566 1996 flores,
1613 1920 1684 1982 et
1724 1915 1992 1982 fructus.
2104 1916 2241 1983 Hic
2302 1917 2545 1984 excedo
2595 1918 2670 1982 in
2711 1917 2949 1996 verbis,

849 2018 966 2082 sed
1027 2039 1165 2084 non
1225 2018 1300 2082 in
1371 2018 1608 2096 animo,
1673 2017 1833 2102 quia
1891 2018 2017 2084 hoc
2077 2017 2225 2086 dico
2266 2023 2535 2106 propter
2606 2018 2731 2084 hoc
2772 2019 2953 2104 quod

847 2119 1035 2186 doleo
1079 2121 1161 2186 de
1208 2140 1420 2186 errore
1463 2117 1747 2200 infinito,
1794 2124 1865 2184 et
1907 2124 1988 2185 ut
2038 2120 2323 2188 excitem
2365 2141 2487 2186 vos
2530 2121 2617 2186 ad
2660 2121 2951 2188 conside-

845 2222 1170 2288 rationem
1213 2219 1532 2289 veritatis.
1623 2219 1748 2286 Ille
1793 2241 1966 2298 vero,
2014 2221 2131 2307 qui
2167 2223 2537 2312 composuit
2577 2226 2685 2289 tot
2712 2226 2784 2288 et
2810 2225 2951 2288 tam

845 2345 1086 2410 magna
1157 2323 1501 2390 volumina
1573 2323 1656 2389 de
1727 2323 2162 2404 naturalibus,
2240 2322 2355 2405 (de
2428 2346 2561 2411 quo
2656 2323 2953 2412 superius

844 2423 1102 2492 locutus
1163 2425 1356 2510 sum‚)
1421 2424 1686 2510 ignorat
1759 2424 1900 2490 haec
1942 2424 2395 2507 fundamenta,
2442 2431 2511 2492 et
2566 2425 2715 2492 ideo
2760 2447 2951 2492 suum

847 2525 1198 2592 aedificium
1242 2530 1419 2592 stare
1463 2547 1596 2591 non
1641 2529 1877 2612 potest.

940 2627 1218 2694 Radices
1262 2648 1418 2693 vero
1465 2626 1756 2692 alkimiae
1815 2626 2121 2713 practicae
2166 2626 2449 2694 multum
2495 2626 2793 2694 sciuntur
2834 2651 2954 2716 per

512 2761 605 2825 ing
615 2762 677 2812 of
689 2761 826 2814 them
849 2727 1008 2808 haec,
1057 2751 1206 2815 quae
1266 2729 1374 2793 hic
1394 2727 1414 2764 ¹
1462 2729 1788 2811 tractavi3
1834 2734 1905 2795 et
1946 2733 2175 2796 tamen
2217 2749 2391 2815 pono
2436 2749 2549 2796 eas
2592 2727 2948 2797 secundum

511 2827 568 2877 ³1²
589 2828 669 2879 ΜΒ
687 2828 826 2894 09¹²ss
850 2831 1054 2899 verba
1102 2829 1656 2918 philosophorum,
1703 2835 1776 2898 et
1818 2830 2145 2919 praecipue
2188 2830 2549 2899 Avicennae
2592 2830 2666 2897 in
2711 2829 2951 2919 Majori

512 2894 695 2959 majus.

513 2960 650 3026 Only
664 2960 826 3013 suited
849 2932 1165 3011 AJkimia,
1245 2954 1444 3019 quem
1529 2937 1726 2999 vocat
1808 2938 1845 2969 “
1870 2932 2147 2999 Libram
2231 2932 2313 2999 de
2393 2932 2645 2999 Anima
2722 2954 2948 3003 secun-

513 3036 565 3079 ‘0
585 3030 671 3079 ¹¹²0
693 3044 802 3079 eam
854 3043 889 3073 “
933 3035 1094 3102 dum
1134 3034 1446 3121 AEnigma
1467 3033 1522 3118 ;”
1569 3040 1638 3101 et
1682 3036 1803 3101 has
1848 3034 2101 3100 radices
2146 3056 2269 3122 ego
2310 3056 2487 3122 pono
2530 3037 2605 3102 in
2650 3034 2952 3103 Secundo

511 3093 576 3173 o(
583 3095 670 3145 the

511 3168 694 3213 maest.

851 3136 1062 3225 Opere
1107 3143 1258 3225 post
1299 3136 1740 3203 intentionem
1794 3136 2069 3224 Majoris
2130 3136 2363 3223 Operis
2410 3138 2675 3206 datamz
2722 3139 2837 3205 sed
2882 3145 2952 3207 et

846 3240 918 3305 in
973 3241 1096 3305 hac
1161 3239 1366 3307 tortia
1431 3239 1760 3325 scriptura
1818 3260 2061 3325 ponam
2122 3238 2535 3325 exquisitius,
2657 3238 2792 3310 Sed
2832 3260 2954 3307 neo

846 3344 1025 3429 quod
1089 3342 1198 3408 1110
1259 3362 1501 3428 ponam
1563 3344 1788 3428 potest
1850 3338 2141 3428 intelligi
2198 3338 2342 3406 sine
2404 3340 2556 3409 aliis
2606 3341 2782 3422 locis,
2830 3364 2951 3409 nec

843 3444 962 3510 illa
1003 3443 1146 3511 sine
1189 3445 1282 3511 eis
1329 3464 1477 3531 quae
1539 3444 1646 3508 1110
1713 3463 1889 3529 pono
1916 3468 1933 3523 ς
2001 3462 2121 3507 1100
2183 3442 2409 3509 omnia
2451 3444 2593 3511 haec
2636 3443 2804 3512 dant
2846 3444 2949 3511 in-

845 3547 1201 3626 tellectum,
1247 3547 1377 3611 nisi
1420 3544 1921 3633 sapientissimis
1948 3550 2020 3609 et
2048 3545 2320 3609 omnino
2363 3544 2668 3631 perfectis
2710 3544 2785 3611 'm
2828 3546 2951 3613 hac

844 3648 1160 3729 scientia3
1204 3649 1320 3734 qui
1363 3670 1501 3714 non
1544 3652 1704 3713 sunt
1746 3652 1885 3711 tres
1929 3645 2003 3710 111
2032 3645 2190 3711 hoc²
2219 3648 2483 3713 mundo.
2561 3647 2743 3715 Deus
2772 3648 2950 3715 enim

845 3748 1201 3815 occultavit
1244 3762 1497 3835 semper
1547 3770 1590 3814 a
1633 3747 2066 3813 multitudine
2124 3751 2523 3834 potestatem
2588 3750 2786 3836 hujus
2830 3750 2949 3817 sci·

845 3849 1084 3917 entiae:
1131 3870 1288 3915 nam
1331 3851 1572 3936 vulgus
1613 3871 1750 3915 non
1794 3851 2007 3915 solum
2032 3848 2059 3891 ⁸
2134 3849 2345 3915 nescit
2397 3850 2502 3915 uti
2550 3849 2747 3917 rebus
2804 3852 2951 3937 dig-

845 3950 1154 4031 nissimis,
1221 3950 1336 4016 sed
1414 3952 1616 4016 etiam
1678 3952 2012 4017 convertit
2058 3952 2133 4016 in
2189 3951 2475 4029 malum3
2556 3972 2679 4017 nec
2746 3950 2948 4019 etiam

843 4052 1086 4139 vulgus
1125 4051 1500 4138 sapientum
1541 4053 1629 4119 ad
1671 4052 1813 4119 haec
1855 4074 2146 4139 unquam
2192 4051 2417 4140 potuit
2458 4049 2803 4139 attingere,
2834 4054 2949 4119 sed

847 4154 1058 4221 solum
1131 4153 1596 4240 sapientissimi
1669 4158 1740 4221 et
1804 4154 2077 4220 omnino
2148 4152 2607 4241 expertissimi.
2742 4152 2948 4223 Nolui

843 4278 1003 4324 vero
1074 4256 1326 4323 radices
1385 4256 1662 4323 istarum
1737 4254 2019 4323 duarum
2082 4257 2501 4325 scientiarum
2562 4276 2805 4344 ponere
2874 4257 2948 4323 in

909 4621 924 4651 ¹
948 4620 1050 4688 hic]
1085 4621 1172 4672 ibi.
1207 4620 1274 4672 U.
1884 4619 1899 4755 1
2006 4623 2027 4651 ⁸
2051 4636 2145 4671 mm
2177 4616 2352 4686 solum]
2392 4634 2489 4671 om.
2525 4620 2587 4672 Τ.
2622 4620 2686 4672 Β.

907 4700 928 4729 ¹
947 4698 1060 4766 Ιιοσ]
1097 4716 1196 4753 om.
1233 4698 1296 4751 Τ.
