3517 5750
851 865 988 934 492
1603 877 1865 932 soem
1906 875 2203 930 mcoms
2782 865 2969 955 [mr.

853 1061 892 1091 “
931 1051 1458 1142 praecipiuntur?
1545 1053 1682 1122 Sed
1723 1053 1865 1120 haec
1908 1052 2047 1120 tria
2106 1053 2276 1120 festa
2334 1052 2405 1120 in
2452 1053 2795 1123 lunatione
2838 1055 2967 1124 Oc-

847 1154 1058 1222 tobris
1119 1155 1236 1243 qui
1302 1155 1540 1243 incipit
1595 1155 1670 1222 in
1717 1155 2097 1242 Septembri
2160 1155 2355 1238 fiunt,
2400 1160 2481 1222 ut
2524 1157 2799 1244 planum
2842 1163 2961 1224 est

849 1257 1070 1346 Igitur
1127 1258 1516 1346 September
1573 1263 1678 1326 est
1733 1258 1889 1324 finis
1932 1257 2115 1324 anni.
2206 1258 2621 1346 Quapropter
2680 1259 2969 1328 October

847 1364 952 1427 est
989 1361 1400 1448 principium.

938 1462 1032 1530 Et
1069 1462 1194 1529 hoc
1231 1463 1554 1551 probatur
1591 1485 1708 1551 per
1736 1467 2004 1530 textum
2040 1461 2275 1528 multis
2304 1461 2532 1529 modis.
2578 1462 2649 1527 N
2650 1485 2761 1530 am
2786 1462 2959 1530 vice-

847 1565 1014 1632 simo
1041 1565 1246 1632 tertio
1275 1565 1496 1632 Exodi
1523 1565 1773 1631 dicitur
1818 1564 1989 1652 [16‚]
2016 1588 2033 1630 ε
2084 1573 2121 1600 “
2144 1563 2655 1632 solemnitatem
2698 1587 2959 1653 quoque

847 1675 885 1704 ‘⁴
929 1669 1410 1736 inexituanni
1453 1689 1660 1754 quum
1703 1665 2203 1754 congregaveris
2244 1665 2465 1754 fruges
2494 1671 2647 1732 tuas
2692 1667 2961 1754 deagro

847 1777 886 1808 “
927 1770 1138 1838 facies.
1229 1770 1325 1838 Et
1389 1769 1720 1837 tricesimo
1787 1775 2026 1856 quarto
2092 1769 2414 1848 similiter,
2474 1769 2959 1836 solemnitatem

843 1873 1042 1940 facies
1069 1895 1274 1961 quum
1317 1871 1636 1938 redeunte
1681 1871 1844 1938 anni
1902 1876 2203 1958 tempore
2248 1875 2485 1938 cuncta
2524 1871 2961 1939 conduntur.”

845 1975 940 2041 Et
981 1975 1278 2064 loquitur
1339 1975 1422 2041 de
1487 1971 1920 2060 scenophegia
1962 1972 2105 2039 sive
2156 1971 2325 2038 festo
2368 1973 2959 2041 tabernaculorum.

846 2078 940 2145 Et
969 2077 1314 2146 Nehemiae
1357 2076 1572 2164 primo
1601 2075 1893 2163 capitulo
1928 2075 2153 2162 [1.:‘]
2156 2073 2477 2140 ‘Factum
2506 2081 2607 2141 eet
2634 2075 2711 2141 in
2738 2097 2961 2143 mense

847 2179 1196 2263 “,anlew
1257 2200 1433 2246 anno
1497 2176 1847 2246 secundo.''
1934 2175 2029 2242 Et
2094 2176 2379 2242 secundo
2442 2177 2735 2264 capitulo
2784 2177 2955 2266 [].:]

847 2281 1212 2350 “Factum
1241 2283 1446 2349 estin
1473 2301 1696 2348 mense
1717 2277 1972 2360 Nican,
2002 2299 2179 2344 anno
2212 2277 2525 2346 vicesimo
2544 2279 2959 2348 Artaxerxis

845 2393 884 2422 “
925 2383 1157 2474 regis.”
1243 2383 1460 2450 Nisan
1501 2383 1680 2449 enim
1725 2381 1992 2468 Aprilis,
2038 2387 2108 2446 et
2152 2379 2389 2447 Oasleu
2432 2385 2533 2447 est
2576 2381 2957 2464 December,

841 2487 1198 2554 secundum
1243 2485 1578 2552 Hebraeos.
1667 2483 1746 2550 Si
1788 2483 1999 2570 igitur
2028 2481 2241 2548 Nisan
2284 2486 2455 2550 esset
2496 2482 2749 2570 primus
2776 2507 2957 2551 men-

841 2589 934 2656 sis
973 2589 1136 2656 anni
1163 2589 1520 2656 secundum
1563 2587 1799 2654 seriem
1830 2585 2203 2652 naturalem
2232 2587 2659 2673 computandi
2684 2609 2954 2668 annum,

841 2712 979 2758 non
1041 2691 1371 2758 diceretur
1413 2710 1588 2756 anno
1631 2687 1957 2765 vicesim0‚
2022 2686 2137 2752 sed
2180 2686 2341 2752 anni
2384 2687 2677 2754 vicesimi
2735 2688 2955 2776 primi,

839 2815 992 2859 cum
1033 2793 1218 2880 prius
1267 2791 1710 2860 nominaverit
1753 2789 1993 2856 Oasleu
2036 2787 2197 2854 anni
2242 2787 2551 2870 vicesimi,
2596 2793 2669 2856 et
2722 2794 2955 2879 postea

839 2895 1140 2961 nominet
1183 2894 1252 2959 N
1253 2894 1417 2973 isan,
1479 2915 1614 2961 non
1657 2892 1931 2959 alterius
1990 2892 2105 2957 sed
2150 2891 2442 2977 ejusdem
2484 2892 2663 2957 anni.
2772 2892 2952 2960 Item

841 2996 964 3062 hoc
1005 2994 1326 3083 probatur
1381 3016 1500 3083 per
1539 2995 1769 3083 legem.
1858 2994 2039 3059 Nam
2098 3014 2249 3061 cum
2310 2998 2383 3059 et
2426 2992 2801 3082 Septembri
2844 2996 2953 3061 vel

839 3096 1112 3164 Octobri
1187 3096 1362 3161 sexti
1436 3096 1597 3161 anni
1663 3095 2116 3178 seminaretur,
2176 3100 2340 3161 tunc
2412 3096 2472 3161 si
2544 3118 2759 3162 annus
2830 3118 2953 3163 na-

837 3198 1143 3267 turaliter
1237 3198 1478 3287 incipit
1571 3198 1658 3264 ab
1755 3198 1975 3286 Aprili
2056 3196 2526 3265 terminabitur
2598 3196 2715 3279 ibi,
2792 3220 2950 3286 ergo

833 3302 909 3369 in
975 3306 1168 3369 sexto
1235 3322 1414 3367 anno
1479 3320 1617 3367 non
1675 3303 1983 3380 metetur,
2044 3320 2167 3367 nec
2230 3299 2623 3387 colligentur
2686 3322 2943 3381 messes,

833 3426 956 3472 nec
1019 3408 1388 3493 potuerunt
1453 3402 1737 3469 ulterius
1796 3401 2037 3490 colligi,
2097 3402 2255 3487 quia
2313 3406 2475 3467 tunc
2532 3402 2605 3466 in
2664 3402 2945 3490 septimo

833 3530 1010 3575 anno
1051 3507 1532 3596 colligerentur,
1581 3504 1760 3591 quod
1802 3503 2043 3569 falsum
2086 3508 2229 3569 est·
2212 3555 2231 3585 ,
2298 3504 2457 3590 quia
2521 3502 2770 3570 ferialis
2826 3527 2946 3592 per

831 3610 1061 3698 legem,
1113 3616 1184 3677 et
1229 3610 1332 3677 ita
1379 3606 1694 3697 peribunt
1739 3626 1966 3672 omnes
2008 3604 2264 3673 fructus
2306 3605 2485 3673 sexti
2542 3606 2723 3689 anni,
2764 3607 2943 3695 quod

833 3718 937 3780 est
995 3712 1402 3779 absurdum·
1387 3762 1405 3793 ,
1475 3710 1789 3798 quoniam
1846 3708 2103 3777 fructus
2154 3708 2410 3775 collecti
2460 3707 2535 3775 in
2584 3709 2720 3776 fine
2766 3710 2943 3776 sexti

827 3814 994 3879 anni
1067 3812 1484 3879 sufficiebant
1578 3833 1697 3899 pro
1772 3832 1900 3877 usu
1974 3810 2242 3898 septimi
2314 3812 2475 3877 anni
2560 3815 2629 3878 et
2706 3814 2941 3879 octavi.

831 3916 1083 3981 Contra
1125 3936 1283 3980 vero
1327 3913 1448 3981 has
1492 3913 1878 4001 magnificas
1920 3912 2209 3980 rationes
2252 3911 2424 3977 nihil
2452 3916 2555 3979 est
2580 3914 2939 3981 secundum

827 4016 1181 4083 veritatem
1225 4016 1403 4101 quod
1447 4014 1672 4082 induci
1715 4013 1942 4103 possit.
2034 4014 2168 4081 Sed
2214 4014 2575 4082 secundum
2621 4037 2941 4103 apparen-

828 4118 998 4185 tiam
1039 4138 1246 4183 unum
1290 4118 1476 4184 valet
1517 4116 1716 4203 objici
1758 4118 1938 4203 quod
1984 4115 2230 4184 dicitur
2272 4116 2347 4182 in
2392 4116 2648 4198 Exodo,
2705 4126 2743 4153 “
2758 4118 2937 4205 quod

828 4229 865 4258 “
907 4222 1019 4288 hic
1059 4219 1304 4287 mensis
1345 4218 1436 4286 sit
1493 4220 1684 4286 vobis
1741 4218 1993 4307 primus
2051 4217 2126 4284 in
2188 4218 2524 4286 mensibus
2588 4219 2809 4299 anni‚'’
2868 4226 2939 4287 et

823 4324 1119 4411 loquitur
1179 4324 1264 4389 de
1307 4320 1546 4408 Aprili,
1597 4320 1806 4409 igitur
1875 4320 2095 4387 Maius
2144 4325 2247 4387 est
2294 4321 2635 4400 secundus,
2708 4328 2779 4387 et
2836 4321 2939 4389 ita

823 4426 1153 4493 diluvium
1195 4424 1330 4493 fuit
1369 4424 1446 4491 in
1475 4423 1673 4491 Maio.
1768 4422 1904 4490 Sed
1948 4444 2035 4489 ex
2079 4421 2503 4489 distinctione
2548 4444 2748 4510 quam
2776 4424 2941 4490 fecit

823 4528 1156 4617 «Iosephus
1229 4532 1420 4617 patet
1491 4526 1664 4593 ratio
1749 4526 1959 4592 istius.
2094 4524 2276 4591 Nam
2357 4524 2611 4612 primus
2690 4526 2939 4593 mensis

833 4629 1076 4697 dicitur
1142 4652 1277 4697 uno
1339 4628 1555 4711 modo,
1619 4628 1979 4695 secundum
2041 4626 2277 4693 seriem
2340 4626 2713 4693 naturalem
2768 4632 2939 4695 tem-

826 4732 1021 4821 porie,
1065 4738 1136 4801 et
1179 4738 1502 4820 quantum
1567 4730 1656 4799 ad
1721 4732 2099 4797 contractus
2139 4729 2599 4798 venditionum
2642 4735 2714 4797 et
2754 4752 2937 4819 emp—
