3517 5750
824 878 957 945 300
1584 892 1842 945 noem
1887 892 2178 946 mcoms
2749 875 2926 963 [car.

820 1069 1105 1155 riperet3
1153 1074 1223 1135 et
1252 1068 1695 1156 expergefacti
1738 1069 1888 1135 aliis
1917 1068 2311 1157 quibusdam
2341 1070 2555 1135 modis
2583 1073 2922 1156 stuporem

820 1172 1031 1235 somni
1078 1170 1649 1257 confusionemque
1691 1172 2089 1259 purgabant.

910 1272 1078 1339 Haec
1137 1274 1359 1359 itaque
1419 1274 1655 1353 omnia,
1702 1278 1784 1339 ut
1841 1273 1939 1339 ait
1993 1274 2280 1353 Boe‘tius,
2329 1274 2692 1341 docuerunt
2751 1274 2922 1360 sapi-

820 1378 1022 1454 entes,
1070 1375 1227 1461 quia
1284 1376 1619 1441 sciverunt
1676 1377 1854 1461 quod
1903 1380 2048 1442 tota
2097 1378 2338 1444 animas
2397 1380 2641 1443 nostrae
2699 1397 2920 1462 corpo-

819 1477 1037 1563 risque
1082 1498 1395 1566 compago
1438 1478 1688 1543 musica
1716 1479 2162 1566 compactione
2203 1477 2552 1566 conjuncta
2593 1478 2724 1559 sit;
2767 1500 2922 1542 nam

820 1584 901 1645 ut
953 1600 1091 1646 sese
1152 1580 1427 1647 affectus
1486 1580 1774 1668 corporis
1837 1580 2106 1662 habent,
2171 1582 2270 1649 ita
2331 1586 2402 1647 et
2447 1580 2671 1669 pulsus
2715 1580 2926 1647 cordis

820 1682 1109 1748 motibus
1151 1681 1533 1748 incitantur.

648 1806 661 1819 ·
750 1836 773 1847 -
908 1784 1041 1851 Sed
1092 1806 1231 1849 non
1282 1784 1493 1851 solum
1548 1782 1754 1851 animi
1809 1784 2020 1851 nostri
2073 1782 2516 1851 immutantur
2569 1784 2923 1851 secundum

818 1888 1287 1975 proprietatem
1342 1887 1607 1953 musicoe
1660 1888 2038 1966 harmoniae,
2097 1888 2300 1953 immo
2345 1886 2556 1952 Varro
2607 1886 2922 1974 peritissi-

734 1982 747 1995 ’
818 2011 964 2055 mus
1022 1989 1411 2056 Latinorum
1470 1990 1661 2056 docet
1726 2010 1845 2076 per
1909 1990 2190 2055 musicas
2257 1990 2712 2057 consonantias
2777 1988 2922 2055 bes-

818 2092 947 2157 tias
1044 2092 1277 2171 sedari,
1362 2096 1711 2179 serpentes,
1811 2091 2126 2175 volucres,
2218 2090 2560 2180 delphinos
2651 2090 2919 2157 attrahi.

819 2194 1076 2261 Scimus
1158 2194 1335 2260 enim
1402 2215 1521 2281 per
1608 2194 2082 2281 experientiam
2155 2194 2331 2279 quod
2391 2194 2570 2259 cervi
2643 2200 2713 2259 et
2765 2192 2914 2259 aliae

818 2295 1171 2383 sylvestres
1244 2297 1475 2363 bestiae
1550 2295 1941 2383 confugiunt
2013 2296 2101 2361 ad
2167 2316 2401 2362 sonum
2467 2293 2778 2382 cytharae,
2853 2299 2920 2360 et

818 2399 1078 2481 vidulae,
1126 2403 1197 2464 et
1250 2399 1529 2465 aliorum
1574 2398 2209 2479 instrumentorum3
2267 2401 2338 2463 et
2389 2398 2544 2483 equi
2587 2398 2674 2463 ad
2719 2396 2920 2462 auda-

818 2501 1005 2581 ciam,
1050 2505 1123 2567 et
1177 2500 1601 2579 ferocitatem,
1648 2504 1719 2565 et
1773 2500 2080 2566 bellicum
2133 2499 2449 2581 animum,
2497 2520 2614 2586 per
2673 2498 2919 2563 instru-

816 2608 1043 2667 menta
1082 2602 1419 2667 musicalia
1472 2602 1899 2667 concitantur.
2021 2600 2114 2667 Et
2157 2622 2314 2667 aves
2357 2600 2743 2666 cantatrices
2786 2622 2924 2665 non

816 2704 1026 2768 solum
1071 2704 1145 2768 in
1188 2726 1307 2769 sua
1350 2704 1693 2769 harmonia
1754 2701 2166 2768 delectantur
2253 2702 2370 2769 sed
2433 2702 2736 2767 humana.
2829 2702 2920 2766 Et

815 2804 1109 2891 delphini
1176 2826 1379 2871 naves
1444 2808 1927 2893 persequuntur
1991 2808 2260 2893 propter
2322 2804 2637 2870 musicam
2703 2803 2923 2869 dulce-

816 2907 1038 2972 dinem
1067 2931 1083 2988 ;
1129 2911 1199 2972 et
1242 2929 1503 2994 serpens
1546 2929 1831 2993 nequam
1874 2906 2242 2974 delectatur
2281 2912 2354 2974 et
2395 2907 2790 2974 mansuescit
2835 2906 2922 2972 ad

815 3007 1180 3074 melodiam.
1260 3007 1351 3074 Et
1394 3008 1451 3073 si
1496 3009 1638 3075 haec
1680 3009 1904 3076 omnia
1947 3011 2020 3074 in
2058 3009 2436 3076 hominibus
2479 3014 2550 3076 et
2591 3010 2664 3073 in
2706 3008 2925 3074 brutis

812 3110 1059 3176 videris
1120 3110 1463 3199 adimpleri
1518 3131 1634 3198 per
1697 3111 2006 3200 vulgatas
2067 3112 2497 3179 melodiarum
2561 3112 2926 3178 suavitates

811 3217 882 3280 et
926 3214 1371 3280 instrumenta
1433 3215 1822 3296 communia,
1897 3214 2058 3301 quid
2119 3216 2250 3281 erit
2303 3215 2380 3296 si,
2437 3214 2643 3301 juxta
2685 3214 2923 3282 ultima

809 3316 1001 3382 istius
1045 3316 1336 3384 scientiae
1382 3337 1636 3395 arcana,
1684 3317 1920 3386 fierent
1965 3318 2408 3384 instrumenta
2451 3317 2782 3403 exquisita
2848 3321 2920 3382 et

806 3419 1167 3488 harmoniae
1211 3419 1641 3502 electissimae,
1668 3441 1820 3485 cum
1849 3419 2198 3485 excellenti
2243 3420 2573 3486 suavitate
2615 3417 2920 3505 rhythmi

804 3528 875 3589 et
933 3523 1147 3602 metri,
1194 3527 1275 3590 ut
1327 3544 1551 3589 omnes
1618 3527 1844 3609 partes
1895 3523 2162 3588 musicae
2223 3523 2298 3587 in
2341 3543 2548 3588 unum
2605 3521 2912 3588 effectum

807 3624 1265 3692 delectationis
1309 3625 1669 3712 perfectum
1716 3624 2188 3690 convenirent?
2289 3623 2486 3692 Certe
2529 3627 2916 3712 raperentur

803 3725 1004 3792 bruta
1062 3728 1135 3792 in
1188 3747 1451 3792 omnem
1508 3724 1924 3791 voluntatem
1981 3730 2290 3805 nostram,
2349 3731 2430 3791 ut
2481 3747 2684 3792 manu
2729 3747 2914 3813 cape-

804 3833 1046 3906 rentur,
1112 3827 1480 3914 stupefacta
1558 3833 1627 3892 et
1708 3847 2014 3945 oppressa
2087 3827 2294 3894 nimia
2367 3828 2710 3894 suavitate.
2819 3827 2914 3892 Et

800 3929 1103 3996 similiter
1152 3928 1494 3995 hominum
1548 3929 1753 3994 animi
1808 3931 1881 3995 in
1927 3931 2286 4016 quemlibet
2353 3931 2630 4018 gradum
2700 3929 2905 3996 devo-

802 4032 1003 4096 tionis
1089 4036 1493 4117 raperentur,
1580 4037 1651 4096 et
1723 4033 1796 4098 in
1871 4033 2138 4120 plenum
2213 4031 2564 4119 cujuslibet
2633 4032 2910 4098 virtutis

802 4153 1090 4198 amorem
1136 4133 1607 4214 excitarentur,
1656 4137 1726 4199 et
1770 4135 1844 4199 in
1888 4155 2150 4202 omnem
2213 4133 2570 4200 sanitatem
2614 4139 2684 4200 et
2727 4135 2910 4221 vigo-

802 4257 953 4302 rem.
1048 4234 1181 4302 Sed
1225 4235 1381 4322 quia
1425 4234 1564 4300 haec
1607 4236 1874 4303 musicae
1919 4241 2209 4324 potestas
2251 4257 2388 4302 non
2431 4241 2534 4302 est
2578 4242 2906 4318 consueta,

803 4361 925 4406 nec
968 4337 1209 4426 vulgus
1250 4337 1852 4426 philosophantium
1896 4339 1984 4405 ad
2039 4337 2180 4406 haec
2231 4338 2494 4426 aspirat,
2541 4361 2664 4404 nec
2705 4337 2907 4404 libros

801 4443 1233 4528 antiquorum
1310 4440 1683 4528 sapientum
1754 4440 2060 4521 revolvit,
2135 4462 2257 4507 nec
2329 4463 2399 4506 se
2473 4441 2902 4528 experientiae

806 4542 1113 4634 diligenti
1166 4541 1597 4623 commendat,
1642 4544 1792 4610 ideo
1845 4563 1982 4609 non
2035 4548 2192 4610 sunt
2246 4543 2474 4610 multis
2527 4547 2704 4620 nota,
2753 4565 2902 4631 quae

806 4647 1047 4734 scripsi.
1168 4647 1301 4714 Sed
1368 4652 1591 4715 tamen
1658 4645 2000 4712 verissima
2066 4650 2136 4712 et
2201 4645 2286 4711 ab
2351 4644 2532 4712 omni
2605 4644 2904 4734 sapiente

798 4748 1183 4835 recipienda.
