<?xml version="1.0" encoding="UTF-8"?>
<!DOCTYPE html PUBLIC "-//W3C//DTD XHTML 1.0 Transitional//EN"
    "http://www.w3.org/TR/xhtml1/DTD/xhtml1-transitional.dtd">
<html xmlns="http://www.w3.org/1999/xhtml" xml:lang="en" lang="en">
 <head>
  <title>
</title>
<meta http-equiv="Content-Type" content="text/html;charset=utf-8" />
  <meta name='ocr-system' content='tesseract 3.04.00' />
  <meta name='ocr-capabilities' content='ocr_page ocr_carea ocr_par ocr_line ocrx_word'/>
</head>
<body>
  <div class='ocr_page' id='page_1' title='image "./frrogeribaconop00brewgoog_0467.png"; bbox 0 0 3517 5750; ppageno 0'>
   <div class='ocr_carea' id='block_1_1' title="bbox 538 2378 703 2495">
    <p class='ocr_par' dir='ltr' id='par_1_1' title="bbox 538 2378 703 2495">
     <span class='ocr_line' id='line_1_1' title="bbox 542 2378 699 2427; baseline -0.013 0"><span class='ocrx_word' id='word_1_1' title='bbox 542 2378 602 2427; x_wconf 78' lang='lat' dir='ltr'>of</span> <span class='ocrx_word' id='word_1_2' title='bbox 616 2378 699 2426; x_wconf 79' lang='lat' dir='ltr'>the</span> 
     </span>
     <span class='ocr_line' id='line_1_2' title="bbox 538 2442 703 2495; baseline -0.012 0"><span class='ocrx_word' id='word_1_3' title='bbox 538 2442 703 2495; x_wconf 70' lang='lat' dir='ltr'>Latin.</span> 
     </span>
    </p>
   </div>
   <div class='ocr_carea' id='block_1_2' title="bbox 864 790 2209 852">
    <p class='ocr_par' dir='ltr' id='par_1_2' title="bbox 864 790 2209 852">
     <span class='ocr_line' id='line_1_3' title="bbox 864 790 2209 852; baseline -0.003 0"><span class='ocrx_word' id='word_1_4' title='bbox 864 790 995 852; x_wconf 76' lang='lat'>354</span> <span class='ocrx_word' id='word_1_5' title='bbox 1618 799 1876 849; x_wconf 72' lang='lat' dir='ltr'>nouum</span> <span class='ocrx_word' id='word_1_6' title='bbox 1917 796 2209 851; x_wconf 74' lang='lat' dir='ltr'>moerus</span> 
     </span>
    </p>
   </div>
   <div class='ocr_carea' id='block_1_3' title="bbox 856 967 2978 2261">
    <p class='ocr_par' dir='ltr' id='par_1_3' title="bbox 856 967 2978 2261">
     <span class='ocr_line' id='line_1_4' title="bbox 856 967 2974 1055; baseline 0 -21"><span class='ocrx_word' id='word_1_7' title='bbox 856 968 1059 1055; x_wconf 69' lang='lat' dir='ltr'>phau</span> <span class='ocrx_word' id='word_1_8' title='bbox 1104 967 1219 1047; x_wconf 89' lang='lat' dir='ltr'>ibi,</span> <span class='ocrx_word' id='word_1_9' title='bbox 1266 972 1335 1033; x_wconf 87' lang='lat' dir='ltr'>et</span> <span class='ocrx_word' id='word_1_10' title='bbox 1394 969 1745 1035; x_wconf 85' lang='lat' dir='ltr'>constituit</span> <span class='ocrx_word' id='word_1_11' title='bbox 1792 969 2184 1035; x_wconf 84' lang='lat' dir='ltr'>cuniculum.</span> <span class='ocrx_word' id='word_1_12' title='bbox 2275 968 2368 1033; x_wconf 87' lang='lat' dir='ltr'>Et</span> <span class='ocrx_word' id='word_1_13' title='bbox 2409 968 2822 1055; x_wconf 70' lang='lat' dir='ltr'>chirogrillus</span> <span class='ocrx_word' id='word_1_14' title='bbox 2863 971 2974 1035; x_wconf 77' lang='lat' dir='ltr'>est</span> 
     </span>
     <span class='ocr_line' id='line_1_5' title="bbox 864 1070 2974 1155; baseline -0.001 -18"><span class='ocrx_word' id='word_1_15' title='bbox 864 1070 1185 1151; x_wconf 74' lang='lat' dir='ltr'>Graecum,</span> <span class='ocrx_word' id='word_1_16' title='bbox 1248 1071 1427 1155; x_wconf 90' lang='lat' dir='ltr'>quod</span> <span class='ocrx_word' id='word_1_17' title='bbox 1488 1070 1727 1137; x_wconf 81' lang='lat' dir='ltr'>Latine</span> <span class='ocrx_word' id='word_1_18' title='bbox 1787 1070 2128 1137; x_wconf 86' lang='lat' dir='ltr'>cuniculus</span> <span class='ocrx_word' id='word_1_19' title='bbox 2187 1070 2445 1137; x_wconf 85' lang='lat' dir='ltr'>dicitur.</span> <span class='ocrx_word' id='word_1_20' title='bbox 2539 1072 2632 1137; x_wconf 86' lang='lat' dir='ltr'>Et</span> <span class='ocrx_word' id='word_1_21' title='bbox 2691 1070 2974 1137; x_wconf 81' lang='lat' dir='ltr'>Provin-</span> 
     </span>
     <span class='ocr_line' id='line_1_6' title="bbox 864 1172 2978 1253; baseline 0 -14"><span class='ocrx_word' id='word_1_22' title='bbox 864 1172 1081 1253; x_wconf 85' lang='lat' dir='ltr'>ciales,</span> <span class='ocrx_word' id='word_1_23' title='bbox 1128 1194 1205 1239; x_wconf 87' lang='lat' dir='ltr'>ac</span> <span class='ocrx_word' id='word_1_24' title='bbox 1264 1172 1637 1253; x_wconf 56' lang='lat' dir='ltr'>Tholosanss</span> <span class='ocrx_word' id='word_1_25' title='bbox 1692 1178 1764 1239; x_wconf 85' lang='lat' dir='ltr'>et</span> <span class='ocrx_word' id='word_1_26' title='bbox 1824 1173 2055 1239; x_wconf 85' lang='lat' dir='ltr'>multae</span> <span class='ocrx_word' id='word_1_27' title='bbox 2109 1174 2414 1239; x_wconf 84' lang='lat' dir='ltr'>nationes</span> <span class='ocrx_word' id='word_1_28' title='bbox 2475 1172 2734 1239; x_wconf 76' lang='lat' dir='ltr'>Latinae</span> <span class='ocrx_word' id='word_1_29' title='bbox 2789 1174 2978 1239; x_wconf 85' lang='lat' dir='ltr'>cuni-</span> 
     </span>
     <span class='ocr_line' id='line_1_7' title="bbox 864 1274 2974 1363; baseline -0 -24"><span class='ocrx_word' id='word_1_30' title='bbox 864 1275 1085 1339; x_wconf 81' lang='lat' dir='ltr'><strong>culum</strong></span> <span class='ocrx_word' id='word_1_31' title='bbox 1117 1279 1359 1340; x_wconf 85' lang='lat' dir='ltr'>vocant</span> <span class='ocrx_word' id='word_1_32' title='bbox 1386 1274 1849 1363; x_wconf 77' lang='lat' dir='ltr'><strong>chirogrillum,</strong></span> <span class='ocrx_word' id='word_1_33' title='bbox 1883 1275 2038 1339; x_wconf 87' lang='lat' dir='ltr'>licet</span> <span class='ocrx_word' id='word_1_34' title='bbox 2083 1275 2156 1339; x_wconf 87' lang='lat' dir='ltr'>in</span> <span class='ocrx_word' id='word_1_35' title='bbox 2199 1275 2600 1360; x_wconf 71' lang='lat' dir='ltr'><strong>aspiratione</strong></span> <span class='ocrx_word' id='word_1_36' title='bbox 2641 1274 2974 1341; x_wconf 80' lang='lat' dir='ltr'>deficiunt.</span> 
     </span>
     <span class='ocr_line' id='line_1_8' title="bbox 868 1376 2978 1463; baseline 0 -22"><span class='ocrx_word' id='word_1_37' title='bbox 868 1376 1101 1443; x_wconf 85' lang='lat' dir='ltr'>Glossa</span> <span class='ocrx_word' id='word_1_38' title='bbox 1170 1377 1395 1463; x_wconf 87' lang='lat' dir='ltr'>igitur,</span> <span class='ocrx_word' id='word_1_39' title='bbox 1457 1398 1605 1463; x_wconf 80' lang='lat' dir='ltr'>quae</span> <span class='ocrx_word' id='word_1_40' title='bbox 1663 1376 1828 1441; x_wconf 84' lang='lat' dir='ltr'>dieit</span> <span class='ocrx_word' id='word_1_41' title='bbox 1887 1376 2064 1463; x_wconf 88' lang='lat' dir='ltr'>quod</span> <span class='ocrx_word' id='word_1_42' title='bbox 2111 1376 2522 1463; x_wconf 78' lang='lat' dir='ltr'>chirogrillus</span> <span class='ocrx_word' id='word_1_43' title='bbox 2569 1382 2672 1445; x_wconf 86' lang='lat' dir='ltr'>est</span> <span class='ocrx_word' id='word_1_44' title='bbox 2727 1376 2978 1443; x_wconf 77' lang='lat' dir='ltr'>animal</span> 
     </span>
     <span class='ocr_line' id='line_1_9' title="bbox 866 1477 2976 1565; baseline 0.001 -23"><span class='ocrx_word' id='word_1_45' title='bbox 866 1478 1219 1563; x_wconf 85' lang='lat' dir='ltr'>spinosum,</span> <span class='ocrx_word' id='word_1_46' title='bbox 1280 1484 1351 1543; x_wconf 87' lang='lat' dir='ltr'>et</span> <span class='ocrx_word' id='word_1_47' title='bbox 1422 1500 1651 1565; x_wconf 84' lang='lat' dir='ltr'>rapax,</span> <span class='ocrx_word' id='word_1_48' title='bbox 1712 1482 1784 1545; x_wconf 86' lang='lat' dir='ltr'>et</span> <span class='ocrx_word' id='word_1_49' title='bbox 1849 1477 2278 1558; x_wconf 82' lang='lat' dir='ltr'>mortiferum,</span> <span class='ocrx_word' id='word_1_50' title='bbox 2339 1480 2512 1545; x_wconf 87' lang='lat' dir='ltr'>male</span> <span class='ocrx_word' id='word_1_51' title='bbox 2569 1480 2750 1545; x_wconf 88' lang='lat' dir='ltr'>dicit.</span> <span class='ocrx_word' id='word_1_52' title='bbox 2837 1479 2976 1545; x_wconf 86' lang='lat' dir='ltr'>Sed</span> 
     </span>
     <span class='ocr_line' id='line_1_10' title="bbox 867 1580 2974 1668; baseline 0 -23"><span class='ocrx_word' id='word_1_53' title='bbox 867 1581 1145 1667; x_wconf 84' lang='lat' dir='ltr'>pessime</span> <span class='ocrx_word' id='word_1_54' title='bbox 1203 1581 1451 1661; x_wconf 83' lang='lat' dir='ltr'>dicunt,</span> <span class='ocrx_word' id='word_1_55' title='bbox 1506 1581 1623 1667; x_wconf 90' lang='lat' dir='ltr'>qui</span> <span class='ocrx_word' id='word_1_56' title='bbox 1680 1586 1941 1666; x_wconf 89' lang='lat' dir='ltr'>ponunt</span> <span class='ocrx_word' id='word_1_57' title='bbox 1999 1580 2105 1647; x_wconf 89' lang='lat' dir='ltr'>hic</span> <span class='ocrx_word' id='word_1_58' title='bbox 2157 1582 2447 1667; x_wconf 88' lang='lat' dir='ltr'>quinque</span> <span class='ocrx_word' id='word_1_59' title='bbox 2495 1580 2834 1668; x_wconf 77' lang='lat' dir='ltr'>opiniones</span> <span class='ocrx_word' id='word_1_60' title='bbox 2891 1582 2974 1645; x_wconf 87' lang='lat' dir='ltr'>de</span> 
     </span>
     <span class='ocr_line' id='line_1_11' title="bbox 870 1680 2976 1770; baseline 0 -23"><span class='ocrx_word' id='word_1_61' title='bbox 870 1682 1259 1769; x_wconf 86' lang='lat' dir='ltr'>chirogrill0,</span> <span class='ocrx_word' id='word_1_62' title='bbox 1318 1682 1489 1748; x_wconf 86' lang='lat' dir='ltr'>sicut</span> <span class='ocrx_word' id='word_1_63' title='bbox 1545 1680 1804 1768; x_wconf 88' lang='lat' dir='ltr'>publice</span> <span class='ocrx_word' id='word_1_64' title='bbox 1865 1681 2108 1747; x_wconf 85' lang='lat' dir='ltr'>dicitur</span> <span class='ocrx_word' id='word_1_65' title='bbox 2169 1682 2460 1749; x_wconf 75' lang='lat' dir='ltr'>Par-isius</span> <span class='ocrx_word' id='word_1_66' title='bbox 2519 1706 2668 1749; x_wconf 84' lang='lat' dir='ltr'>cum</span> <span class='ocrx_word' id='word_1_67' title='bbox 2735 1683 2976 1770; x_wconf 77' lang='lat' dir='ltr'>legitur</span> 
     </span>
     <span class='ocr_line' id='line_1_12' title="bbox 872 1783 2976 1871; baseline 0 -22"><span class='ocrx_word' id='word_1_68' title='bbox 872 1783 1013 1849; x_wconf 86' lang='lat' dir='ltr'>Lex</span> <span class='ocrx_word' id='word_1_69' title='bbox 1072 1783 1309 1870; x_wconf 79' lang='lat' dir='ltr'>Moysi,</span> <span class='ocrx_word' id='word_1_70' title='bbox 1362 1788 1443 1849; x_wconf 86' lang='lat' dir='ltr'>ut</span> <span class='ocrx_word' id='word_1_71' title='bbox 1500 1784 1782 1871; x_wconf 87' lang='lat' dir='ltr'>propriis</span> <span class='ocrx_word' id='word_1_72' title='bbox 1839 1784 2111 1849; x_wconf 86' lang='lat' dir='ltr'>auribus</span> <span class='ocrx_word' id='word_1_73' title='bbox 2161 1786 2463 1870; x_wconf 79' lang='lat' dir='ltr'>percepi3</span> <span class='ocrx_word' id='word_1_74' title='bbox 2517 1788 2584 1849; x_wconf 87' lang='lat' dir='ltr'>et</span> <span class='ocrx_word' id='word_1_75' title='bbox 2633 1806 2756 1871; x_wconf 84' lang='lat' dir='ltr'>ego</span> <span class='ocrx_word' id='word_1_76' title='bbox 2815 1790 2976 1849; x_wconf 85' lang='lat' dir='ltr'>tunc</span> 
     </span>
     <span class='ocr_line' id='line_1_13' title="bbox 870 1885 2974 1973; baseline 0 -22"><span class='ocrx_word' id='word_1_77' title='bbox 870 1886 1015 1951; x_wconf 79' lang='lat' dir='ltr'>dixi</span> <span class='ocrx_word' id='word_1_78' title='bbox 1058 1886 1285 1953; x_wconf 84' lang='lat' dir='ltr'>lectori</span> <span class='ocrx_word' id='word_1_79' title='bbox 1332 1885 1509 1972; x_wconf 88' lang='lat' dir='ltr'>quod</span> <span class='ocrx_word' id='word_1_80' title='bbox 1558 1891 1844 1972; x_wconf 86' lang='lat' dir='ltr'>quatuor</span> <span class='ocrx_word' id='word_1_81' title='bbox 1887 1886 2152 1951; x_wconf 88' lang='lat' dir='ltr'>illarum</span> <span class='ocrx_word' id='word_1_82' title='bbox 2199 1891 2392 1951; x_wconf 83' lang='lat' dir='ltr'>erant</span> <span class='ocrx_word' id='word_1_83' title='bbox 2433 1885 2630 1964; x_wconf 79' lang='lat' dir='ltr'>falsae,</span> <span class='ocrx_word' id='word_1_84' title='bbox 2675 1908 2754 1951; x_wconf 91' lang='lat' dir='ltr'>eo</span> <span class='ocrx_word' id='word_1_85' title='bbox 2797 1886 2974 1973; x_wconf 87' lang='lat' dir='ltr'>quod</span> 
     </span>
     <span class='ocr_line' id='line_1_14' title="bbox 870 1988 2976 2075; baseline -0 -22"><span class='ocrx_word' id='word_1_86' title='bbox 870 1988 1279 2075; x_wconf 76' lang='lat' dir='ltr'>chirogrillus</span> <span class='ocrx_word' id='word_1_87' title='bbox 1314 2008 1451 2053; x_wconf 88' lang='lat' dir='ltr'>non</span> <span class='ocrx_word' id='word_1_88' title='bbox 1478 1992 1698 2073; x_wconf 85' lang='lat' dir='ltr'>potest</span> <span class='ocrx_word' id='word_1_89' title='bbox 1738 2008 1876 2053; x_wconf 84' lang='lat' dir='ltr'>esse</span> <span class='ocrx_word' id='word_1_90' title='bbox 1905 1988 2035 2053; x_wconf 87' lang='lat' dir='ltr'>nisi</span> <span class='ocrx_word' id='word_1_91' title='bbox 2075 1988 2320 2053; x_wconf 79' lang='lat' dir='ltr'>animal</span> <span class='ocrx_word' id='word_1_92' title='bbox 2357 1988 2556 2055; x_wconf 83' lang='lat' dir='ltr'>unius</span> <span class='ocrx_word' id='word_1_93' title='bbox 2593 1988 2869 2075; x_wconf 80' lang='lat' dir='ltr'>speciei3</span> <span class='ocrx_word' id='word_1_94' title='bbox 2907 1993 2976 2053; x_wconf 89' lang='lat' dir='ltr'>et</span> 
     </span>
     <span class='ocr_line' id='line_1_15' title="bbox 870 2089 2974 2177; baseline -0.001 -20"><span class='ocrx_word' id='word_1_95' title='bbox 870 2112 1097 2157; x_wconf 84' lang='lat' dir='ltr'>omnes</span> <span class='ocrx_word' id='word_1_96' title='bbox 1140 2096 1334 2159; x_wconf 87' lang='lat' dir='ltr'>erant</span> <span class='ocrx_word' id='word_1_97' title='bbox 1362 2090 1561 2170; x_wconf 65' lang='lat' dir='ltr'>salsa,</span> <span class='ocrx_word' id='word_1_98' title='bbox 1594 2092 1751 2175; x_wconf 87' lang='lat' dir='ltr'>quia</span> <span class='ocrx_word' id='word_1_99' title='bbox 1785 2089 1970 2155; x_wconf 85' lang='lat' dir='ltr'>nulla</span> <span class='ocrx_word' id='word_1_100' title='bbox 2011 2112 2235 2155; x_wconf 86' lang='lat' dir='ltr'>earum</span> <span class='ocrx_word' id='word_1_101' title='bbox 2265 2090 2490 2177; x_wconf 87' lang='lat' dir='ltr'>posuit</span> <span class='ocrx_word' id='word_1_102' title='bbox 2531 2113 2568 2155; x_wconf 87' lang='lat' dir='ltr'>c</span> <span class='ocrx_word' id='word_1_103' title='bbox 2617 2092 2631 2106; x_wconf 86' lang='lat'><strong><em>&#39;</em></strong></span> <span class='ocrx_word' id='word_1_104' title='bbox 2793 2091 2808 2104; x_wconf 82' lang='lat'>&#39;</span> <span class='ocrx_word' id='word_1_105' title='bbox 2861 2110 2974 2155; x_wconf 88' lang='lat' dir='ltr'>um</span> 
     </span>
     <span class='ocr_line' id='line_1_16' title="bbox 868 2192 1263 2261; baseline 0.005 -2"><span class='ocrx_word' id='word_1_106' title='bbox 868 2192 1263 2261; x_wconf 83' lang='lat' dir='ltr'>cuniculum.</span> 
     </span>
    </p>
   </div>
   <div class='ocr_carea' id='block_1_4' title="bbox 792 2293 2974 2382">
    <p class='ocr_par' dir='ltr' id='par_1_4' title="bbox 792 2293 2974 2382">
     <span class='ocr_line' id='line_1_17' title="bbox 792 2293 2974 2382; baseline 0 -22"><span class='ocrx_word' id='word_1_107' title='bbox 792 2325 821 2360; x_wconf 84' lang='lat' dir='ltr'>e</span> <span class='ocrx_word' id='word_1_108' title='bbox 962 2296 1031 2361; x_wconf 87' lang='lat' dir='ltr'>N</span> <span class='ocrx_word' id='word_1_109' title='bbox 1030 2315 1119 2361; x_wconf 89' lang='lat' dir='ltr'>on</span> <span class='ocrx_word' id='word_1_110' title='bbox 1184 2316 1449 2382; x_wconf 86' lang='lat' dir='ltr'>possum</span> <span class='ocrx_word' id='word_1_111' title='bbox 1514 2295 1623 2359; x_wconf 90' lang='lat' dir='ltr'>hic</span> <span class='ocrx_word' id='word_1_112' title='bbox 1688 2293 2126 2379; x_wconf 84' lang='lat' dir='ltr'>multiplicare</span> <span class='ocrx_word' id='word_1_113' title='bbox 2191 2294 2492 2380; x_wconf 82' lang='lat' dir='ltr'>exempla</span> <span class='ocrx_word' id='word_1_114' title='bbox 2540 2300 2817 2381; x_wconf 89' lang='lat' dir='ltr'>propter</span> <span class='ocrx_word' id='word_1_115' title='bbox 2873 2314 2974 2359; x_wconf 87' lang='lat' dir='ltr'>ac-</span> 
     </span>
    </p>
   </div>
   <div class='ocr_carea' id='block_1_5' title="bbox 871 2396 2986 4728">
    <p class='ocr_par' dir='ltr' id='par_1_5' title="bbox 871 2396 2986 4728">
     <span class='ocr_line' id='line_1_18' title="bbox 876 2396 2974 2483; baseline -0.001 -20"><span class='ocrx_word' id='word_1_116' title='bbox 876 2398 1333 2464; x_wconf 75' lang='lat' dir='ltr'>celerationem</span> <span class='ocrx_word' id='word_1_117' title='bbox 1374 2396 1645 2483; x_wconf 87' lang='lat' dir='ltr'>negotii‚</span> <span class='ocrx_word' id='word_1_118' title='bbox 1676 2402 1747 2461; x_wconf 87' lang='lat' dir='ltr'>et</span> <span class='ocrx_word' id='word_1_119' title='bbox 1779 2396 1938 2480; x_wconf 86' lang='lat' dir='ltr'>quia</span> <span class='ocrx_word' id='word_1_120' title='bbox 1977 2400 2198 2461; x_wconf 89' lang='lat' dir='ltr'>totum</span> <span class='ocrx_word' id='word_1_121' title='bbox 2245 2396 2423 2481; x_wconf 87' lang='lat' dir='ltr'>quod</span> <span class='ocrx_word' id='word_1_122' title='bbox 2469 2402 2708 2463; x_wconf 80' lang='lat' dir='ltr'>vestrae</span> <span class='ocrx_word' id='word_1_123' title='bbox 2750 2396 2974 2483; x_wconf 78' lang='lat' dir='ltr'>gloriae</span> 
     </span>
     <span class='ocr_line' id='line_1_19' title="bbox 878 2497 2976 2584; baseline -0.001 -19"><span class='ocrx_word' id='word_1_124' title='bbox 878 2500 1075 2565; x_wconf 88' lang='lat' dir='ltr'>mitto</span> <span class='ocrx_word' id='word_1_125' title='bbox 1154 2504 1257 2565; x_wconf 80' lang='lat' dir='ltr'>est</span> <span class='ocrx_word' id='word_1_126' title='bbox 1318 2498 1623 2584; x_wconf 83' lang='lat' dir='ltr'>quaedam</span> <span class='ocrx_word' id='word_1_127' title='bbox 1690 2497 2022 2583; x_wconf 70' lang='lat' dir='ltr'>persuasio</span> <span class='ocrx_word' id='word_1_128' title='bbox 2079 2498 2566 2583; x_wconf 69' lang='lat' dir='ltr'>praegustanda,</span> <span class='ocrx_word' id='word_1_129' title='bbox 2618 2519 2826 2583; x_wconf 85' lang='lat' dir='ltr'>usque</span> <span class='ocrx_word' id='word_1_130' title='bbox 2889 2497 2976 2563; x_wconf 85' lang='lat' dir='ltr'>ad</span> 
     </span>
     <span class='ocr_line' id='line_1_20' title="bbox 875 2598 2978 2687; baseline -0 -21"><span class='ocrx_word' id='word_1_131' title='bbox 875 2602 1193 2686; x_wconf 86' lang='lat' dir='ltr'>scriptum</span> <span class='ocrx_word' id='word_1_132' title='bbox 1241 2598 1617 2686; x_wconf 78' lang='lat' dir='ltr'>principale,</span> <span class='ocrx_word' id='word_1_133' title='bbox 1662 2598 1735 2663; x_wconf 90' lang='lat' dir='ltr'>in</span> <span class='ocrx_word' id='word_1_134' title='bbox 1789 2618 1922 2684; x_wconf 90' lang='lat' dir='ltr'>quo</span> <span class='ocrx_word' id='word_1_135' title='bbox 1971 2599 2190 2665; x_wconf 85' lang='lat' dir='ltr'>decem</span> <span class='ocrx_word' id='word_1_136' title='bbox 2241 2599 2533 2685; x_wconf 86' lang='lat' dir='ltr'>septerni</span> <span class='ocrx_word' id='word_1_137' title='bbox 2575 2600 2803 2687; x_wconf 81' lang='lat' dir='ltr'>magni</span> <span class='ocrx_word' id='word_1_138' title='bbox 2847 2620 2978 2665; x_wconf 84' lang='lat' dir='ltr'>non</span> 
     </span>
     <span class='ocr_line' id='line_1_21' title="bbox 872 2700 2980 2787; baseline 0 -21"><span class='ocrx_word' id='word_1_139' title='bbox 872 2702 1290 2767; x_wconf 72' lang='lat' dir='ltr'>continerent</span> <span class='ocrx_word' id='word_1_140' title='bbox 1340 2700 1643 2786; x_wconf 82' lang='lat' dir='ltr'>exempla</span> <span class='ocrx_word' id='word_1_141' title='bbox 1700 2720 1996 2765; x_wconf 87' lang='lat' dir='ltr'>errorum</span> <span class='ocrx_word' id='word_1_142' title='bbox 2055 2700 2129 2765; x_wconf 84' lang='lat' dir='ltr'>in</span> <span class='ocrx_word' id='word_1_143' title='bbox 2175 2721 2371 2766; x_wconf 84' lang='lat' dir='ltr'>sensu</span> <span class='ocrx_word' id='word_1_144' title='bbox 2427 2700 2690 2779; x_wconf 82' lang='lat' dir='ltr'>literali,</span> <span class='ocrx_word' id='word_1_145' title='bbox 2735 2708 2808 2767; x_wconf 87' lang='lat' dir='ltr'>et</span> <span class='ocrx_word' id='word_1_146' title='bbox 2863 2723 2980 2787; x_wconf 89' lang='lat' dir='ltr'>per</span> 
     </span>
     <span class='ocr_line' id='line_1_22' title="bbox 871 2802 2980 2890; baseline 0.001 -23"><span class='ocrx_word' id='word_1_147' title='bbox 871 2823 1271 2889; x_wconf 85' lang='lat' dir='ltr'>consequens</span> <span class='ocrx_word' id='word_1_148' title='bbox 1314 2803 1386 2867; x_wconf 87' lang='lat' dir='ltr'>in</span> <span class='ocrx_word' id='word_1_149' title='bbox 1436 2802 1784 2888; x_wconf 74' lang='lat' dir='ltr'>spirituali,</span> <span class='ocrx_word' id='word_1_150' title='bbox 1833 2806 2102 2889; x_wconf 74' lang='lat' dir='ltr'>propter</span> <span class='ocrx_word' id='word_1_151' title='bbox 2159 2802 2604 2890; x_wconf 84' lang='lat' dir='ltr'>ignorantiam</span> <span class='ocrx_word' id='word_1_152' title='bbox 2645 2802 2866 2869; x_wconf 80' lang='lat' dir='ltr'>&#39;Graeci</span> <span class='ocrx_word' id='word_1_153' title='bbox 2908 2810 2980 2869; x_wconf 89' lang='lat' dir='ltr'>et</span> 
     </span>
     <span class='ocr_line' id='line_1_23' title="bbox 874 2903 2978 2990; baseline 0.001 -20"><span class='ocrx_word' id='word_1_154' title='bbox 874 2905 1163 2970; x_wconf 76' lang='lat' dir='ltr'>Hebraei.</span> <span class='ocrx_word' id='word_1_155' title='bbox 1257 2903 1389 2969; x_wconf 86' lang='lat' dir='ltr'>Sed</span> <span class='ocrx_word' id='word_1_156' title='bbox 1440 2925 1577 2968; x_wconf 90' lang='lat' dir='ltr'>non</span> <span class='ocrx_word' id='word_1_157' title='bbox 1628 2905 1842 2969; x_wconf 89' lang='lat' dir='ltr'>solum</span> <span class='ocrx_word' id='word_1_158' title='bbox 1875 2909 2144 2990; x_wconf 75' lang='lat' dir='ltr'>propter</span> <span class='ocrx_word' id='word_1_159' title='bbox 2201 2905 2324 2970; x_wconf 90' lang='lat' dir='ltr'>hoc</span> <span class='ocrx_word' id='word_1_160' title='bbox 2375 2911 2636 2972; x_wconf 87' lang='lat' dir='ltr'>erratur</span> <span class='ocrx_word' id='word_1_161' title='bbox 2691 2905 2978 2972; x_wconf 87' lang='lat' dir='ltr'>multum</span> 
     </span>
     <span class='ocr_line' id='line_1_24' title="bbox 878 3005 2980 3094; baseline 0.001 -22"><span class='ocrx_word' id='word_1_162' title='bbox 878 3007 951 3072; x_wconf 91' lang='lat' dir='ltr'>in</span> <span class='ocrx_word' id='word_1_163' title='bbox 1010 3007 1113 3072; x_wconf 88' lang='lat' dir='ltr'>his</span> <span class='ocrx_word' id='word_1_164' title='bbox 1178 3005 1499 3084; x_wconf 85' lang='lat' dir='ltr'>sensibus,</span> <span class='ocrx_word' id='word_1_165' title='bbox 1560 3005 1675 3071; x_wconf 85' lang='lat' dir='ltr'>sed</span> <span class='ocrx_word' id='word_1_166' title='bbox 1726 3007 1932 3072; x_wconf 86' lang='lat' dir='ltr'>etiam</span> <span class='ocrx_word' id='word_1_167' title='bbox 1989 3011 2261 3094; x_wconf 87' lang='lat' dir='ltr'>propter</span> <span class='ocrx_word' id='word_1_168' title='bbox 2303 3006 2626 3074; x_wconf 82' lang='lat' dir='ltr'>vocabula</span> <span class='ocrx_word' id='word_1_169' title='bbox 2702 3007 2980 3087; x_wconf 77' lang='lat' dir='ltr'>Latina3</span> 
     </span>
     <span class='ocr_line' id='line_1_25' title="bbox 878 3107 2982 3195; baseline 0 -21"><span class='ocrx_word' id='word_1_170' title='bbox 878 3129 1036 3174; x_wconf 88' lang='lat' dir='ltr'>nam</span> <span class='ocrx_word' id='word_1_171' title='bbox 1094 3109 1168 3174; x_wconf 89' lang='lat' dir='ltr'>in</span> <span class='ocrx_word' id='word_1_172' title='bbox 1228 3107 1527 3194; x_wconf 87' lang='lat' dir='ltr'>Epistola</span> <span class='ocrx_word' id='word_1_173' title='bbox 1588 3107 2004 3194; x_wconf 85' lang='lat' dir='ltr'>Hieronymi,</span> <span class='ocrx_word' id='word_1_174' title='bbox 2071 3129 2222 3194; x_wconf 74' lang='lat' dir='ltr'>quae</span> <span class='ocrx_word' id='word_1_175' title='bbox 2280 3131 2460 3174; x_wconf 86' lang='lat' dir='ltr'>nunc</span> <span class='ocrx_word' id='word_1_176' title='bbox 2515 3116 2597 3175; x_wconf 87' lang='lat' dir='ltr'>ut</span> <span class='ocrx_word' id='word_1_177' title='bbox 2663 3109 2982 3195; x_wconf 77' lang='lat' dir='ltr'>Prologus</span> 
     </span>
     <span class='ocr_line' id='line_1_26' title="bbox 876 3209 2976 3299; baseline -0 -22"><span class='ocrx_word' id='word_1_178' title='bbox 876 3211 1287 3299; x_wconf 76' lang='lat' dir='ltr'>praeponitur</span> <span class='ocrx_word' id='word_1_179' title='bbox 1348 3210 1708 3296; x_wconf 82' lang='lat' dir='ltr'>exemplari</span> <span class='ocrx_word' id='word_1_180' title='bbox 1750 3209 2046 3296; x_wconf 79' lang='lat' dir='ltr'>vulgat0‚</span> <span class='ocrx_word' id='word_1_181' title='bbox 2103 3217 2176 3276; x_wconf 85' lang='lat' dir='ltr'>et</span> <span class='ocrx_word' id='word_1_182' title='bbox 2233 3212 2476 3298; x_wconf 86' lang='lat' dir='ltr'>legitur</span> <span class='ocrx_word' id='word_1_183' title='bbox 2537 3233 2688 3277; x_wconf 87' lang='lat' dir='ltr'>cum</span> <span class='ocrx_word' id='word_1_184' title='bbox 2743 3211 2976 3290; x_wconf 83' lang='lat' dir='ltr'>Biblia,</span> 
     </span>
     <span class='ocr_line' id='line_1_27' title="bbox 875 3311 2982 3400; baseline 0 -22"><span class='ocrx_word' id='word_1_185' title='bbox 875 3314 960 3379; x_wconf 88' lang='lat' dir='ltr'>fit</span> <span class='ocrx_word' id='word_1_186' title='bbox 1016 3314 1267 3380; x_wconf 88' lang='lat' dir='ltr'>mentio</span> <span class='ocrx_word' id='word_1_187' title='bbox 1312 3315 1393 3378; x_wconf 88' lang='lat' dir='ltr'>de</span> <span class='ocrx_word' id='word_1_188' title='bbox 1452 3333 1679 3378; x_wconf 86' lang='lat' dir='ltr'>mensa</span> <span class='ocrx_word' id='word_1_189' title='bbox 1722 3311 1894 3390; x_wconf 84' lang='lat' dir='ltr'>solis,</span> <span class='ocrx_word' id='word_1_190' title='bbox 1949 3333 2150 3397; x_wconf 87' lang='lat' dir='ltr'>quam</span> <span class='ocrx_word' id='word_1_191' title='bbox 2196 3314 2598 3400; x_wconf 69' lang='lat' dir='ltr'>expositores</span> <span class='ocrx_word' id='word_1_192' title='bbox 2648 3314 2982 3380; x_wconf 79' lang='lat' dir='ltr'>aestimant</span> 
     </span>
     <span class='ocr_line' id='line_1_28' title="bbox 878 3415 2978 3502; baseline 0 -20"><span class='ocrx_word' id='word_1_193' title='bbox 878 3439 1017 3482; x_wconf 86' lang='lat' dir='ltr'>esse</span> <span class='ocrx_word' id='word_1_194' title='bbox 1058 3437 1263 3482; x_wconf 86' lang='lat' dir='ltr'>unam</span> <span class='ocrx_word' id='word_1_195' title='bbox 1308 3415 1605 3481; x_wconf 84' lang='lat' dir='ltr'>tabulam</span> <span class='ocrx_word' id='word_1_196' title='bbox 1652 3435 1920 3479; x_wconf 78' lang='lat' dir='ltr'>auream</span> <span class='ocrx_word' id='word_1_197' title='bbox 1965 3415 2304 3480; x_wconf 82' lang='lat' dir='ltr'>inventam</span> <span class='ocrx_word' id='word_1_198' title='bbox 2355 3416 2431 3480; x_wconf 91' lang='lat' dir='ltr'>in</span> <span class='ocrx_word' id='word_1_199' title='bbox 2476 3416 2648 3481; x_wconf 86' lang='lat' dir='ltr'>mari</span> <span class='ocrx_word' id='word_1_200' title='bbox 2689 3438 2734 3482; x_wconf 87' lang='lat' dir='ltr'>a</span> <span class='ocrx_word' id='word_1_201' title='bbox 2773 3417 2978 3502; x_wconf 78' lang='lat' dir='ltr'>pisca-</span> 
     </span>
     <span class='ocr_line' id='line_1_29' title="bbox 876 3515 2977 3603; baseline -0.001 -19"><span class='ocrx_word' id='word_1_202' title='bbox 876 3519 1146 3598; x_wconf 86' lang='lat' dir='ltr'>toribus,</span> <span class='ocrx_word' id='word_1_203' title='bbox 1195 3519 1276 3584; x_wconf 92' lang='lat' dir='ltr'>de</span> <span class='ocrx_word' id='word_1_204' title='bbox 1320 3539 1452 3603; x_wconf 87' lang='lat' dir='ltr'>qua</span> <span class='ocrx_word' id='word_1_205' title='bbox 1495 3516 1727 3582; x_wconf 84' lang='lat' dir='ltr'>scribit</span> <span class='ocrx_word' id='word_1_206' title='bbox 1775 3515 2074 3580; x_wconf 87' lang='lat' dir='ltr'>Valerius</span> <span class='ocrx_word' id='word_1_207' title='bbox 2119 3515 2456 3583; x_wconf 82' lang='lat' dir='ltr'>Maximus</span> <span class='ocrx_word' id='word_1_208' title='bbox 2497 3517 2668 3584; x_wconf 89' lang='lat' dir='ltr'>libro</span> <span class='ocrx_word' id='word_1_209' title='bbox 2714 3523 2947 3603; x_wconf 76' lang='lat' dir='ltr'>quarto</span> <span class='ocrx_word' id='word_1_210' title='bbox 2959 3542 2977 3599; x_wconf 82' lang='lat'>3</span> 
     </span>
     <span class='ocr_line' id='line_1_30' title="bbox 880 3617 2978 3707; baseline -0 -21"><span class='ocrx_word' id='word_1_211' title='bbox 880 3642 1078 3707; x_wconf 86' lang='lat' dir='ltr'>quam</span> <span class='ocrx_word' id='word_1_212' title='bbox 1144 3621 1521 3684; x_wconf 82' lang='lat' dir='ltr'>inventores</span> <span class='ocrx_word' id='word_1_213' title='bbox 1594 3619 1918 3682; x_wconf 88' lang='lat' dir='ltr'>miserunt</span> <span class='ocrx_word' id='word_1_214' title='bbox 1977 3617 2276 3705; x_wconf 87' lang='lat' dir='ltr'>Apollini</span> <span class='ocrx_word' id='word_1_215' title='bbox 2337 3619 2412 3684; x_wconf 90' lang='lat' dir='ltr'>in</span> <span class='ocrx_word' id='word_1_216' title='bbox 2477 3619 2682 3685; x_wconf 86' lang='lat' dir='ltr'>Delos</span> <span class='ocrx_word' id='word_1_217' title='bbox 2745 3619 2978 3700; x_wconf 81' lang='lat' dir='ltr'>insula,</span> 
     </span>
     <span class='ocr_line' id='line_1_31' title="bbox 880 3719 2982 3808; baseline 0 -22"><span class='ocrx_word' id='word_1_218' title='bbox 880 3728 953 3786; x_wconf 88' lang='lat' dir='ltr'>et</span> <span class='ocrx_word' id='word_1_219' title='bbox 1016 3722 1461 3806; x_wconf 81' lang='lat' dir='ltr'>quaesiverunt</span> <span class='ocrx_word' id='word_1_220' title='bbox 1526 3720 1633 3782; x_wconf 88' lang='lat' dir='ltr'>cui</span> <span class='ocrx_word' id='word_1_221' title='bbox 1694 3719 1980 3784; x_wconf 82' lang='lat' dir='ltr'>daretur.</span> <span class='ocrx_word' id='word_1_222' title='bbox 2083 3719 2232 3800; x_wconf 78' lang='lat' dir='ltr'>Quo</span> <span class='ocrx_word' id='word_1_223' title='bbox 2291 3721 2740 3808; x_wconf 84' lang='lat' dir='ltr'>respondente,</span> <span class='ocrx_word' id='word_1_224' title='bbox 2803 3721 2982 3808; x_wconf 85' lang='lat' dir='ltr'>quod</span> 
     </span>
     <span class='ocr_line' id='line_1_32' title="bbox 878 3819 2977 3910; baseline 0.002 -26"><span class='ocrx_word' id='word_1_225' title='bbox 878 3821 1141 3884; x_wconf 86' lang='lat' dir='ltr'>Thaleti</span> <span class='ocrx_word' id='word_1_226' title='bbox 1178 3820 1455 3896; x_wconf 86' lang='lat' dir='ltr'>Milesi0‚</span> <span class='ocrx_word' id='word_1_227' title='bbox 1488 3821 1601 3904; x_wconf 89' lang='lat' dir='ltr'>qui</span> <span class='ocrx_word' id='word_1_228' title='bbox 1642 3819 1774 3884; x_wconf 87' lang='lat' dir='ltr'>fuit</span> <span class='ocrx_word' id='word_1_229' title='bbox 1812 3821 2064 3907; x_wconf 86' lang='lat' dir='ltr'>primus</span> <span class='ocrx_word' id='word_1_230' title='bbox 2107 3822 2192 3887; x_wconf 88' lang='lat' dir='ltr'>de</span> <span class='ocrx_word' id='word_1_231' title='bbox 2231 3822 2500 3908; x_wconf 80' lang='lat' dir='ltr'>Septem</span> <span class='ocrx_word' id='word_1_232' title='bbox 2540 3823 2977 3910; x_wconf 65' lang='lat' dir='ltr'>sapientibus,</span> 
     </span>
     <span class='ocr_line' id='line_1_33' title="bbox 877 3919 2980 4011; baseline 0.003 -27"><span class='ocrx_word' id='word_1_233' title='bbox 877 3921 992 3984; x_wconf 90' lang='lat' dir='ltr'>ille</span> <span class='ocrx_word' id='word_1_234' title='bbox 1035 3925 1304 4006; x_wconf 86' lang='lat' dir='ltr'>propter</span> <span class='ocrx_word' id='word_1_235' title='bbox 1346 3919 1790 3986; x_wconf 84' lang='lat' dir='ltr'>humilitatem</span> <span class='ocrx_word' id='word_1_236' title='bbox 1837 3943 2160 4005; x_wconf 81' lang='lat' dir='ltr'>recusans,</span> <span class='ocrx_word' id='word_1_237' title='bbox 2209 3923 2394 3990; x_wconf 87' lang='lat' dir='ltr'>misit</span> <span class='ocrx_word' id='word_1_238' title='bbox 2445 3925 2636 3990; x_wconf 86' lang='lat' dir='ltr'>alteri</span> <span class='ocrx_word' id='word_1_239' title='bbox 2697 3925 2780 3990; x_wconf 87' lang='lat' dir='ltr'>de</span> <span class='ocrx_word' id='word_1_240' title='bbox 2838 3946 2980 4011; x_wconf 87' lang='lat' dir='ltr'>sep-</span> 
     </span>
     <span class='ocr_line' id='line_1_34' title="bbox 880 4021 2980 4110; baseline 0.002 -22"><span class='ocrx_word' id='word_1_241' title='bbox 880 4028 1035 4103; x_wconf 83' lang='lat' dir='ltr'>tem,</span> <span class='ocrx_word' id='word_1_242' title='bbox 1092 4027 1164 4088; x_wconf 89' lang='lat' dir='ltr'>et</span> <span class='ocrx_word' id='word_1_243' title='bbox 1224 4021 1547 4088; x_wconf 88' lang='lat' dir='ltr'>secundus</span> <span class='ocrx_word' id='word_1_244' title='bbox 1603 4025 1820 4104; x_wconf 84' lang='lat' dir='ltr'>tertio,</span> <span class='ocrx_word' id='word_1_245' title='bbox 1867 4047 2073 4110; x_wconf 87' lang='lat' dir='ltr'>usque</span> <span class='ocrx_word' id='word_1_246' title='bbox 2133 4025 2438 4091; x_wconf 88' lang='lat' dir='ltr'>Solonem</span> <span class='ocrx_word' id='word_1_247' title='bbox 2487 4027 2980 4109; x_wconf 86' lang='lat' dir='ltr'>Atheniensem,</span> 
     </span>
     <span class='ocr_line' id='line_1_35' title="bbox 883 4125 2986 4212; baseline 0.002 -22"><span class='ocrx_word' id='word_1_248' title='bbox 883 4126 998 4212; x_wconf 89' lang='lat' dir='ltr'>qui</span> <span class='ocrx_word' id='word_1_249' title='bbox 1042 4125 1409 4190; x_wconf 80' lang='lat' dir='ltr'>transmisit</span> <span class='ocrx_word' id='word_1_250' title='bbox 1450 4125 1764 4211; x_wconf 89' lang='lat' dir='ltr'>Apollini.</span> <span class='ocrx_word' id='word_1_251' title='bbox 1857 4127 2052 4192; x_wconf 87' lang='lat' dir='ltr'>Certe</span> <span class='ocrx_word' id='word_1_252' title='bbox 2096 4129 2234 4194; x_wconf 80' lang='lat' dir='ltr'>haec</span> <span class='ocrx_word' id='word_1_253' title='bbox 2277 4149 2504 4194; x_wconf 87' lang='lat' dir='ltr'>mensa</span> <span class='ocrx_word' id='word_1_254' title='bbox 2543 4151 2680 4196; x_wconf 85' lang='lat' dir='ltr'>non</span> <span class='ocrx_word' id='word_1_255' title='bbox 2723 4135 2824 4196; x_wconf 86' lang='lat' dir='ltr'>est</span> <span class='ocrx_word' id='word_1_256' title='bbox 2865 4130 2986 4194; x_wconf 89' lang='lat' dir='ltr'>illa</span> 
     </span>
     <span class='ocr_line' id='line_1_36' title="bbox 881 4227 2984 4317; baseline 0.002 -23"><span class='ocrx_word' id='word_1_257' title='bbox 881 4230 963 4296; x_wconf 89' lang='lat' dir='ltr'>de</span> <span class='ocrx_word' id='word_1_258' title='bbox 1022 4249 1155 4315; x_wconf 88' lang='lat' dir='ltr'>qua</span> <span class='ocrx_word' id='word_1_259' title='bbox 1196 4228 1493 4314; x_wconf 86' lang='lat' dir='ltr'>loquitur</span> <span class='ocrx_word' id='word_1_260' title='bbox 1538 4227 1990 4313; x_wconf 85' lang='lat' dir='ltr'>Hieronymus</span> <span class='ocrx_word' id='word_1_261' title='bbox 2033 4231 2106 4294; x_wconf 89' lang='lat' dir='ltr'>in</span> <span class='ocrx_word' id='word_1_262' title='bbox 2157 4230 2436 4317; x_wconf 85' lang='lat' dir='ltr'>epistola</span> <span class='ocrx_word' id='word_1_263' title='bbox 2475 4233 2803 4317; x_wconf 67' lang='lat' dir='ltr'>pmdicta,</span> <span class='ocrx_word' id='word_1_264' title='bbox 2863 4251 2984 4298; x_wconf 88' lang='lat' dir='ltr'>nec</span> 
     </span>
     <span class='ocr_line' id='line_1_37' title="bbox 880 4331 2980 4418; baseline 0 -20"><span class='ocrx_word' id='word_1_265' title='bbox 880 4333 1165 4398; x_wconf 87' lang='lat' dir='ltr'>sumitur</span> <span class='ocrx_word' id='word_1_266' title='bbox 1208 4332 1295 4396; x_wconf 79' lang='lat' dir='ltr'>ad</span> <span class='ocrx_word' id='word_1_267' title='bbox 1336 4331 1597 4395; x_wconf 86' lang='lat' dir='ltr'>literam</span> <span class='ocrx_word' id='word_1_268' title='bbox 1642 4331 1715 4394; x_wconf 86' lang='lat' dir='ltr'>in</span> <span class='ocrx_word' id='word_1_269' title='bbox 1759 4331 2026 4416; x_wconf 86' lang='lat' dir='ltr'>propria</span> <span class='ocrx_word' id='word_1_270' title='bbox 2065 4331 2475 4418; x_wconf 87' lang='lat' dir='ltr'>figuratione,</span> <span class='ocrx_word' id='word_1_271' title='bbox 2521 4333 2638 4400; x_wconf 86' lang='lat' dir='ltr'>sed</span> <span class='ocrx_word' id='word_1_272' title='bbox 2681 4335 2754 4397; x_wconf 91' lang='lat' dir='ltr'>in</span> <span class='ocrx_word' id='word_1_273' title='bbox 2797 4338 2980 4399; x_wconf 88' lang='lat' dir='ltr'>tran-</span> 
     </span>
     <span class='ocr_line' id='line_1_38' title="bbox 880 4431 2980 4522; baseline 0 -22"><span class='ocrx_word' id='word_1_274' title='bbox 880 4435 1179 4522; x_wconf 81' lang='lat' dir='ltr'>sumptis.</span> <span class='ocrx_word' id='word_1_275' title='bbox 1270 4431 1339 4499; x_wconf 88' lang='lat' dir='ltr'>N</span> <span class='ocrx_word' id='word_1_276' title='bbox 1342 4456 1450 4500; x_wconf 90' lang='lat' dir='ltr'>am</span> <span class='ocrx_word' id='word_1_277' title='bbox 1493 4453 1721 4498; x_wconf 86' lang='lat' dir='ltr'>mensa</span> <span class='ocrx_word' id='word_1_278' title='bbox 1764 4433 1916 4498; x_wconf 87' lang='lat' dir='ltr'>solis</span> <span class='ocrx_word' id='word_1_279' title='bbox 1960 4440 2062 4499; x_wconf 88' lang='lat' dir='ltr'>est</span> <span class='ocrx_word' id='word_1_280' title='bbox 2103 4435 2212 4498; x_wconf 88' lang='lat' dir='ltr'>hic</span> <span class='ocrx_word' id='word_1_281' title='bbox 2249 4435 2450 4522; x_wconf 86' lang='lat' dir='ltr'>plaga</span> <span class='ocrx_word' id='word_1_282' title='bbox 2497 4435 2866 4501; x_wconf 81' lang='lat' dir='ltr'>meridiana</span> <span class='ocrx_word' id='word_1_283' title='bbox 2905 4436 2980 4500; x_wconf 90' lang='lat' dir='ltr'>in</span> 
     </span>
     <span class='ocr_line' id='line_1_39' title="bbox 880 4535 2980 4624; baseline 0 -20"><span class='ocrx_word' id='word_1_284' title='bbox 880 4558 1012 4624; x_wconf 87' lang='lat' dir='ltr'>qua</span> <span class='ocrx_word' id='word_1_285' title='bbox 1042 4537 1247 4604; x_wconf 84' lang='lat' dir='ltr'>currit</span> <span class='ocrx_word' id='word_1_286' title='bbox 1290 4537 1403 4602; x_wconf 89' lang='lat' dir='ltr'>sol.</span> <span class='ocrx_word' id='word_1_287' title='bbox 1498 4536 1694 4601; x_wconf 88' lang='lat' dir='ltr'>Hanc</span> <span class='ocrx_word' id='word_1_288' title='bbox 1727 4535 1906 4600; x_wconf 88' lang='lat' dir='ltr'>enim</span> <span class='ocrx_word' id='word_1_289' title='bbox 1950 4541 2208 4622; x_wconf 83' lang='lat' dir='ltr'>partem</span> <span class='ocrx_word' id='word_1_290' title='bbox 2252 4538 2582 4604; x_wconf 83' lang='lat' dir='ltr'>vocabant</span> <span class='ocrx_word' id='word_1_291' title='bbox 2609 4537 2980 4624; x_wconf 81' lang='lat' dir='ltr'>philosophi</span> 
     </span>
     <span class='ocr_line' id='line_1_40' title="bbox 877 4637 2980 4728; baseline 0.002 -22"><span class='ocrx_word' id='word_1_292' title='bbox 877 4661 1171 4706; x_wconf 87' lang='lat' dir='ltr'>mensam</span> <span class='ocrx_word' id='word_1_293' title='bbox 1233 4639 1403 4720; x_wconf 86' lang='lat' dir='ltr'>solis,</span> <span class='ocrx_word' id='word_1_294' title='bbox 1476 4637 1635 4725; x_wconf 77' lang='lat' dir='ltr'>quia</span> <span class='ocrx_word' id='word_1_295' title='bbox 1698 4657 1956 4728; x_wconf 87' lang='lat' dir='ltr'>semper</span> <span class='ocrx_word' id='word_1_296' title='bbox 2016 4645 2120 4708; x_wconf 83' lang='lat' dir='ltr'>est</span> <span class='ocrx_word' id='word_1_297' title='bbox 2177 4639 2264 4706; x_wconf 83' lang='lat' dir='ltr'>ad</span> <span class='ocrx_word' id='word_1_298' title='bbox 2325 4640 2684 4710; x_wconf 70' lang='lat' dir='ltr'>meridiem,</span> <span class='ocrx_word' id='word_1_299' title='bbox 2779 4639 2980 4710; x_wconf 80' lang='lat' dir='ltr'>Unde</span> 
     </span>
    </p>
   </div>
   <div class='ocr_carea' id='block_1_6' title="bbox 3491 0 3494 561">
    <p class='ocr_par' dir='ltr' id='par_1_6' title="bbox 3491 0 3494 561">
     <span class='ocr_line' id='line_1_41' title="bbox 3491 0 3494 561; baseline 0 0"><span class='ocrx_word' id='word_1_300' title='bbox 3491 0 3494 561; x_wconf 95' lang='lat' dir='ltr'> </span> 
     </span>
    </p>
   </div>
   <div class='ocr_carea' id='block_1_7' title="bbox 3481 1014 3504 5318">
    <p class='ocr_par' dir='ltr' id='par_1_7' title="bbox 3481 1014 3504 5318">
     <span class='ocr_line' id='line_1_42' title="bbox 3481 1014 3504 5318; baseline 0 0"><span class='ocrx_word' id='word_1_301' title='bbox 3481 1014 3504 5318; x_wconf 95' lang='lat' dir='ltr'> </span> 
     </span>
    </p>
   </div>
  </div>
 </body>
</html>
