3517 5750
552 851 778 938 xum]
1344 862 1521 915 orus
1566 862 1886 914 mamm
2537 850 2664 914 159

549 1066 677 1131 per
742 1062 975 1129 corpus
1042 1040 1403 1107 adveniens
1461 1044 1531 1106 et
1597 1062 1735 1105 non
1797 1061 1916 1127 per
1997 1040 2470 1127 incorporeum,
2537 1040 2666 1128 ipsi

551 1147 785 1212 dicunt
846 1144 1024 1230 quod
1084 1144 1226 1230 ipse
1289 1143 1598 1221 intendit,
1664 1143 1844 1230 quod
1907 1144 1980 1207 in
2031 1142 2356 1229 principio
2424 1142 2484 1207 al
2493 1148 2665 1208 tera-

552 1249 757 1315 tionis
800 1248 1191 1313 alimentum
1236 1246 1328 1311 sit
1372 1268 1621 1333 corpus,
1670 1245 1786 1311 sed
1831 1245 1906 1310 in
1948 1244 2192 1311 unione
2238 1245 2380 1333 ejus
2425 1245 2507 1313 fit
2565 1246 2666 1313 in-

556 1370 937 1438 corporeum
982 1353 1051 1415 et
1094 1347 1471 1435 ingreditur
1514 1346 1908 1413 membrum.

648 1454 781 1519 Sed
826 1453 987 1519 certi
1032 1474 1256 1517 sumus
1301 1452 1479 1538 quod
1521 1450 1918 1517 Aristoteles
1983 1452 2071 1517 ad
2137 1452 2399 1519 literam
2458 1458 2662 1541 negat
2687 1472 2793 1525 Not
2813 1487 2869 1523 as
2886 1472 2968 1523 in-

556 1556 735 1643 quod
776 1557 867 1621 sit
911 1554 1365 1641 incorporeum
1410 1554 1588 1641 quod
1632 1553 1831 1619 debet
1873 1553 2071 1636 uniri,
2102 1554 2662 1645 qualitercumque
2686 1541 2940 1606 ⁰⁰¹'1'⁰¹'⁰³¹
2970 1560 2984 1601 ³

556 1659 882 1747 glossatur
924 1662 1155 1724 textus
1199 1653 1361 1741 ejus.
1459 1656 1635 1737 Quia
1680 1662 1904 1722 tamen
1951 1656 2093 1743 ejus
2153 1658 2503 1725 translatio
2563 1666 2667 1726 est

556 1782 883 1849 perversa,
932 1782 1129 1847 quam
1186 1759 1345 1825 licet
1388 1764 1655 1846 propter
1716 1759 2184 1826 obscuritatem
2243 1762 2666 1849 interpretari

558 1863 916 1929 secundum
961 1860 1429 1928 fortitudinem
1474 1862 1811 1927 rationum
1856 1884 2020 1950 quas
2063 1862 2393 1942 habemus,
2443 1866 2542 1931 ita
2586 1870 2667 1930 ut
2767 1934 2782 1951 ,

560 1968 920 2032 veraciores
946 1966 1236 2031 rationes
1264 1970 1425 2031 sunt
1452 1963 1834 2051 aliquando¹
1861 1965 2080 2031 minus
2109 1966 2494 2053 probabiles,
2519 1969 2667 2033 ideo

559 2090 675 2156 per
716 2074 981 2134 textum
1024 2067 1099 2131 in
1143 2066 1266 2133 hac
1324 2072 1514 2154 parte
1544 2089 1681 2133 non
1732 2088 2079 2155 possumus
2125 2091 2248 2134 nos
2300 2070 2555 2154 juvare,
2603 2076 2671 2135 et

562 2172 713 2238 ideo
756 2170 843 2237 ad
888 2170 1215 2238 rationem
1260 2170 1744 2237 recurrendum.
1840 2172 2075 2236 Dicam
2119 2170 2329 2258 igitur
2372 2173 2429 2237 si
2457 2173 2670 2239 incor-

562 2296 833 2362 poreum
878 2274 1297 2362 ingrediatur
1340 2272 1580 2339 solidas
1632 2278 1870 2361 partes,
1917 2278 2078 2339 tunc
2128 2294 2264 2339 non
2324 2274 2452 2340 erit
2511 2296 2670 2363 aug-

562 2383 863 2444 mentum
891 2400 909 2458 ;
954 2376 1114 2464 quia
1158 2381 1589 2465 augmentum
1622 2382 1723 2443 est
1768 2376 2246 2443 incrementum
2276 2379 2672 2464 quantitatis

565 2480 965 2567 corporalis3
1054 2479 1170 2546 sed
1242 2479 1699 2567 incorporeum
1773 2502 1910 2546 non
1999 2480 2204 2546 habet
2292 2480 2670 2567 hujusmodi

564 2584 1027 2670 quantitatem,
1064 2602 1221 2671 ergo
1265 2582 1435 2649 nihil
1478 2584 1726 2649 faceret
1770 2584 1858 2648 ad
1901 2588 2350 2671 augmentum,
2389 2590 2459 2650 et
2496 2590 2672 2651 certe

563 2708 683 2753 nec
728 2686 815 2752 ad
860 2686 1367 2752 nutrimentum.
1459 2686 1639 2751 Nam
1685 2686 1770 2751 de
1813 2685 1993 2751 facili
2022 2688 2170 2773 quis
2199 2687 2461 2769 diceret,
2496 2686 2673 2774 quod

565 2788 941 2855 substantia
980 2788 1097 2854 illa
1138 2789 1519 2876 incorporea
1562 2788 1878 2876 recipitur
1923 2790 1994 2854 in
2039 2789 2422 2869 membrum,
2462 2796 2532 2857 et
2573 2814 2672 2859 re-

565 2898 821 2958 staurat
868 2892 1389 2979 deperditionem
1434 2891 1847 2970 substantiae,
1895 2893 2050 2960 licet
2081 2916 2217 2960 non
2261 2895 2540 2962 sufficiat
2585 2897 2671 2963 ad

564 2997 1021 3084 quantitatem.
1114 2995 1247 3061 Sed
1293 2993 1641 3060 dicendum
1686 3000 1790 3060 est
1835 2996 2010 3082 quod
2053 2996 2210 3064 licet
2247 2997 2319 3063 in
2349 2999 2670 3087 principio

562 3099 1027 3187 deperditionis
1069 3097 1159 3165 sit
1202 3095 1413 3184 major
1441 3097 1780 3184 quantitas
1807 3099 2016 3186 partis
2045 3099 2437 3182 nutriendae,
2471 3121 2671 3187 quam

564 3199 704 3289 ejus
748 3203 1088 3288 quantitas
1131 3207 1283 3288 post
1344 3199 1782 3266 nutritionem
1844 3201 2105 3283 factam,
2153 3208 2378 3268 tamen
2420 3204 2493 3268 in
2537 3205 2672 3270 fine

566 3303 1039 3391 deperditionis
1082 3309 1185 3369 est
1227 3303 1445 3368 minor
1489 3302 1844 3387 quantitas,
1890 3325 2089 3390 quam
2134 3305 2223 3370 sit
2267 3307 2417 3391 post
2458 3307 2672 3370 nutri-

566 3413 879 3474 mentum.
973 3406 1149 3487 Quia
1210 3407 1569 3472 secundum
1632 3405 1802 3472 hanc
1867 3406 2050 3470 viam
2124 3425 2376 3492 semper
2441 3408 2672 3474 crescit

565 3531 718 3596 pars
781 3509 1055 3588 nutrita,
1103 3511 1173 3574 et
1239 3512 1712 3595 augmentatur
1777 3508 2134 3593 quantitas,
2191 3512 2261 3572 et
2319 3507 2400 3572 fit
2463 3509 2590 3595 maj
2598 3530 2673 3574 or

566 3633 760 3700 quam
808 3613 881 3677 in
924 3611 1055 3678 fine
1100 3610 1588 3698 deperditionis.
1681 3609 1816 3676 Sed
1875 3610 1998 3676 hoc
2063 3631 2198 3676 non
2250 3615 2467 3697 potest
2525 3611 2671 3677 fieri

563 3715 693 3780 nisi
756 3735 873 3802 per
932 3715 1380 3801 quantitatem
1410 3713 1837 3778 ·nutrimenti
1867 3737 1882 3793 3
1959 3735 2112 3801 ergo
2186 3714 2670 3782 nutrimentum

564 3839 701 3884 esse
739 3838 878 3883 non
920 3823 1140 3904 potest
1181 3839 1297 3904 per
1336 3817 1804 3903 incorporeum.

656 3921 928 4000 Iterum,
974 3921 1237 4006 penitus
1298 3919 1555 3984 deletur
1612 3919 1754 3985 haec
1805 3919 2046 4006 positio
2106 3943 2222 4008 per
2295 3923 2432 4003 hoc,
2495 3926 2673 4011 quod

564 4027 807 4088 natura
880 4021 1195 4109 supponit
1269 4043 1525 4109 semper
1600 4026 1925 4108 quantum
1999 4023 2072 4088 in
2138 4025 2272 4090 suis
2347 4027 2666 4115 operibus.

570 4125 745 4190 Nam
788 4125 864 4189 in
910 4125 1091 4189 omni
1134 4123 1562 4211 generatione
1608 4123 1922 4211 supponit
1985 4127 2332 4193 materiam
2374 4151 2672 4218 corpora-

564 4227 712 4305 lem,
746 4229 903 4314 quia
946 4247 1069 4292 nec
1114 4249 1201 4292 ex
1244 4225 1455 4292 nihilo
1500 4227 1583 4292 fit
1625 4229 1983 4314 generatiO,
2014 4251 2136 4295 nec
2166 4250 2251 4296 ex
2295 4231 2670 4300 substantia

566 4329 957 4416 incorporea,
1026 4351 1145 4394 nec
1212 4329 1415 4394 etiam
1460 4351 1545 4394 ex
1590 4328 1964 4396 substantia
2020 4353 2326 4418 corporea
2387 4335 2458 4398 in
2521 4336 2672 4400 uni-

568 4432 824 4510 versali,
872 4437 941 4497 et
987 4431 1301 4497 absolute.
1380 4431 1557 4514 Quia
1597 4436 1761 4499 tunc
1807 4434 2034 4499 coelum
2069 4441 2288 4521 posset
2313 4437 2668 4523 generare.²

571 4715 647 4843 Β·
669 4721 785 4842 ἔκηε
818 4711 1109 4781 aliquando]
1152 4713 1420 4779 aliquando
1450 4721 1579 4774 sunt,
1616 4717 1625 4842 Ι
1714 4716 1735 4744 ²
1754 4711 2012 4780 yenerare]
2051 4709 2294 4779 generari,
2330 4712 2390 4765 T.
