3517 5750
1356 878 1531 930 orus
1572 879 1806 930 mus
2495 868 2624 932 369

636 1048 769 1115 Sed
888 1050 1081 1115 aliter
1195 1055 1469 1136 possunt
1588 1049 1984 1115 considerari
2073 1049 2214 1116 haec
2303 1050 2628 1116 elementa

530 1151 885 1215 secundum
962 1150 1319 1237 qualitates
1408 1156 1709 1235 quatuor,
1800 1150 2101 1231 calidum,
2191 1150 2448 1232 siccum,
2509 1152 2628 1217 hu-

529 1250 829 1329 midum,¹
896 1257 1015 1318 etc.
1078 1272 1227 1338 quae
1269 1257 1595 1318 vocantur
1647 1257 1932 1337 quatuor
1976 1251 2326 1337 qualitates
2389 1253 2626 1319 activae

530 1357 601 1418 et
688 1352 1017 1439 passivae:
1124 1354 1364 1419 siccum
1453 1354 1629 1417 enim
1719 1357 1790 1418 et
1875 1352 2224 1418 humidum
2326 1355 2623 1441 passivae,

531 1453 815 1520 calidum
860 1462 929 1521 et
970 1454 1286 1541 frigidum
1332 1454 1584 1520 activae.
1675 1453 1768 1519 Et
1811 1454 1968 1519 licet
2011 1455 2250 1520 siccum
2295 1459 2366 1520 et
2409 1455 2629 1521 humi-

532 1554 693 1619 dum
766 1556 903 1621 sint
976 1554 1270 1641 passivae,
1340 1554 1569 1621 habito
1641 1560 1938 1641 respectu
1997 1556 2084 1621 ad
2141 1556 2626 1621 vehementiam

532 1656 807 1721 actionis
864 1656 1079 1723 'calidi
1153 1661 1223 1721 et
1289 1656 1533 1743 frigidi,
1610 1660 1836 1721 tamen
1911 1657 2265 1723 secundm
2327 1680 2395 1724 se
2469 1662 2628 1723 sunt

532 1757 811 1839 activae3
856 1764 928 1825 et
984 1757 1289 1824 similiter
1346 1758 1631 1823 calidum
1678 1762 1749 1823 et
1793 1757 2108 1845 frigidum
2173 1762 2329 1825 sunt
2390 1760 2626 1825 activae

532 1864 831 1946 respectu
904 1860 1181 1925 aliarum
1256 1859 1675 1945 qualitatum,
1740 1864 1811 1925 et
1860 1862 2086 1926 tamen
2143 1860 2500 1928 secundum
2558 1881 2626 1925 se

535 1965 691 2025 sunt
764 1962 1059 2048 passivae.
1151 1960 1325 2042 Quia
1398 1960 1788 2025 Aristoteles
1861 1960 2050 2027 docet
2123 1964 2320 2028 tertio
2396 1962 2628 2047 Physi-

536 2082 761 2127 corum
778 2060 806 2099 ²
873 2069 943 2128 et
1008 2062 1177 2128 libro
1246 2062 1349 2127 De
1396 2061 1830 2127 Generatione
1848 2059 1875 2099 ⁸
1918 2062 2097 2147 quod
2156 2064 2369 2128 omnis
2427 2083 2627 2149 agens

534 2162 803 2249 physice
864 2166 1121 2251 patitur
1179 2169 1250 2230 et
1292 2185 1329 2228 e
1374 2184 1697 2228 converso.
1789 2161 1864 2227 Si
1924 2184 2078 2249 ergo
2137 2163 2630 2229 considerentur

535 2264 859 2330 elementa
900 2264 1259 2331 secundum
1303 2264 1421 2329 has
1474 2270 1759 2349 quatuor
1803 2264 2174 2350 qualitates,
2219 2275 2376 2331 tunc
2419 2266 2630 2330 oritur

534 2366 897 2451 complexio
939 2366 1013 2431 in
1053 2365 1269 2431 mixto
1316 2366 1423 2432 vel
1464 2366 1822 2431 secundum
1861 2366 2307 2450 aequalitatem
2349 2366 2630 2431 istarum

536 2471 821 2551 quatuor
882 2466 1280 2553 qualitatum
1325 2467 1431 2533 vel
1476 2466 1843 2531 dominium
1905 2466 2196 2553 alicujus.
2287 2467 2633 2533 Elementa

534 2568 715 2633 enim
782 2569 985 2654 priori
1042 2568 1238 2634 modo
1296 2569 1706 2634 considerata
1772 2566 2024 2633 faciunt
2097 2569 2630 2655 compositionem

535 2669 751 2747 mixti,
848 2674 918 2734 et
1008 2670 1131 2737 hoc
1236 2670 1429 2735 modo
1517 2669 1772 2734 faciunt
1860 2669 2389 2756 complexionem,
2484 2692 2632 2756 quae

536 2774 637 2835 est
680 2770 966 2856 qua-litas
1032 2792 1428 2857 consurgens
1470 2792 1557 2837 ex
1600 2770 1981 2856 aequalitate
2043 2770 2280 2837 horum
2347 2776 2632 2858 quatuor

538 2871 645 2937 vel
672 2895 754 2938 ex
800 2871 1093 2938 dominio
1136 2872 1429 2959 alicujus.
1525 2872 1675 2938 Hoc
1718 2872 1926 2960 igitur
1979 2862 2171 2940 modo
2201 2873 2370 2939 bene
2413 2879 2632 2960 potest

538 2995 677 3040 esse
718 2974 1065 3061 aequalitas
1108 2997 1279 3060 pura
1336 2974 1693 3040 secundum
1755 2975 2076 3040 virtutem
2121 2980 2191 3040 et
2233 2979 2631 3061 potestatem

417 3125 421 3130 .
542 3076 843 3155 activam,
892 3077 1049 3143 licet
1092 3097 1227 3142 non
1271 3075 1629 3142 secundum
1675 3076 2121 3162 quantitatem
2165 3095 2389 3141 earum
2435 3099 2634 3163 quam

539 3177 775 3243 medici
838 3183 1081 3244 vocant
1146 3179 1419 3265 pondus,
1465 3177 1639 3243 sicut
1700 3177 1830 3242 erit
1891 3177 1964 3241 in
2027 3178 2408 3263 corporibus
2481 3183 2633 3264 post

537 3280 1089 3346 resurrectionem.
1222 3279 1313 3344 Et
1350 3279 1525 3344 'ideo
1600 3298 1735 3344 non
1809 3278 1941 3343 erit
1999 3277 2223 3363 aliqua
2279 3279 2588 3343 alteratio
2609 3277 2636 3314 ⁴

539 3381 751 3446 mixto
794 3381 934 3446 tali.
1010 3380 1191 3446 Nam
1232 3380 1353 3445 ubi
1396 3379 1737 3467 aequalitas
1783 3379 2228 3465 potentiarum
2270 3379 2634 3443 activarum

540 3487 643 3546 est
684 3503 822 3547 non
864 3485 1083 3568 potest
1126 3504 1262 3547 esse
1281 3481 1641 3568 ‘corruptiQ
1689 3480 2048 3546 secundum
2079 3478 2504 3545 Aristotelem
2533 3501 2633 3544 se-

541 3583 753 3648 cundo
799 3580 1447 3668 Metaphysicorum.⁵
1534 3581 1626 3647 Et
1669 3579 2030 3646 secundum
2058 3579 2397 3666 Averoym
2440 3601 2636 3666 super

542 3683 901 3750 Decimum.
996 3684 1193 3751 Unde
1238 3685 1541 3770 Averoys
1585 3683 1808 3770 arguit
1849 3681 1942 3747 ibi
1987 3685 2218 3747 contra
2266 3680 2634 3762 Galienum‚

541 3788 657 3875 qui
720 3791 942 3876 posuit
1004 3790 1079 3855 in
1140 3790 1409 3856 homine
1453 3789 1673 3876 aliquo
1740 3787 2254 3874 complexionem
2299 3789 2632 3873 aequalem.

541 3889 721 3955 Nam
746 3897 911 3956 tunc
976 3891 1195 3979 arguit
1252 3892 1557 3978 Averoys
1598 3890 1775 3977 quod
1826 3890 1939 3955 ille
1998 3895 2166 3956 esset
2227 3890 2636 3970 immortalis,

544 3992 705 4078 quia
732 4013 867 4058 non
895 3997 1063 4058 esset
1092 3993 1281 4071 actio,
1313 4014 1433 4058 nec
1457 3993 1690 4080 passio,
1732 4012 1854 4058 nec
1897 3991 2204 4058 alteratio
2250 3992 2402 4058 talis
2440 3992 2638 4058 mixti

542 4097 809 4180 propter
850 4093 1316 4179 aequalitatem.
1428 4094 1518 4158 Et
1577 4093 1727 4159 ideo
1793 4113 1916 4158 nec
1983 4093 2330 4180 corruptio.
2424 4093 2641 4160 Causa

542 4215 700 4260 vero
749 4194 1020 4282 praecisa
1061 4194 1440 4281 hujusmodi
1485 4195 1583 4260 rei
1618 4201 1719 4260 est
1765 4194 1941 4280 quod
1971 4195 2314 4281 aequalitas
2359 4197 2638 4282 qualita-

542 4299 688 4361 tum
732 4297 1228 4364 elementarium
1258 4301 1359 4363 est
1393 4295 1703 4360 ultimum
1750 4297 1923 4381 quod
1970 4297 2250 4361 materia
2293 4298 2637 4377 desiderat,

1965 4431 2385 4440 —-·-———-——-—---o--
2405 4431 2422 4440 ο
2435 4431 2450 4438 n
2469 4431 2568 4438 ,ῥ-

610 4501 627 4532 ¹
650 4499 915 4566 lemiciano]
942 4515 1017 4552 ca.
1033 4501 1121 4552 hn.
1150 4499 1222 4551 sic
1240 4507 1351 4560 etc„
1374 4498 1488 4552 MS.
1706 4498 1725 4528 ⁴
1746 4495 1996 4563 alteratio]
2033 4497 2090 4547 in
2122 4497 2238 4549 MS.
2272 4499 2346 4549 aie
2365 4496 2495 4559 loin3
2533 4513 2640 4550 cor-

608 4581 631 4611 ²
651 4577 989 4645 Physicorum]
1017 4579 1087 4630 iii.
1116 4584 1159 4630 1.
1640 4577 1808 4626 rected
1830 4575 1886 4626 in
1922 4591 1954 4627 a
1985 4591 2125 4628 more
2148 4584 2320 4628 recent
2338 4577 2472 4628 hand
2495 4593 2552 4628 as
2584 4578 2639 4626 in

604 4659 627 4689 ³
647 4659 733 4709 De
780 4657 1127 4723 Generatione]
1195 4658 1276 4709 De
1322 4657 1541 4711 Genera·
1642 4657 1727 4706 the
1750 4662 1874 4705 text.

538 4739 675 4789 tione
695 4736 939 4800 Animal„
960 4735 1029 4788 iv.
1056 4741 1105 4787 3.
1708 4734 1729 4764 ⁸
1748 4731 2220 4800 Memphyaeicorum]
2247 4731 2299 4783 ii.
2327 4738 2375 4784 4.

708 4833 861 4884 von
908 4833 953 4883 1.
1344 4895 1353 4904 ‚
2235 4829 2284 4878 A
2327 4828 2376 4878 A
