3517 5750
622 854 763 942 Lx]
1413 868 1587 920 oros
1631 868 1954 919 TERTTUM.
2603 852 2732 917 239

714 1044 1041 1113 Similiter
1102 1045 1159 1110 si
1204 1044 1409 1111 dictio
1472 1043 1782 1111 enclitica
1849 1048 2179 1131 sequatur,
2228 1043 2442 1110 adhuc
2509 1064 2735 1109 mono-

622 1148 941 1236 syllabica
983 1149 1229 1216 retinet
1272 1151 1543 1214 acutum
1606 1152 1966 1225 accentum,
2033 1152 2103 1213 et
2171 1147 2294 1213 hoc
2356 1146 2603 1213 faceret
2678 1148 2735 1212 si

620 1251 1015 1317 naturaliter
1088 1255 1527 1339 gravaretur3
1603 1251 1761 1337 quia
1827 1251 2030 1317 dictio
2098 1250 2402 1316 enclitica
2463 1249 2738 1315 inclinat

623 1358 969 1421 accentum
1013 1376 1209 1419 suum
1277 1376 1472 1441 super
1516 1353 1842 1441 syllabam
1887 1353 2382 1441 praecedentem,
2431 1357 2501 1419 et
2543 1356 2738 1418 natu·

622 1456 852 1523 raliter
913 1461 1251 1544 gravatur,
1296 1461 1379 1523 ut
1422 1476 1569 1543 que,
1612 1476 1705 1534 ve,
1749 1476 1855 1537 ne,
1902 1456 2074 1523 sicut
2117 1456 2281 1523 dicit
2348 1455 2733 1533 Priscianus,

624 1561 699 1626 in
767 1560 1211 1626 declinatione
1263 1560 1461 1646 primi
1504 1580 1734 1625 versus
1780 1559 2112 1641 AEneidoS,
2158 1558 2540 1647 virumque,
2585 1557 2740 1627 sub-

614 1660 903 1749 jecti-sve,
951 1668 1244 1729 tantone.
1346 1659 1537 1727 Idem
1602 1662 1765 1727 facit
1830 1682 1989 1728 cum
2053 1663 2125 1728 in
2169 1662 2272 1728 his
2320 1662 2736 1743 dictionibus,

628 1765 1004 1843 notiam,
1052 1764 1416 1846 vobiscum,
1466 1771 1704 1846 tecum,
1750 1784 2034 1833 meeum.
2127 1764 2259 1832 Sed
2303 1770 2540 1851 quarto
2586 1787 2738 1831 casu

626 1868 1143 1954 monosyllabica
1184 1868 1444 1935 amittit
1484 1872 1752 1934 acutum
1799 1873 2156 1949 accentum,
2201 1869 2465 1954 quando
2495 1868 2736 1934 scilicet

628 1977 823 2039 acuta
867 1971 1127 2058 syllaba
1201 1972 1511 2058 sequitur.
1603 1970 1764 2038 Non
1831 1971 2008 2036 enim
2052 1970 2204 2037 duae
2247 1974 2459 2037 acutae
2504 1993 2738 2037 conve·-

628 2077 829 2141 niunt
873 2074 1088 2154 simul,
1134 2094 1254 2140 nec
1298 2080 1401 2140 est
1466 2073 1812 2161 euphonia,
1861 2096 1980 2139 nec
2023 2074 2238 2139 bonus
2281 2095 2524 2153 sonus3
2582 2075 2739 2160 quia

628 2179 797 2244 nihil
842 2182 943 2243 est
978 2178 1346 2263 jucundum
1390 2175 1519 2243 nisi
1565 2176 1743 2263 quod
1787 2177 1999 2243 reficit
2027 2177 2342 2255 ,varietas
2377 2180 2456 2242 ut
2495 2176 2740 2243 Seneca

630 2281 844 2363 dicit;
911 2285 981 2347 et
1056 2280 1327 2345 Boetius
1402 2280 1565 2345 dicit
1630 2279 1700 2343 in
1771 2280 2024 2345 Musica
2069 2278 2246 2366 quod
2271 2278 2290 2316 ¹
2360 2280 2740 2346 harmonica

630 2383 979 2449 delectatio
1023 2389 1330 2448 causatur
1374 2404 1457 2447 ex
1504 2386 1700 2448 acuto
1746 2386 1817 2448 et
1859 2383 2089 2469 gravi3
2133 2403 2268 2447 non
2313 2382 2404 2447 sic
2449 2404 2535 2447 ex
2580 2384 2740 2449 dua·-

632 2487 755 2552 bus
800 2486 1024 2551 acutis.
1090 2486 1183 2551 Et
1227 2484 1373 2551 ideo
1405 2488 1667 2571 oportet
1713 2484 1892 2570 quod
1919 2484 2184 2571 quando
2229 2485 2741 2572 monosyllabioez

632 2589 949 2676 praecedit
1023 2587 1397 2666 dictionem,
1476 2586 1661 2674 cujus
1733 2588 1950 2674 prima
2023 2586 2279 2674 syllaba
2353 2592 2452 2654 est
2528 2594 2738 2669 acuta,

632 2692 843 2757 altera
916 2690 1179 2755 illarum
1256 2696 1618 2777 gravetur3
1704 2690 1820 2756 sed
1893 2712 2169 2777 sequens
2258 2692 2520 2778 gravas-i
2608 2714 2740 2757 non

636 2794 851 2873 debet,
898 2794 1027 2859 nisi
1094 2794 1185 2858 sit
1244 2793 1562 2875 enclitica,
1632 2793 1790 2881 quia
1849 2814 1986 2860 non
2045 2794 2305 2859 sistitur
2365 2795 2437 2859 in
2510 2796 2739 2883 prim0,

632 2899 749 2965 sed
793 2897 1116 2964 transitur
1178 2898 1265 2962 ad
1326 2897 1673 2984 posterius,
1734 2896 1852 2963 ubi
1913 2899 2171 2980 statur3
2237 2903 2504 2985 propter
2563 2899 2741 2985 quod

631 3001 841 3086 major
884 2999 1291 3066 instabilitas
1336 3005 1641 3065 accentus
1684 3000 1925 3066 accidit
1990 3001 2192 3088 priori
2261 3023 2460 3088 quam
2523 3007 2742 3088 poste·-

631 3104 828 3170 riori:
898 3108 969 3170 et
1029 3103 1178 3168 ideo
1222 3102 1425 3168 dictio
1470 3102 1840 3189 praecedens
1883 3105 2094 3192 magis
2138 3107 2360 3172 mutat
2403 3109 2742 3172 accentum

634 3229 835 3292 quam
880 3206 1299 3293 subsequens.

723 3309 901 3376 Item
969 3332 1011 3374 a
1074 3310 1207 3374 fine
1300 3306 1765 3374 denominatur
1855 3329 1975 3387 res,
2053 3314 2125 3376 et
2215 3309 2366 3374 finis
2462 3310 2745 3396 imponit

632 3413 1089 3478 necessitatem
1164 3411 1278 3491 rei,
1339 3414 1422 3475 ut
1483 3408 1874 3477 Aristoteles
1948 3411 2110 3477 dicit
2146 3436 2163 3491 3
2209 3417 2278 3478 et
2321 3411 2468 3476 ideo
2535 3415 2744 3500 magis

634 3514 895 3580 obtinet
946 3515 1099 3579 finis
1167 3512 1783 3578 immutabilitatem
1844 3535 1981 3578 suae
2043 3514 2482 3600 proprietam,
2542 3536 2740 3600 quam

635 3617 801 3682 illud
846 3617 1023 3704 quod
1066 3616 1267 3682 finem
1330 3616 1659 3703 praecedit.
1750 3615 2032 3702 Propter
2091 3616 2299 3704 igitur
2363 3617 2503 3700 hoc,
2549 3623 2744 3683 natu-

632 3720 769 3785 rale
842 3725 943 3786 est
1009 3718 1185 3805 quod
1263 3717 1465 3785 dictio
1528 3716 2042 3804 monosyllabica
2103 3724 2418 3806 gravetur
2480 3720 2744 3812 quando

634 3823 945 3909 praecedit
988 3822 1362 3902 dictionem,
1434 3821 1619 3906 cujus
1686 3821 2083 3909 principium
2144 3825 2246 3887 est
2309 3829 2593 3902 acutum,
2661 3829 2743 3890 ut

638 3931 677 3960 “
720 3927 897 3992 dixit
947 3925 1035 3990 ad
1097 3924 1285 3990 illum
1312 3923 1371 4005 ;”
1434 3924 1541 3989 hic
1584 3923 1962 4010 praepositio
2029 3923 2126 3992 ad
2187 3931 2526 4013 gravatur,
2588 3929 2744 4014 quia

636 4030 849 4115 prima
914 4027 1174 4114 syllaba
1264 4027 1569 4092 dictionis
1644 4027 1981 4113 sequentis
2033 4028 2309 4108 acuitur,
2385 4031 2740 4097 secundum

635 4130 932 4218 regulam
1018 4130 1388 4196 secundam.
1496 4129 1589 4194 Et
1658 4129 2084 4196 confirmatur
2145 4131 2270 4197 hoc
2331 4155 2448 4220 per
2511 4134 2743 4220 dissyl-

635 4233 837 4313 labas,
885 4254 1035 4320 quae
1078 4233 1380 4298 similiter
1422 4236 1791 4319 gravantur
1871 4239 2140 4321 propter
2213 4240 2742 4322 consequentiam

638 4337 963 4418 dictionis,
1054 4340 1134 4401 ut
1220 4332 1460 4402 David
1532 4354 1651 4401 ’νοω
1668 4359 1697 4416 ;
1803 4336 2048 4403 ultima
2139 4337 2335 4424 hujus
2439 4340 2744 4406 dictionis

638 4437 877 4506 David
972 4439 1247 4520 acuitur,
1350 4438 1463 4504 sed
1532 4438 1940 4504 convertitur
2014 4439 2084 4504 in
2147 4462 2414 4527 gravem
2479 4447 2745 4531 propter

640 4541 993 4609 dictionem
1056 4545 1317 4607 acutam
1386 4561 1535 4627 quae
1602 4541 1912 4628 sequitur.
2004 4541 2095 4610 Et
2160 4542 2335 4610 idem
2379 4545 2614 4611 accidit
2687 4546 2741 4612 si

1112 4820 1127 4848 ¹
1152 4819 1203 4866 in
1240 4815 1443 4868 Mtwica
1477 4815 1628 4882 quod]
1668 4817 1801 4882 quod
1833 4816 1886 4866 in
1919 4816 2124 4878 musica,
2160 4818 2220 4868 Τ.
