3517 5750
838 834 971 903 286
1586 848 1847 901 nomm
1905 848 2198 903 mcoms
2765 836 2948 926 [ω.

838 1026 1101 1093 minuta
1162 1030 1235 1093 et
1278 1026 1768 1115 quinquaginta
1809 1028 2096 1095 secunda
2161 1028 2362 1096 unius
2405 1031 2553 1097 diei.
2646 1030 2946 1113 Quilibet

838 1151 995 1196 vero
1024 1130 1453 1197 novendecim
1482 1132 1661 1213 anni,
1694 1130 2016 1199 habentes
2043 1132 2336 1219 quinque
2365 1132 2506 1201 dies
2549 1133 2946 1215 bissextiles,

836 1233 1087 1300 habent
1128 1233 1271 1301 dies
1314 1235 1663 1323 sexaginta
1714 1256 1956 1301 novem
1999 1234 2213 1301 millia
2267 1241 2598 1303 trecentos
2665 1238 2943 1323 quadra-

836 1338 1065 1425 ginta:
1114 1338 1291 1403 unde
1336 1358 1489 1403 cum
1534 1338 1838 1404 ducentae
1881 1337 2164 1427 triginta
2209 1339 2504 1426 quinquo
2566 1340 2944 1407 lunationes

834 1440 1119 1526 aequales
1164 1439 1459 1509 habent¹
1510 1460 1626 1507 sex
1654 1440 1866 1506 millia
1903 1440 2344 1528 noningentos
2387 1442 2672 1529 triginta
2703 1464 2941 1509 novem

836 1542 990 1623 dies,
1038 1548 1109 1609 et
1154 1542 1600 1631 quadraginta
1642 1544 1924 1625 minuta,
1971 1549 2044 1609 et
2087 1544 2578 1633 quinquaginta
2637 1546 2939 1627 secunda,

834 1650 998 1713 tunc
1040 1645 1471 1713 novendecim
1516 1646 1693 1725 anni,
1740 1645 2064 1713 habentes
2108 1648 2402 1734 quinque
2445 1670 2654 1715 annos
2690 1648 2942 1715 bissex-

830 1749 1005 1830 tiles,
1067 1754 1385 1837 superant
1428 1750 1747 1815 ducentas
1813 1748 2102 1837 triginta
2164 1750 2458 1837 quinque
2516 1750 2896 1819 lunationes
2911 1750 2940 1789 ⁹

834 1852 1050 1939 spatio
1110 1850 1541 1917 novendecim
1604 1852 2018 1917 minutorum
2063 1856 2134 1918 et
2179 1850 2404 1917 decem
2459 1854 2940 1933 secundorum3

833 1956 1011 2041 quod
1053 1958 1157 2021 est
1200 1954 1337 2021 fere
1380 1954 1584 2020 tertia
1628 1953 1826 2019 unius
1871 1954 2019 2021 diei.
2112 1954 2307 2036 Quod
2350 1960 2554 2042 patet,
2587 1957 2648 2021 si
2693 1956 2776 2022 de
2803 1977 2940 2023 uno

834 2056 958 2139 die,
1034 2078 1167 2145 quo
1242 2056 1661 2145 superfluunt
1747 2077 1928 2123 nunc
2001 2056 2166 2125 dicti
2254 2058 2688 2125 novendecim
2777 2059 2938 2125 anni

804 2180 1031 2249 super
1094 2158 1414 2227 ducentas
1476 2160 1761 2247 triginta
1827 2160 2119 2247 quinque
2181 2160 2606 2241 lunationes?
2679 2161 2938 2228 subtra„

832 2263 1069 2331 hamus
1128 2262 1571 2350 quadraginta
1622 2261 1888 2327 minuta
1950 2267 2022 2328 et
2085 2262 2574 2351 quinquaginta
2635 2266 2938 2346 secunda,

740 2404 755 2417 ·
834 2365 1074 2453 quibus
1162 2366 1295 2433 illae
1382 2363 1761 2433 lunationes
1850 2364 2098 2432 eoedem
2181 2366 2676 2453 superfluebant
2747 2389 2943 2455 snper

832 2466 1261 2535 novendecim
1351 2489 1577 2548 annos,
1668 2466 1994 2533 habentes
2066 2472 2336 2535 tantum
2425 2474 2712 2556 quatuor
2799 2468 2942 2537 dies

831 2569 1220 2650 bisextiles‚⁸
1278 2576 1349 2637 et
1409 2572 1510 2637 ita
1570 2574 1759 2659 patet
1848 2570 2024 2657 quod
2110 2592 2248 2637 non
2336 2572 2622 2659 quilibet
2694 2594 2940 2641 noven-

835 2674 1045 2739 decim
1108 2674 1268 2739 anni
1312 2673 1557 2741 solares
1601 2678 1956 2760 sequantur
2007 2672 2136 2739 sibi
2179 2674 2484 2757 invicem,
2545 2676 2661 2741 sed
2707 2681 2942 2762 quater

834 2776 1263 2843 novendecim
1338 2775 1500 2841 anni
1570 2776 1854 2842 redeunt
1927 2776 2016 2841 ad
2090 2777 2268 2843 idem
2355 2778 2676 2865 temporis
2758 2780 2940 2865 prin-

834 2879 1096 2966 cipium,
1145 2879 1261 2966 qui
1330 2879 1586 2945 faciunt
1649 2879 2077 2967 septuaginta
2137 2901 2256 2946 sex
2300 2901 2526 2962 annos,
2573 2888 2644 2947 et
2687 2903 2943 2971 semper

834 2985 1185 3070 sequantur
1226 2981 1375 3048 aliis
1416 2982 1844 3069 septuaginta
1887 3003 2006 3049 sex
2049 2983 2254 3048 annis.
2347 2981 2461 3048 Si⁴
2509 3005 2666 3072 ergo
2711 3006 2940 3072 aggre-

832 3091 1075 3172 gentur
1118 3089 1225 3151 ter
1266 3083 1697 3150 novendecim
1740 3086 2004 3152 minuta
2047 3091 2118 3152 et
2159 3086 2382 3152 decem
2427 3086 2730 3164 secunda,
2792 3109 2944 3174 quae

835 3187 1118 3274 quilibet
1160 3187 1593 3255 novendecim
1652 3189 1832 3267 anni,
1895 3186 2214 3254 habentes
2277 3187 2571 3274 quinque
2633 3189 2943 3272 bisextos,

834 3291 1093 3357 addunt
1136 3313 1333 3378 super
1362 3291 1679 3360 ducentas
1714 3289 1998 3377 triginta
2037 3291 2330 3378 quinque
2373 3290 2762 3370 lunationes,
2792 3313 2940 3378 pro-

834 3395 1111 3461 venient
1152 3394 1347 3461 nobis
1392 3393 1882 3482 quinquaginta
1925 3398 2178 3480 septem
2221 3393 2488 3460 minuta
2529 3399 2600 3460 et
2659 3395 2942 3482 triginta

833 3497 1133 3577 secunda,
1201 3497 1445 3584 quibus
1516 3496 1634 3562 isti
1706 3502 1814 3564 ter
1872 3495 2304 3564 novendecim
2367 3496 2544 3576 anni,
2621 3495 2942 3564 habentes

836 3600 1124 3687 quinque
1182 3598 1491 3684 bisextOS,
1559 3599 1759 3664 simul
1825 3597 2076 3686 sumpti
2146 3599 2480 3664 excedunt
2541 3621 2694 3666 suns
2753 3601 2940 3666 luna·

833 3704 1063 3769 tiones.
1156 3701 1291 3769 Sed
1348 3701 1782 3768 novendecim
1850 3700 2027 3780 anni,
2097 3699 2417 3766 habentes
2477 3706 2743 3768 tantum
2804 3702 2944 3769 dies

834 3813 1120 3890 quatuor
1161 3802 1520 3882 bisextileS,
1586 3807 1747 3870 sunt
1807 3801 2094 3869 minores
2159 3803 2298 3869 suis
2363 3803 2818 3871 lunationibus
2868 3807 2937 3871 in

834 3906 1275 3993 quadraginta
1360 3906 1637 3971 minutis
1712 3915 1782 3972 et
1857 3905 2346 3992 quinquaginta
2428 3908 2744 3974 secundis.
2865 3907 2942 3976 Si

836 4009 1045 4096 igitur
1107 4007 1591 4074 subtrahantur
1634 4008 1777 4074 haec
1821 4008 2264 4096 quadraginta
2325 4009 2588 4076 minuta
2633 4016 2704 4076 et
2747 4011 2940 4095 quin-

834 4111 1155 4197 quaginta
1224 4110 1515 4177 secunda
1587 4133 1629 4176 a
1701 4111 2038 4198 praedictis
2114 4111 2605 4198 quinquaginta
2687 4117 2940 4200 septem

832 4213 1111 4280 minutis
1186 4217 1256 4280 et
1348 4213 1633 4302 triginta
1696 4213 2019 4295 secundis,
2084 4213 2544 4300 relinquentur
2609 4214 2940 4282 sexdecim

902 4597 1197 4664 ‘sexayinta
1232 4611 1395 4646 novem
1429 4629 1443 4647 .
1479 4631 1492 4645 .
1529 4631 1543 4646 .
1579 4630 1595 4648 .
1626 4592 1831 4660 habent]
1937 4593 2101 4644 decim
2120 4591 2241 4643 anni
2264 4595 2454 4646 solares
2474 4599 2591 4645 sunt
2607 4593 2703 4646 sibi
2725 4593 2942 4646 invicem

833 4693 932 4730 om.
966 4677 1029 4728 Τ.
1937 4675 2166 4738 aequales,
2213 4673 2344 4726 sicut
2385 4689 2480 4724 nec
2525 4674 2656 4740 cycli
2699 4675 2944 4726 decenno-

898 4757 921 4788 ²
940 4753 1235 4821 lunationes]
1272 4769 1371 4806 om.
1394 4751 1453 4805 T.
1937 4754 2156 4817 venales,
2181 4753 2241 4805 T.
2265 4753 2320 4802 in
2341 4769 2500 4818 marg.

900 4837 921 4865 ⁸
954 4822 1219 4901 hiscitiles]
1270 4847 1373 4886 non
1418 4845 1591 4885 omnes
1646 4845 1836 4886 noven—
2003 4835 2022 4864 ⁴
2047 4831 2138 4899 Si]
2163 4847 2260 4887 om.
2285 4832 2346 4884 T.
