3517 5750
556 1884 691 1949 Boys
711 1884 842 1936 from

555 1960 639 2001 ten
663 1959 716 2000 to

554 2026 743 2083 twenty
760 2021 847 2069 ad-

552 2084 729 2134 mitted
742 2086 849 2135 into

555 2152 639 2200 the
660 2160 761 2201 two

892 880 1022 943 426
1652 894 1910 944 Roomu
1955 892 2248 943 BAcoms
2819 874 3009 961 [cn.

888 1070 1307 1155 Augustinus
1354 1071 1425 1135 in
1468 1069 1641 1135 libro
1685 1070 1790 1135 De
1836 1069 2158 1135 Doctrina
2203 1064 2630 1135 Christiana.¹-
2715 1066 2812 1130 Hi
2841 1072 3012 1133 sunt

886 1170 1077 1256 pueri
1140 1170 1421 1237 duorum
1496 1172 1806 1238 ordinum
1873 1172 2304 1251 studentium,
2374 1175 2455 1236 ut
2521 1168 2856 1249 Albertus,
2931 1174 3010 1235 et

888 1274 1185 1352 Thomas,
1250 1279 1320 1339 et
1364 1274 1495 1355 alii,
1546 1275 1662 1359 qui
1724 1278 1806 1339 ut
1865 1274 1934 1339 in
2005 1274 2306 1361 pluribus
2367 1272 2834 1360 ingrediuntur
2899 1292 3005 1337 or-

888 1374 1093 1455 dines,
1142 1398 1349 1463 quum
1410 1381 1569 1442 sunt
1612 1376 1862 1462 viginti
1921 1396 2246 1441 annorum
2311 1379 2382 1441 et
2442 1373 2628 1439 infra.
2720 1374 2812 1438 Et
2875 1372 3006 1439 hoc

887 1479 1175 1543 maxime
1220 1501 1263 1543 a
1307 1480 1473 1543 mari
1519 1477 1892 1565 Anglioano
1937 1500 2144 1565 usque
2187 1478 2276 1543 ad
2320 1478 2486 1543 fines
2531 1476 3006 1543 Christianita—

886 1581 992 1656 tis,
1042 1585 1113 1646 et
1180 1582 1509 1667 praecipue
1579 1581 1755 1647 ultra
1825 1602 2100 1668 regnum
2150 1580 2463 1659 Francius,
2535 1579 2634 1644 ita
2679 1576 2856 1664 quod
2923 1578 3005 1643 in

888 1682 1268 1768 Aquitania,
1302 1689 1369 1749 et
1400 1683 1770 1760 Provincia,
1821 1689 1890 1748 et
1937 1683 2282 1778 Hispania,
2325 1682 2542 1759 Italia,
2577 1680 3000 1760 Alemanma,

888 1790 957 1850 et
1006 1786 1372 1873 Hungaria,
1422 1786 1645 1865 Dacia,
1694 1791 1764 1851 et
1823 1786 2084 1871 ubique,
2133 1786 2540 1872 recipiuntur
2583 1784 2670 1847 ad
2713 1782 3004 1859 ordineS,

890 1888 1129 1975 passim
1183 1910 1224 1951 a
1270 1888 1519 1953 decimo
1564 1910 1738 1953 anno
1803 1910 2008 1973 usque
2071 1889 2157 1952 ad
2201 1886 2603 1963 vicesimum,
2649 1885 2764 1970 qui
2829 1884 3008 1948 nihil

890 1990 1165 2077 dignum
1216 1996 1491 2077 possunt
1542 1990 1706 2055 seire
1767 1997 2034 2078 propter
2077 1995 2363 2070 aetatem,
2410 1989 2608 2053 simul
2665 2008 2816 2053 eum
2875 1986 3006 2052 hoe

890 2093 1067 2178 quod
1111 2115 1319 2159 causae
1364 2114 1656 2159 errorum
1709 2093 2146 2158 humanorum
2193 2092 2528 2179 praediotae
2571 2094 2802 2156 tenent
2845 2112 3004 2167 eos;

888 2201 958 2261 et
1002 2196 1148 2261 ideo
1192 2196 1361 2261 nihil
1408 2198 1642 2275 sciunt,
1692 2217 1898 2281 quum
1945 2196 2204 2261 ordines
2249 2196 2523 2274 intrant,
2555 2193 2732 2279 quod
2775 2192 3006 2257 valeat

888 2297 1248 2385 theologiae.
1342 2296 1543 2363 Unde
1596 2298 1790 2383 plura
1840 2297 2052 2363 millia
2094 2298 2352 2363 intrant
2397 2296 2512 2382 qui
2557 2296 2858 2361 nesciunt
2905 2294 3000 2359 le-

887 2420 1038 2485 gere
1084 2398 1479 2466 Psalterium
1525 2422 1643 2465 neo
1687 2398 2062 2480 Donatum3
2128 2401 2240 2465 sed
2285 2399 2516 2464 statim
2559 2408 2710 2485 post
2753 2397 3001 2485 profes-

888 2503 1135 2567 sionem
1181 2510 1518 2590 ponuntur
1549 2503 1634 2567 ad
1679 2501 1978 2567 studium
2011 2502 2375 2589 theologiae.
2469 2500 2562 2565 Et
2605 2522 2646 2564 a
2674 2500 2999 2587 principio

888 2606 1155 2682 ordinis,
1206 2606 1454 2671 scilicet
1499 2627 1541 2670 a
1582 2609 1880 2691 tempore
1926 2626 2059 2689 quo
2125 2604 2341 2691 primo
2407 2604 2634 2669 floruit
2699 2602 2999 2667 studium

887 2706 958 2770 in
1004 2708 1360 2785 ordinibus,
1410 2708 1609 2794 primi
1668 2708 2012 2773 studentes
2071 2707 2343 2773 fuerunt
2393 2706 2572 2785 tales,
2617 2706 2790 2771 siout
2847 2726 2998 2792 pos·

887 2808 1173 2876 teriores.
1275 2810 1368 2876 Et
1426 2810 1757 2878 dederunt
1817 2832 1886 2877 se
1945 2807 2048 2875 illi
2107 2807 2329 2876 studio
2388 2808 2754 2896 theologiae,
2817 2808 2998 2895 quod

890 2933 1149 2976 omnem
1195 2913 1591 3000 sapientiam
1638 2913 1972 2980 desiderat
2015 2914 2388 2979 humanam.
2481 2913 2572 2978 Et
2616 2913 2763 2977 ideo
2808 2934 3002 2998 opor-

752 3039 759 3048 ·
886 3015 1023 3079 tuit
1068 3015 1247 3101 quod
1320 3035 1456 3082 non
1530 3017 1924 3102 proficerent
1978 3017 2113 3082 ullo
2175 3018 2387 3098 modo,
2453 3015 2778 3102 praecipue
2845 3035 2998 3080 cum

554 3941 711 4019 Great
732 3949 806 3992 at-

552 4017 790 4058 tracuons

886 3138 1021 3180 non
1096 3124 1615 3203 procuraverunt
1673 3141 1742 3185 se
1817 3119 2060 3184 instrui
2127 3120 2212 3185 ab
2259 3119 2406 3185 aliis
2449 3121 2523 3184 in
2567 3117 2995 3205 philosophia,

886 3224 1236 3305 postquam
1303 3219 1580 3307 ingressi
1648 3227 1826 3288 sunt.
1920 3219 2012 3288 Et
2073 3222 2360 3287 maxime
2422 3221 2580 3308 quia
2640 3243 2996 3308 praesump—

887 3327 1116 3388 serunt
1176 3323 1250 3387 in
1318 3322 1659 3390 ordinibus
1724 3325 2134 3412 investigare
2196 3323 2674 3412 philosophiam
2741 3345 2858 3410 per
2923 3343 2998 3390 se

886 3425 1027 3491 sine
1073 3426 1335 3492 doctore
1362 3451 1379 3506 ;
1424 3426 1525 3492 ita
1570 3426 1746 3514 quod
1791 3425 1952 3492 faeti
1999 3433 2157 3492 sunt
2201 3427 2502 3514 magistri
2546 3427 2618 3492 in
2662 3425 2998 3513 theologia

886 3533 955 3594 et
1028 3528 1439 3616 philosophia
1510 3535 1868 3616 antequam
1941 3529 2212 3596 fuerunt
2285 3529 2624 3617 discipuli3
2702 3532 2772 3596 et
2843 3529 2996 3595 ideo

884 3639 1119 3719 regnat
1194 3633 1373 3720 apud
1450 3655 1559 3698 eos
1634 3653 1816 3700 error
1890 3633 2211 3713 infinituS,
2261 3633 2418 3700 lioet
2481 3654 2616 3699 non
2681 3637 2998 3720 appareat

886 3741 1153 3821 propter
1196 3757 1425 3800 causas
1468 3741 1697 3816 certas,
1747 3736 1893 3801 Deo
1938 3735 2368 3824 permittente
2414 3740 2483 3802 et
2528 3735 2788 3802 diabolo
2847 3755 2996 3822 pro-

882 3843 1169 3902 curante.

980 3937 1193 4003 Causa
1282 3943 1504 4004 autem
1594 3957 1730 4005 una
1819 3941 2222 4028 apparentiae
2315 3944 2420 4008 est
2490 3937 2668 4028 quod
2729 3937 2995 4006 ordines

550 4075 610 4123 of
624 4077 709 4125 the
729 4085 831 4127 two
887 4038 1138 4104 habent
1211 4041 1493 4126 speeiem
1568 4063 1878 4130 magnam
1943 4042 2334 4126 sanctitatis,
2401 4048 2472 4110 et
2533 4042 2680 4109 ideo
2754 4041 2995 4128 proba-

552 4143 736 4194 orders-

888 4141 1021 4207 bile
1096 4146 1198 4207 est
1269 4145 1536 4222 mundo,
1616 4144 1796 4231 quod
1872 4145 2168 4212 homines
2242 4147 2316 4210 in
2389 4146 2674 4212 statibus
2747 4144 2995 4210 sanctis

886 4265 1023 4311 non
1066 4251 1536 4332 praesumerent
1593 4247 1674 4312 de
1739 4248 1846 4314 his
1911 4271 2060 4337 quae
2124 4249 2430 4336 perficere
2497 4270 2635 4314 non
2677 4249 2993 4313 valerent⁴

888 4349 1021 4418 Sed
1066 4354 1292 4416 tamen
1334 4350 1637 4417 videmus
1680 4371 1906 4419 omnes
1949 4357 2166 4419 status
2227 4351 2427 4418 nimis
2493 4357 2832 4440 corruptos
2889 4349 2994 4416 his

1080 4595 1408 4604 -------.--.....
1476 4597 1484 4602 υ
1529 4597 1577 4602 --.-
1623 4597 1698 4604 .-.-.
1729 4597 1746 4602 -
1828 4595 2172 4603 .—---—..-.——-.-.
2232 4597 2309 4602 .—-
2336 4597 2373 4603 —.
2433 4595 2525 4602 .--ι
2554 4593 2985 4605 -ωᾉ--ὐ--ι-μ-ψ-

1418 4768 1433 4798 ¹
1459 4766 1543 4818 De
1564 4767 1808 4819 Doctrina
1841 4767 2153 4836 Christiana]
2181 4767 2231 4821 ii.
2260 4771 2373 4823 13ae
