3517 5750
851 841 981 905 238
1588 854 1850 904 Roonm
1895 852 2188 905 mooms
2778 842 2954 929 [mr.

846 1032 1091 1109 solaris,
1144 1030 1330 1117 quasi
1376 1030 1744 1118 epi-aucta,
1797 1030 1922 1096 hoc
1959 1036 2078 1107 est,
2141 1036 2838 1125 super-augmentata3
2883 1037 2954 1100 et

846 1156 965 1223 per
1009 1135 1157 1201 illos
1202 1134 1507 1201 undecim
1554 1134 1696 1199 dies
1748 1133 2118 1220 majoratur
2165 1138 2330 1201 aetes
2387 1134 2567 1201 lunae
2613 1135 2686 1201 in
2737 1137 2952 1224 primo

849 1238 955 1304 die
986 1238 1325 1324 sequentis
1352 1236 1531 1315 anni,
1558 1242 1629 1303 et
1672 1258 1793 1323 per
1835 1236 2101 1302 eosdem
2147 1235 2332 1303 dies¹
2379 1237 2747 1323 majoratur
2789 1244 2954 1305 aetas

844 1340 1021 1407 lunae
1066 1340 1137 1405 in
1182 1338 1506 1427 principio
1551 1338 1906 1425 cujuslibet
1955 1339 2200 1405 mensis
2261 1340 2476 1407 futuri
2537 1342 2698 1407 anni
2756 1363 2952 1428 super

844 1448 1111 1509 aetatem
1184 1462 1373 1509 suam
1446 1441 1521 1507 in
1587 1440 1914 1528 principio
1975 1440 2330 1528 cujuslibet
2391 1443 2640 1509 mensis
2714 1446 2950 1531 prioris

844 1545 1018 1611 anni.
1110 1544 1201 1611 Et
1252 1544 1412 1630 quia
1474 1543 1854 1630 hujusmodi
1917 1564 2168 1610 errores
2229 1545 2647 1633 contingunt,
2694 1566 2953 1613 necesse

844 1654 945 1715 est
1020 1652 1100 1713 ut
1172 1653 1335 1715 setas
1409 1647 1587 1713 lunae
1664 1668 1827 1713 vera
1901 1650 2244 1732 quaeratur
2303 1647 2503 1713 aliter
2568 1668 2770 1734 quam
2832 1671 2952 1736 per

844 1750 1223 1838 hujusmodi
1284 1748 1521 1837 cyclos,
1611 1748 1705 1815 Et
1767 1749 2135 1816 remedium
2197 1750 2428 1817 horum
2493 1752 2792 1820 omnium
2852 1758 2954 1818 est

842 1855 1019 1941 quod
1062 1874 1405 1941 possumus
1448 1873 1832 1940 cognoscere
1861 1852 2326 1939 primationem
2370 1852 2549 1920 lunae
2591 1854 2952 1921 secundum

843 1959 1197 2026 veritatem
1240 1954 1766 2037 astronomicam,
1801 1955 1860 2021 si
1888 1954 2336 2023 inveniremus
2380 1962 2680 2045 tempora
2723 1978 2948 2023 secun·

844 2062 1003 2127 dum
1079 2080 1287 2127 annos
1362 2063 1433 2125 et
1505 2078 1764 2123 menses
1839 2056 2158 2123 Arabum.
2252 2057 2429 2139 Quia
2493 2060 2743 2146 primus
2811 2060 2952 2125 dies

842 2164 1191 2251 cujuslibet
1236 2161 1479 2227 mensis
1522 2159 1822 2227 Arabum
1887 2166 1989 2227 est
2051 2161 2193 2227 dies
2253 2161 2738 2248 conjunctionis
2795 2162 2952 2228 solis

842 2274 911 2333 et
954 2268 1129 2334 lunae
1196 2265 1553 2333 secundum
1616 2284 1846 2330 eorum
1909 2264 2252 2351 utriusque
2313 2286 2575 2332 cursum
2638 2265 2946 2333 medium.

845 2370 1043 2437 Unde
1117 2370 1176 2435 si
1250 2368 1429 2435 diem
1503 2367 1679 2433 hunc
1740 2366 2050 2434 volumus
2125 2367 2342 2433 dicere
2415 2368 2702 2454 primum
2770 2368 2944 2435 diem

841 2474 1061 2540 aetatis
1135 2473 1331 2552 lunae,
1396 2474 1559 2536 tunc
1632 2468 1916 2557 cognitis
1989 2470 2206 2536 initiis
2279 2471 2626 2551 mensium,
2682 2492 2947 2558 cognos-

840 2582 1081 2642 cuntur
1124 2574 1327 2639 initia
1366 2571 1862 2661 primationum.
1957 2571 2154 2653 Quod
2199 2572 2256 2637 si
2301 2572 2584 2638 velimus
2643 2574 2949 2640 inchoare

840 2678 1266 2765 primationes
1341 2680 1599 2743 nostras
1671 2674 1888 2762 prima
1955 2674 2064 2741 die
2126 2673 2400 2741 visionis
2475 2676 2668 2754 lunae,
2738 2676 2846 2743 vel
2907 2699 2948 2743 a

840 2781 1137 2859 secunda,
1185 2778 1295 2845 vel
1355 2800 1397 2843 a
1460 2778 1679 2859 tertia,
1744 2776 2137 2863 incipiemus
2199 2778 2628 2863 primationes
2689 2783 2948 2845 nostrus

838 2883 1195 2950 secundum
1240 2881 1379 2963 hoc,
1436 2887 1507 2948 et
1549 2881 1978 2968 procedemus
2063 2880 2481 2948 uniformiter
2541 2883 2615 2948 in
2681 2903 2946 2970 compu-

838 2987 1091 3053 tatione
1153 2984 1589 3062 lunationum,
1638 2988 1707 3049 et
1750 3003 1888 3048 non
1932 2983 2282 3070 proveniet
2326 2984 2521 3050 nobis
2563 3005 2758 3051 error.
2853 2985 2946 3051 Et

838 3089 997 3176 quia
1070 3087 1344 3154 scientia
1418 3107 1744 3153 annorum
1819 3085 2122 3152 Arabum
2198 3091 2268 3152 et
2339 3087 2538 3153 initia
2620 3088 2946 3154 mensium

836 3212 1061 3257 eorum
1108 3189 1297 3256 dabit
1327 3209 1555 3256 veram
1600 3187 2044 3276 cognitionem
2087 3189 2578 3275 primationum,
2619 3190 2770 3256 ideo
2812 3213 2949 3257 non

836 3299 1099 3383 oportet
1140 3292 1270 3358 nisi
1314 3311 1643 3359 recurrere
1688 3290 1776 3356 ad
1820 3290 2084 3357 tabulas
2146 3295 2217 3357 et
2283 3313 2562 3359 canones
2623 3314 2946 3360 annorum

836 3402 906 3465 et
978 3397 1303 3464 mensium
1364 3395 1685 3472 Arabum,
1752 3398 1823 3460 et
1889 3393 2250 3460 secundum
2316 3393 2478 3460 hoc²
2553 3395 2943 3479 doctrinam,

836 3523 985 3588 quse
1030 3500 1308 3588 vulgata
1350 3501 1452 3564 est
1496 3497 1675 3585 apud
1716 3502 2128 3563 astronomos
2197 3495 2478 3563 Latinos
2545 3503 2616 3564 et
2681 3498 2945 3565 Arabes.

838 3605 911 3670 Si
956 3609 1183 3670 tamen
1227 3602 1511 3668 velimus
1556 3599 1690 3664 alia.
1734 3599 1849 3664 via
1897 3597 2266 3686 procedere,
2311 3619 2658 3686 possumus
2716 3601 2944 3668 eadem

834 3705 1249 3785 certitudine,
1282 3703 1397 3769 sed
1439 3702 1671 3787 majori
1698 3700 2096 3768 auctoritate
2135 3699 2413 3787 probare
2443 3723 2591 3789 quae
2619 3704 2942 3786 volumuS,

836 3809 1085 3873 scilicet
1156 3827 1276 3892 per
1334 3803 1599 3870 tabulas
1660 3803 2059 3879 Graecorum,
2123 3801 2230 3870 et⁸
2272 3805 2559 3871 maxime
2627 3805 2942 3875 Hebraeo-

835 3933 999 3974 rum.
1090 3907 1271 3973 Nam
1315 3927 1358 3972 a
1399 3906 1721 3993 principio
1788 3905 2060 3972 Hebraei
2123 3905 2400 3973 fuerunt
2443 3907 2826 3994 peritissimi
2869 3911 2943 3975 in

835 4011 1161 4099 sapientia
1203 4008 1669 4076 astronomiae!
1760 4009 1854 4074 Et
1899 4030 2126 4074 omnes
2169 4010 2472 4076 nationes
2516 4009 2894 4079 habuerunt
2913 4011 2944 4050 ⁵

836 4115 1013 4179 lianc
1058 4111 1400 4178 scientiam
1444 4111 1617 4178 sicut
1662 4115 1932 4178 caeteras
1977 4112 2062 4177 ab
2108 4112 2220 4190 eis,
2283 4111 2459 4178 sicut
2522 4113 2806 4199 probavi
2865 4116 2938 4180 in

834 4214 1293 4303 superior-ibae.
1416 4213 1509 4279 Et
1598 4213 1747 4280 ideo
1838 4214 1895 4279 si
1985 4215 2132 4300 quis
2221 4214 2590 4281 consideret
2677 4217 2940 4283 tabulas

900 4539 913 4569 ¹
938 4533 1067 4601 dies]
1105 4548 1204 4585 om.
1229 4531 1290 4584 Τ.
2002 4527 2021 4556 ⁴
2065 4527 2313 4592 sapientia
2333 4527 2660 4593 atvonom'oe]
2715 4536 2939 4582 asu-<mo-

896 4619 917 4648 ¹
938 4613 1190 4666 secundm
1233 4611 1347 4678 hoc]
1399 4610 1495 4660 hoc
1544 4608 1836 4669 secundum,
1932 4606 2050 4666 min,
2067 4613 2118 4656 et
2138 4605 2385 4672 sapientia
2399 4607 2637 4668 ejmdem,
2657 4607 2718 4658 Β.

832 4697 881 4748 ¹1·
1998 4686 2020 4717 ⁸
2039 4683 2336 4751 babuerunt]
2376 4701 2473 4736 om.
2511 4685 2607 4744 T.;
2667 4688 2936 4754 supplying

883 4733 919 4805 ‘.
938 4773 1011 4838 ee]
1049 4773 1149 4832 aea,
1172 4770 1234 4820 r.
1931 4763 1986 4813 in
2003 4763 2090 4814 the
2109 4763 2312 4830 margin
2335 4767 2366 4794 ε·
2381 4763 2712 4818 didime-
