3517 5750
568 860 737 951 κη]
1378 876 1549 927 orus
1593 877 1916 929 mmmm,
2548 868 2668 933 141

570 1056 789 1117 motus
834 1052 1192 1117 seeundum
1259 1050 1560 1138 speeiem,
1624 1057 1693 1118 et
1752 1074 1926 1117 unus
1983 1052 2177 1120 loeus.
2270 1052 2448 1140 Ergo
2507 1056 2678 1121 sieut

569 1154 717 1220 duae
760 1152 971 1241 glebae
1014 1154 1211 1220 istius
1257 1159 1453 1220 terrae
1497 1154 1747 1219 habent
1806 1158 2064 1220 motum
2125 1156 2530 1222 consimilem
2590 1157 2678 1223 ad

566 1261 866 1321 centrum
910 1256 1109 1342 hujus
1150 1256 1401 1334 mundi,
1450 1256 1543 1322 sie
1586 1257 1738 1323 duae
1800 1261 1996 1323 terrae
2057 1256 2340 1323 duorum
2399 1260 2680 1326 mundo-

566 1381 715 1423 rum
759 1364 938 1424 natae
984 1364 1201 1424 essent
1244 1378 1505 1424 movere
1552 1358 1638 1425 ad
1683 1363 1984 1425 centrum
2033 1360 2379 1449 utriusque
2427 1363 2676 1428 mundi.

570 1461 703 1527 Sed
766 1462 889 1527 hoe
952 1482 1087 1525 non
1150 1468 1369 1547 posset
1427 1460 1588 1542 fieri,
1644 1460 1776 1527 nisi
1839 1467 2017 1527 terra
2067 1468 2228 1550 apta
2287 1469 2450 1531 nata
2511 1470 2679 1531 esset

568 1568 911 1651 penetrare
955 1584 1147 1628 suum
1192 1562 1559 1643 muudum,¹
1606 1566 1686 1627 ut
1730 1562 2036 1629 tenderet
2066 1564 2138 1629 in
2167 1570 2470 1633 centrum
2514 1567 2677 1632 alte·

568 1666 705 1731 rius
753 1666 999 1745 mundi,
1048 1671 1119 1732 et
1162 1664 1285 1731 hoe
1328 1686 1465 1729 non
1508 1664 1699 1731 fieret
1740 1665 1874 1730 nisi
1917 1672 2098 1733 terra
2128 1672 2287 1755 apta
2317 1672 2477 1735 nata
2508 1676 2678 1737 esset

568 1789 824 1833 sursum
870 1789 912 1832 a
954 1770 1179 1833 eentro
1209 1765 1471 1833 elevas-i.
1564 1766 1697 1832 Sed
1740 1767 1884 1834 haee
1900 1767 1928 1806 ⁹
1957 1768 2264 1855 aptitudo
2293 1792 2428 1835 non
2459 1776 2680 1857 potest

570 1892 706 1936 aese
734 1870 807 1935 in
837 1876 1049 1949 terra3
1093 1890 1295 1955 quare
1325 1890 1460 1935 non
1504 1873 1722 1957 potest
1767 1870 1902 1935 alia
1945 1875 2122 1937 terra
2165 1894 2326 1952 esse,
2355 1894 2477 1939 nee
2506 1875 2676 1943 alius

574 1973 875 2038 mundus.

662 2074 765 2141 De
822 2074 1087 2141 finitate
1150 2073 1385 2139 mundi
1444 2075 1585 2160 ipse
1644 2074 1836 2161 ponit
1905 2075 2326 2141 manifestas³
2385 2076 2676 2145 rationes
2703 2076 2836 2154 'na-u
2857 2076 2896 2129 ³²
2918 2076 2961 2129 is

570 2177 1012 2263 geometricas,
1108 2174 1240 2241 Sed
1286 2176 1489 2242 tertia
1524 2176 1998 2242 demonstratio
2045 2200 2193 2263 quae
2236 2179 2415 2245 faeta
2454 2184 2554 2245 est
2595 2180 2677 2246 de
2702 2143 2854 2194 Μεθ’

573 2280 835 2346 finitate
896 2278 1195 2345 materiae
1258 2282 1361 2345 est
1427 2278 1659 2344 melior
1726 2278 2031 2344 omnibus
2097 2280 2464 2347 rationibus
2526 2282 2678 2360 saie,

572 2382 873 2468 quamvis
916 2403 1064 2446 eam
1114 2402 1251 2445 non
1297 2384 1520 2467 ponat.
1610 2378 1704 2445 Et
1750 2381 1912 2466 quia.
1964 2380 2070 2448 hie
2117 2382 2490 2449 evidentior
2535 2390 2638 2450 est
2655 2384 2682 2423 ⁴

572 2505 769 2570 quam
814 2482 969 2548 ubi⁵
1012 2483 1094 2548 ‹le
1138 2482 1423 2549 materia
1466 2480 1736 2568 agitur‚⁶
1779 2481 1928 2548 ideo
1973 2488 2241 2570 propter
2283 2484 2680 2571 planiorem⁷

571 2585 981 2652 intellectum
1009 2582 1322 2664 illorum,⁸
1352 2605 1499 2670 quae
1538 2584 1621 2649 de
1661 2586 1944 2651 materia
1973 2585 2151 2653 dieta
2181 2592 2341 2654 sunt
2369 2588 2440 2653 in
2471 2587 2683 2677 Opere

574 2688 831 2773 Majori,
876 2710 1116 2775 ponem
1178 2687 1289 2753 hie
1356 2687 1567 2773 ipsam
1643 2686 2286 2755 demonstrationem.
2395 2690 2486 2756 Et
2545 2712 2682 2758 non

572 2790 782 2857 solum
847 2794 1114 2880 propter
1179 2789 1319 2869 hoe,
1380 2788 1495 2854 sed
1562 2788 1747 2853 utilis
1807 2794 1908 2855 est
1965 2790 2053 2855 ad
2111 2792 2540 2879 quaestionem
2600 2794 2680 2861 de

574 2895 947 2961 aeternitate
1022 2898 1243 2959 motus
1302 2898 1373 2958 et
1438 2891 1689 2958 mundi.
1781 2891 1960 2960 Nam
2027 2893 2124 2962 ibi
2191 2895 2393 2966 habet
2466 2898 2679 2965 locum

574 3019 767 3064 suum
812 2997 985 3062 sieut
1027 2995 1149 3061 hie.

666 3098 741 3167 Si
794 3100 1001 3186 igitur
1052 3097 1343 3164 mundus
1400 3097 1802 3163 extendatur
1852 3097 1924 3162 in
1975 3097 2314 3166 infinitum
2367 3104 2676 3189 undique,

574 3202 853 3268 dueatur
898 3201 1073 3266 linea
1114 3217 1165 3265 D
1202 3216 1259 3278 Β,
1308 3215 1355 3264 A
1401 3217 1459 3279 e,
1504 3221 1591 3266 ex
1634 3205 1918 3296 utraque
1973 3207 2161 3287 parte
2205 3203 2278 3268 in
2323 3203 2678 3284 infinitum,

574 3309 644 3369 et
686 3305 1033 3391 signentur
1078 3306 1363 3388 quatuor
1406 3307 1655 3388 puncta
1706 3317 1772 3377 D,
1807 3319 1865 3378 Β,
1899 3317 1964 3378 A,
1997 3317 2050 3367 c,
2145 3303 2428 3370 Planum
2473 3307 2682 3391 igitur

572 3413 673 3472 est
718 3405 895 3492 quod
943 3421 991 3470 A
1038 3422 1082 3469 Β
1130 3421 1179 3469 D
1224 3403 1402 3470 linea
1460 3404 1655 3469 vadit
1714 3407 1790 3469 in
1849 3405 2188 3468 infinitum
2249 3425 2333 3468 ex
2393 3411 2578 3490 parte
2638 3425 2682 3472 Β

573 3515 643 3574 et
700 3525 768 3587 D,
831 3519 897 3574 et
956 3522 1003 3572 A
1021 3525 1063 3572 c
1105 3509 1281 3572 linea
1324 3527 1409 3572 ex
1473 3515 1661 3593 parte
1707 3523 1767 3587 ο,
1815 3513 1885 3571 et
1943 3511 2102 3570 sunt
2161 3505 2460 3592 aequales,
2525 3509 2683 3593 quia

574 3609 909 3676 infinitum
964 3615 1065 3675 est
1108 3607 1363 3695 {equale
1422 3606 1703 3674 infinito.
1797 3607 2122 3674 Similiter
2167 3624 2210 3672 Β
2239 3624 2290 3672 D
2342 3607 2518 3674 linea
2567 3631 2684 3675 va.-

574 3713 677 3778 dit
735 3713 807 3776 in
868 3712 1226 3790 infinitum,
1281 3717 1351 3777 et
1406 3727 1449 3774 Β
1492 3726 1540 3775 A
1584 3727 1625 3774 c
1685 3709 1864 3775 linea
1921 3709 2242 3788 similiter,
2307 3732 2462 3798 ergo
2521 3719 2682 3780 sunt

576 3815 868 3902 aequnles.
960 3813 1089 3880 Sed
1122 3828 1297 3877 BAc
1324 3813 1501 3878 linea
1544 3817 1645 3878 est
1688 3813 1900 3898 major
1943 3828 1990 3877 A
2032 3828 2072 3878 c
2117 3813 2292 3880 linea
2320 3835 2437 3900 per
2472 3837 2680 3901 quan-

572 3917 837 3983 titatem
892 3933 940 3982 A
972 3933 1053 3982 B:
1103 3937 1257 4003 ergo
1305 3915 1423 3979 illa
1484 3913 1731 3997 eadem,
1791 3915 2037 3982 scilieet
2097 3933 2139 3980 Β
2168 3933 2215 3982 A
2245 3932 2288 3982 e
2337 3917 2529 4000 linea,
2580 3927 2680 3986 est

576 4020 787 4106 major
829 4020 892 4084 ei
936 4017 1195 4103 aequali,
1228 4016 1477 4083 scilieet
1520 4031 1700 4081 ABD
1746 4017 1938 4083 linea.
2031 4017 2164 4084 Sed
2203 4019 2259 4084 si
2306 4037 2472 4086 BAc
2506 4021 2681 4088 linea.

574 4129 675 4189 est
734 4121 945 4207 major
990 4142 1188 4206 quam
1247 4135 1295 4184 A
1315 4135 1423 4183 BD
1476 4118 1672 4198 linea;
1719 4141 1876 4206 ergo
1935 4121 2205 4206 aequalis
2257 4138 2299 4186 Β
2321 4140 2366 4187 A
2389 4139 2430 4188 c
2487 4124 2679 4191 lineae

572 4225 701 4290 erit
759 4224 970 4310 major
1012 4243 1212 4308 quam
1257 4237 1304 4286 A
1322 4237 1432 4285 BD
1484 4221 1675 4286 linea.
1769 4221 1904 4287 Sed
1955 4223 2228 4310 aequalis
2271 4241 2376 4288 BA
2397 4242 2437 4288 c
2487 4226 2678 4292 lineae

574 4332 677 4392 est
740 4341 893 4407 1393
956 4345 1113 4412 ergo
1160 4340 1270 4389 BD
1329 4323 1509 4388 linea
1561 4329 1661 4390 est
1722 4323 1936 4410 major
1993 4345 2192 4410 quam
2237 4341 2412 4390 ABD
2459 4326 2676 4405 linea3

608 4481 852 4488 ---..-.—
957 4481 972 4486 ..
1015 4477 2557 4486 --——-——.——-————————-——-—-————————-——-——--——-—-
2637 4481 2675 4490 ,-

642 4556 657 4586 ¹
681 4571 817 4605 uun
838 4553 1088 4619 mundun]
1116 4553 1269 4604 finem
1292 4553 1481 4614 mundi,
1506 4551 1567 4603 T.
1738 4553 1758 4580 ⁸
1779 4549 1888 4615 uhu]
1926 4565 2024 4600 om.
2058 4550 2119 4600 B.
2143 4551 2202 4601 L.

639 4636 661 4664 ²
680 4633 808 4700 Ιιωσ]
845 4647 947 4686 om.
980 4631 1043 4685 Τ.
1738 4628 1759 4657 ⁰
1779 4626 1968 4694 agitur]
2007 4641 2106 4679 om.
2139 4627 2199 4679 B.
2221 4627 2284 4680 L.

639 4712 659 4743 ⁸
679 4711 989 4804 munifex-tat]
1026 4710 1222 4774 multas,
1254 4711 1315 4761 B.
1350 4709 1409 4761 1..
1616 4709 1634 4852 Ι
1741 4707 1764 4816 ἰ
1775 4703 2070 4798 qlambrem]
2108 4706 2394 4770 pleniorem,
2428 4707 2491 4760 T.

644 4794 661 4823 ⁴
682 4790 945 4842 enucleatum·
976 4790 1071 4858 est]
1108 4799 1197 4852 eut,
1231 4805 1331 4852 om,
1364 4788 1426 4840 T.
1787 4782 1997 4850 ιΙΙω-υηι]
2034 4799 2223 4850 eorum,
2255 4785 2314 4838 L.
2350 4787 2414 4839 T.
