3517 5750
531 867 660 956 1x.]
1203 877 1662 932 consumuat
1707 879 1963 932 sumn.
2500 866 2631 932 499

525 1069 707 1137 Nem
759 1067 1000 1136 dicitur
1039 1089 1088 1155 y
1133 1065 1453 1146 Graecum,
1497 1067 1658 1153 quia
1703 1067 1931 1134 Latini
1992 1067 2291 1135 scribunt
2332 1066 2473 1134 sols
2512 1089 2633 1134 no-

525 1173 709 1239 mina
756 1171 986 1239 Graeca.
1034 1191 1152 1257 per
1197 1169 1368 1237 hanc
1417 1169 1718 1258 figuram.
1812 1169 1991 1236 Nam
2040 1168 2411 1236 Priscianus
2471 1170 2635 1237 dicit

525 1275 705 1362 quod
750 1273 975 1341 Latini
1018 1295 1155 1339 non
1199 1272 1444 1340 debent
1485 1273 1766 1340 scribere
1814 1272 2085 1339 Latinas
2132 1271 2469 1354 dictioneS,
2511 1295 2633 1340 nec

525 1377 690 1444 alias
761 1377 894 1442 nisi
969 1375 1246 1457 Graecas,
1314 1397 1434 1462 per
1505 1373 1692 1444 hanc.
1816 1374 1909 1442 Et
1972 1374 2131 1442 licet
2200 1375 2629 1463 Pythagoras,

529 1480 812 1562 Graecus,
855 1478 1118 1545 invenit
1182 1478 1354 1544 hanc
1395 1478 1695 1566 figuram,
1755 1482 1984 1544 tamen
2042 1477 2173 1543 fuit
2215 1477 2637 1566 philosophus

527 1582 762 1663 Italiae,
823 1587 904 1648 ut
968 1581 1200 1648 dicunt
1265 1581 1605 1662 historiae;
1680 1586 1749 1646 et
1815 1579 2209 1646 Aristoteles
2283 1581 2435 1647 vult
2509 1581 2636 1647 hoc

524 1687 740 1772 primo
779 1683 1252 1771 Metaphysicse
1277 1682 1326 1764 3¹
1358 1689 1428 1749 et
1473 1682 1620 1750 ideo
1665 1682 1807 1750 haec
1849 1681 2065 1770 figura
2104 1681 2357 1750 Italicis
2401 1687 2471 1750 et
2510 1683 2635 1749 Le,-

526 1787 688 1854 tinis
737 1787 898 1854 deta
948 1791 1064 1866 est,
1097 1808 1216 1873 pro
1269 1785 1517 1852 Graecis
1578 1790 1811 1852 temen
1874 1785 2227 1852 vocabulis.
2316 1783 2637 1852 Similiter

527 1890 775 1957 habent
823 1888 1036 1956 Graeci
1086 1889 1334 1976 duplex
1380 1909 1436 1970 0,
1487 1887 1732 1956 scilicet
1790 1887 2007 1969 breve,
2053 1893 2134 1954 ut
2193 1887 2519 1968 mnioron,
2566 1893 2637 1954 et

526 1995 814 2083 longum,
861 1999 944 2059 ut
987 2013 1234 2079 omeya.
1325 1990 1458 2058 Sed
1505 1991 1733 2058 Latini
1784 2012 2041 2078 semper
2082 2012 2201 2078 pro
2248 1991 2355 2058 ‘ita
2399 1996 2637 2058 sonant

528 2119 579 2178 e,
627 2103 706 2163 et
739 2100 983 2163 vocant
1041 2117 1075 2161 e
1135 2095 1426 2182 longum,
1472 2099 1550 2161 ut
1595 2097 1785 2181 patet
1847 2115 1934 2159 ex
1992 2093 2361 2181 alphabeto.
2454 2092 2635 2159 Nam

531 2199 794 2266 Graecus
867 2197 1030 2264 dicit
1105 2197 1535 2264 Pentecosten
1608 2194 1775 2262 tiam
1809 2221 1827 2278 3
1916 2196 2031 2262 sed
2108 2195 2385 2262 Latinus
2470 2195 2638 2263 dicit

527 2301 914 2368 Pentecoste
977 2299 1186 2381 tiebe3
1256 2304 1327 2366 et
1391 2298 1542 2364 ideo
1603 2299 1942 2365 aestimant
2009 2297 2235 2364 Latini
2295 2298 2473 2384 quod
2528 2298 2637 2366 ita

524 2405 729 2471 fuerit
786 2427 819 2472 e
879 2404 1154 2491 longum
1217 2401 1397 2489 apud
1453 2401 1756 2481 Graecos3
1831 2402 2009 2488 quod
2076 2401 2467 2468 confirmant
2516 2423 2637 2488 per

527 2507 666 2588 hoc,
742 2506 919 2594 quod
1006 2505 1219 2592 primo
1311 2523 1447 2570 non
1543 2502 1922 2570 habuerunt
2016 2503 2148 2570 nisi
2224 2527 2258 2570 e
2332 2503 2636 2590 quintam

527 2610 805 2690 literam,
859 2629 1009 2695 quse
1071 2607 1206 2673 fuit
1263 2605 1646 2672 indifferens
1711 2607 1799 2672 ad
1841 2605 2110 2694 longum
2170 2610 2243 2671 et
2306 2607 2506 2673 breve
2558 2627 2637 2686 ος

530 2718 599 2778 et
657 2716 888 2799 postea
960 2711 1361 2776 invenerunt
1419 2708 1544 2790 ita,
1618 2715 1687 2775 et
1745 2709 2067 2774 remansit
2127 2709 2364 2794 quinta
2442 2708 2637 2774 litera

529 2835 784 2902 semper
838 2813 1074 2880 brevis.
1167 2811 1258 2879 Et
1332 2811 1455 2877 hoc
1515 2810 1752 2878 recitat
1812 2809 2224 2878 Priscianus⁸
2290 2811 2363 2877 in
2421 2812 2637 2900 primo

527 2917 714 2983 libro.
805 2916 940 2984 Sed
977 2916 1131 2982 licet
1170 2916 1262 2981 sic
1305 2914 1523 2981 fuerat
1569 2914 1748 3001 apud
1797 2913 2143 3001 [Graecos]‚
2190 2920 2417 2981 tamen
2459 2922 2637 3003 post-

529 3042 726 3107 quam
785 3040 819 3085 e
877 3018 1194 3085 remansit
1243 3018 1465 3098 breve,
1541 3038 1885 3103 nunquam
1966 3022 2192 3083 tamen
2259 3017 2638 3085 habuerunt

528 3143 562 3188 e
589 3121 875 3210 longum,
907 3122 1022 3187 sed
1065 3142 1318 3207 semper
1361 3119 1490 3186 fuit
1533 3117 1656 3200 ita,
1687 3119 1760 3186 id
1790 3124 1893 3185 est
1935 3120 2225 3205 longum,
2257 3126 2338 3186 ut
2380 3122 2453 3185 in
2498 3142 2635 3187 om-

528 3224 724 3290 nibus
783 3223 1120 3311 seripturis
1174 3222 1548 3289 Graecorum
1607 3222 1960 3288 invenitur.
2051 3221 2273 3309 Alphe.
2318 3243 2475 3288 vero
2535 3228 2635 3289 est

526 3326 948 3406 indifferens3
1001 3331 1070 3391 et
1132 3326 1224 3391 sic
1268 3304 1519 3390 habent
1563 3330 1815 3412 septem
1861 3323 2118 3390 vocales
2178 3329 2501 3409 quantum
2544 3324 2633 3390 ad

528 3428 771 3517 figuras
815 3428 1121 3507 diversas,
1167 3426 1282 3493 sed
1341 3432 1624 3512 quatuor
1684 3430 1949 3492 tantum
2008 3426 2259 3491 habent
2306 3432 2630 3511 quantum

528 3532 614 3597 ad
664 3530 940 3595 formam
999 3528 1444 3617 principalem,
1493 3531 1574 3593 ut
1619 3550 1682 3608 a,
1733 3550 1783 3605 e,
1828 3525 1877 3605 i,
1930 3548 2011 3609 03
2056 3528 2303 3613 triplex
2345 3528 2380 3595 i
2424 3550 2629 3615 quan-

528 3639 672 3699 tum
723 3632 809 3698 ad
853 3653 1086 3697 sonum
1131 3630 1613 3711 accidentalem,
1665 3634 1748 3695 ut
1792 3630 1955 3711 dixi,
2000 3635 2069 3695 et
2115 3628 2526 3717 duplicatum
2573 3651 2629 3711 0,

525 3738 607 3800 ut
649 3734 788 3800 sint
831 3739 1095 3821 septem.
1187 3732 1345 3799 Non
1405 3733 1655 3799 habent
1706 3739 1931 3798 autem
1982 3734 2289 3817 quintum
2338 3754 2393 3799 u
2439 3754 2629 3800 voca-

526 3836 656 3903 lem
715 3858 834 3924 per
891 3838 1172 3923 figuram
1228 3834 1578 3922 alphabeti,
1627 3842 1696 3901 et
1738 3834 1889 3901 ideo
1934 3856 2071 3901 non
2110 3836 2382 3922 ponitur
2423 3836 2497 3903 in
2539 3838 2635 3903 al-

525 3938 850 4026 phabet03
918 3937 1033 4004 sed
1081 3938 1336 4004 addunt
1379 3938 1594 4025 ypsilo
1639 3938 1726 4003 ad
1778 3937 2085 4018 omicron,
2132 3938 2225 4004 sic
2277 3964 2357 4018 ου,
2404 3942 2475 4005 et
2516 3962 2635 4027 per

524 4041 648 4109 hoc
690 4040 940 4108 habent
989 4062 1224 4107 sonum
1274 4039 1471 4126 hujus
1519 4040 1764 4106 vocalis
1815 4057 1885 4107 α.
1978 4040 2425 4109 Consonantes
2475 4063 2634 4110 vero
2659 4048 2847 4101 Conso-

527 4142 902 4210 Graecorum
931 4142 1248 4209 differunt
1275 4163 1318 4207 a
1352 4142 1862 4209 consonantibus
1892 4142 2279 4210 Latinorum
2318 4146 2491 4211 sicut
2518 4167 2634 4211 vo-
2656 4123 2820 4167 ”⁸¹³²

525 4246 734 4327 cales3
793 4268 947 4311 nam
991 4266 1128 4311 non
1169 4245 1415 4310 habent
1461 4266 1694 4311 sonum
1738 4245 1937 4331 hujus
1982 4246 2191 4313 literae
2243 4270 2287 4313 v
2343 4247 2475 4311 nisi
2517 4247 2637 4312 ali-

527 4350 790 4435 quando
817 4350 892 4413 in
921 4370 1074 4415 casu
1101 4370 1265 4429 rare,
1299 4351 1367 4413 et
1410 4347 1552 4413 haec
1594 4367 1729 4412 non
1773 4370 1891 4435 per
1934 4348 2102 4415 hanc
2144 4350 2425 4436 figuram
2468 4348 2633 4431 vita,

525 4451 640 4516 sed
683 4474 801 4538 per
843 4450 925 4539 pi
993 4473 1198 4537 quum
1263 4450 1560 4537 sequitur
1602 4450 1710 4517 mi
1752 4451 1863 4515 vel
1908 4450 2011 4531 π’ἱ,
2058 4458 2138 4518 ut
2182 4452 2255 4515 in
2314 4471 2432 4516 suo
2493 4451 2633 4517 loco

523 4553 793 4619 dicetur.
885 4552 989 4619 Ut
1053 4553 1200 4620 vita
1261 4553 1438 4618 enim
1497 4558 1690 4619 sonat
1749 4575 2002 4641 semper
2058 4576 2101 4619 v
2152 4560 2630 4635 consonantem,

630 4730 650 4734 .-
659 4728 780 4734 -—-—
791 4728 881 4734 —--—
894 4728 1043 4735 ..ω-Ἦ...-
1054 4728 1195 4735 -.-.—
1212 4730 1351 4735 -—

591 4822 606 4853 ¹
631 4820 1012 4891 Mmphyst‘coe]
1049 4823 1084 4875 i.
1110 4828 1156 4875 5.
1550 4824 1563 4891 Ι
1686 4823 1707 4854 ²
1728 4820 2047 4889 Priscianus]
2086 4821 2196 4876 ibid
2318 4902 2361 4964 2

2191 4917 2221 4966 1
2250 4918 2279 4967 1
