3517 5750
583 3955 742 4022 ⁴tbly,
764 3959 825 4008 of

902 864 1037 943 478
1650 878 1914 933 noorai
1955 876 2254 933 sacoma
2827 864 3016 955 [car.

900 1059 1275 1147 exemplum
1332 1057 1591 1127 inducit
1642 1058 1926 1147 primam
1983 1060 2074 1125 ad
2129 1057 2733 1125 Tbeffialonioenses
2791 1059 3016 1137 tertio,

902 1171 941 1201 “
986 1162 1325 1230 Consolati
1396 1183 1641 1241 sumus,
1716 1162 1974 1243 fratrae,
2049 1161 2126 1228 in
2196 1161 2388 1227 vobis
2415 1160 2480 1243 ;''
2555 1162 2836 1229 dubium
2907 1170 3018 1230 eet

898 1272 1129 1333 utrum
1192 1288 1235 1333 ο
1298 1264 1537 1333 fintre-
1610 1266 1719 1333 vel
1787 1264 1908 1333 Ιιοο
1967 1264 2220 1345 statree,
2281 1270 2360 1331 ut
2417 1266 2516 1331 ait
2577 1266 3016 1353 Augtmtinus,

902 1370 995 1435 Et
1054 1370 1255 1437 solvit
1314 1368 1535 1435 dicens
1602 1369 1834 1436 Graeoa
1898 1368 2127 1456 lingua
2186 1368 2307 1433 hos
2367 1390 2552 1434 ossus
2615 1390 2802 1456 pares
2875 1391 3016 1435 non

896 1472 1121 1553 habet,
1162 1477 1233 1537 et
1274 1471 1425 1538 ideo
1454 1470 1571 1537 illa
1612 1471 1910 1558 inspecta
1939 1470 2336 1537 enunciatur
2361 1470 2723 1550 vooetivus,
2769 1471 2824 1538 Ο
2853 1472 3016 1558 fra-

900 1582 1048 1643 tm.
1162 1572 1297 1642 Sed
1356 1575 1443 1642 ad
1488 1572 1808 1663 Ephesios
1865 1574 2148 1641 seeundo
2193 1574 2386 1663 [10.],
2431 1574 2484 1639 I
2469 1574 2680 1661 psius
2723 1574 3016 1661 factum

898 1698 1147 1745 eumue
1174 1701 1204 1757 ,·
1264 1676 1679 1764 Augustinus
1722 1678 1798 1743 in
1841 1677 2036 1745 litera
2093 1700 2232 1745 suae
2291 1678 2746 1743 translationis
2789 1679 3011 1758 habet,

902 1779 953 1847 I
940 1779 1145 1868 peius
1188 1778 1613 1867 fiquutuan
1676 1802 1940 1847 eume.
2031 1780 2126 1849 Et
2183 1779 2452 1847 Graeeus
2517 1780 2724 1847 habet
2765 1781 2818 1847 I
2805 1780 3014 1867 psius

892 1889 1141 1971 pobma
1212 1902 1472 1951 eumue.
1580 1882 1673 1949 Et
1738 1884 1888 1951 ideo
1961 1906 2098 1951 non
2167 1888 2390 1971 potest
2463 1904 2602 1951 esse
2675 1884 3016 1949 ablativus

902 2008 1089 2055 ossus
1150 1987 1264 2053 sed
1324 1986 1798 2053 nominativus.
1899 1986 2034 2054 Sed
2091 1986 2234 2075 ipse
2293 1986 2630 2074 ignoravit
2692 1986 3016 2053 Graeoum.

904 2088 1227 2157 Similiter
1290 2087 1379 2155 ad
1454 2089 1785 2157 Romanos
1860 2090 1946 2157 vi.
2027 2086 2215 2177 [23.],
2293 2094 2332 2125 “
2362 2088 2595 2155 Gratia
2667 2089 2797 2155 Dei
2867 2091 3016 2155 vita

904 2191 1210 2259 oeterna.”
1308 2190 1543 2259 Gratia
1614 2192 1977 2259 secundum
2055 2191 2366 2259 Graecum
2441 2197 2542 2257 est
2613 2192 3016 2258 nominativi

906 2316 1111 2377 casus,
1158 2302 1229 2362 et
1272 2316 1407 2361 non
1458 2298 1679 2382 potest
1724 2316 1864 2361 esse
1923 2294 2222 2379 ablativi,
2265 2294 2420 2361 lioet
2463 2294 2864 2382 expositores
2907 2293 3018 2361 hic

906 2397 1227 2463 oberrent.
1318 2398 1433 2463 Ad
1478 2397 1806 2465 Colossen.
1851 2398 1892 2464 i.
1955 2396 2143 2484 [24.],
2203 2406 2240 2433 “
2271 2396 2560 2485 Corpore
2605 2396 2766 2482 ejus,
2839 2398 3017 2483 quod

910 2508 946 2535 “
990 2506 1093 2567 est
1148 2498 1431 2579 eeclesia,
1484 2500 1671 2585 cujus
1730 2499 1948 2567 factus
2009 2522 2158 2567 sum
2221 2522 2343 2587 ego
2403 2498 2769 2565 minister.”
2859 2500 3016 2565 Non

904 2603 1187 2669 refertur
1247 2604 1433 2689 cujus
1504 2602 1593 2668 ad
1650 2624 1898 2690 θοι-ρης,
1963 2624 2083 2669 neo
2158 2602 2246 2669 ad
2307 2602 2760 2689 Evangelium,
2840 2603 3016 2687 quod

905 2706 1251 2794 praeoessit,
1300 2706 1415 2771 sed
1482 2704 1568 2771 ad
1636 2705 1992 2787 eeclesiam,
2063 2705 2244 2792 quod
2307 2704 2382 2769 in
2431 2704 2670 2771 Latino
2740 2706 3018 2771 discerni

906 2830 1041 2876 non
1086 2814 1321 2895 potest,
1368 2809 1525 2896 quia
1570 2808 1770 2896 cujus
1815 2814 1916 2876 est
1977 2808 2190 2876 omnis
2249 2809 2544 2897 generis3
2601 2808 2716 2875 sed
2764 2830 2898 2875 non
2944 2809 3018 2873 in
3083 2856 3098 2865 .

910 2912 1151 2990 Graeoo,
1200 2913 1357 2998 quia
1398 2913 1792 3000 pronomina
1835 2913 2365 2978 diversificantur
2415 2933 2531 2999 per
2573 2933 2830 2999 genera.
2925 2913 3016 2979 Et

910 3015 981 3079 in
1032 3014 1309 3100 epistola
1352 3016 1400 3080 J
1404 3015 1551 3081 ndae
1602 3015 1791 3102 [13.]‚
1859 3023 1894 3052 “
1923 3013 2164 3082 fluctus
2209 3015 2333 3081 feri
2385 3016 2584 3082 maris
2605 3013 2664 3080 :'’
2705 3013 2856 3102 sm
2917 3023 3020 3082 est

912 3117 1361 3184 nominativus
1404 3139 1606 3196 essue,
1636 3139 1776 3184 non
1817 3117 2170 3206 genitivu&
2205 3117 2383 3204 quod
2427 3123 2612 3204 patet
2657 3119 2730 3182 in
2769 3118 3018 3196 Graeeo,

912 3221 1029 3288 sed
1070 3242 1207 3288 non
1252 3225 1469 3307 potest
1512 3221 1663 3287 seiri
1698 3244 1818 3308 per
1847 3221 2178 3288 Latinum.
2279 3219 2370 3286 Et
2399 3221 2682 3286 seeundo
2715 3219 3020 3286 Matthaei

916 3323 1061 3411 [2.],
1111 3331 1149 3362 “
1180 3324 1499 3390 Venimus
1570 3323 1844 3390 adorare
1917 3345 2069 3390 eum
2091 3322 2147 3404 ;''
2221 3323 2633 3409 praeteritum
2691 3327 2792 3388 est
2851 3323 3022 3390 sicut

913 3433 1099 3515 patet
1172 3428 1245 3492 in
1320 3427 1567 3494 Graeco.
1690 3427 1782 3492 Et
1857 3425 2296 3493 Ecclesiastioi
2377 3426 2714 3513 trigesimo
2789 3433 3020 3492 octavo

918 3529 1111 3620 [25.],
1178 3530 1579 3618 “Sapientia
1632 3529 1863 3595 scribae
1923 3529 1998 3594 in
2055 3535 2347 3616 tempore
2405 3527 2812 3594 vacuitatis?
2933 3529 3020 3593 In

914 3633 1142 3700 Graeoo
1180 3638 1385 3720 patet,
1418 3633 1595 3719 quod
1640 3631 1874 3698 soriboe
1915 3637 2018 3698 est
2059 3632 2344 3719 genitivi
2387 3653 2592 3709 cesus,
2625 3637 2694 3698 et
2735 3651 2870 3697 non
2921 3635 3024 3697 est

914 3733 1209 3802 verbum.
1330 3735 1462 3801 Sed
1536 3733 1603 3800 in
1678 3735 1922 3800 Latino
1997 3755 2132 3800 non
2205 3739 2426 3822 potest
2497 3734 2794 3812 discerni,
2874 3735 3024 3800 ideo

914 3844 1176 3924 ponunt
1216 3838 1603 3924 sapientiam
1650 3837 1727 3904 in
1769 3837 2142 3904 accusativo
2185 3859 2338 3903 cusu
2381 3843 2612 3904 oontra
2655 3837 3022 3902 veritatem.

1009 3938 1299 4018 Quartus
1340 3959 1528 4004 casus
1572 3945 1673 4005 eet
1732 3940 1999 4026 quando
2061 3961 2196 4004 una
2241 3961 2377 4006 vox
2435 3944 2656 4026 potest
2713 3961 3024 4026 apparere

916 4041 991 4106 in
1051 4041 1288 4107 latino
1348 4063 1485 4106 una
1554 4041 1779 4122 dictio,
1839 4042 1951 4108 vel
2009 4041 2245 4128 plureS,
2315 4046 2396 4107 ut
2461 4041 2775 4129 alleluya.
2891 4041 3026 4109 Sed

917 4149 1173 4212 constat
1232 4144 1437 4230 quod.
1468 4151 1629 4210 sunt
1680 4145 1830 4210 duae
1875 4145 2211 4225 dictiones,
2257 4146 2414 4230 quia
2457 4143 2670 4212 allelu
2713 4149 2814 4211 est
2873 4143 3026 4210 lau-

916 4247 1089 4328 dato,
1142 4251 1212 4314 et
1254 4269 1345 4334 ya
1408 4252 1509 4313 est
1569 4247 1767 4328 Deua,
1829 4252 1910 4313 ut
1971 4249 2136 4314 dicit
2183 4247 2664 4335 Hieronymus¹
2729 4249 2801 4312 in
2865 4247 3024 4335 Epi·

914 4353 1102 4432 stola,
1151 4351 1254 4418 De
1318 4351 1541 4417 decem
1585 4350 1966 4418 nominibus
2012 4350 2156 4429 Dei,
2213 4355 2282 4416 et
2341 4357 2530 4438 patet
2588 4352 2662 4416 in
2717 4349 3025 4428 Helu-21³0,

922 4597 1237 4607 ——-
1244 4596 2227 4608 *—.———-———-—-——-—————————
2236 4595 3026 4606 ——-—-————-————-

1602 4776 1617 4806 ¹
1642 4773 1998 4841 Hieronymus]
2035 4773 2130 4828 See
2152 4789 2201 4840 p.
2225 4779 2342 4826 235.
