3517 5750
593 862 688 949 ν]
1447 867 1807 924 nrmlx
1850 873 1897 922 1.
2562 849 2691 919 535

587 1054 762 1119 mani
771 1054 954 1120 festa..
1045 1051 1222 1118 Nam
1275 1050 1367 1116 sic
1397 1050 1698 1118 Socrates
1753 1051 2121 1130 draconem,
2168 1051 2694 1132 corrumpentem

586 1157 928 1222 civitatem
973 1162 1044 1221 et
1087 1155 1422 1242 regionem
1465 1175 1584 1220 suo
1626 1153 1927 1220 anhelitu
1970 1150 2417 1242 pestilentiali‚
2465 1149 2695 1238 depre-

587 1259 822 1326 hendit
897 1258 1181 1324 residere
1253 1255 1436 1322 intra.
1508 1257 1839 1323 montium
1912 1255 2251 1336 latibula3
2318 1253 2413 1319 sic
2488 1253 2691 1319 etiam

588 1362 806 1427 omnia
868 1383 1016 1448 quae
1075 1365 1294 1426 essent
1353 1359 1428 1424 in
1501 1359 1891 1426 civitatibus
1956 1363 2027 1424 et
2086 1355 2485 1426 exercitibus
2544 1379 2696 1422 con·

588 1465 807 1530 trariis
850 1468 1119 1551 possent
1175 1461 1262 1528 ab
1315 1461 1598 1528 inimicis
1659 1461 2078 1550 deprehendi.
2166 1460 2445 1526 Possent
2488 1459 2692 1526 etiam

585 1568 678 1632 sic
727 1567 998 1654 figurari
1051 1587 1339 1653 corpora,
1385 1570 1464 1630 ut
1507 1565 1753 1652 species
1813 1569 1883 1631 et
1933 1564 2301 1630 influentiae
2346 1584 2691 1632 venenosae

586 1675 655 1735 et
717 1669 1051 1736 infectivae
1113 1667 1506 1735 ducerentur
1587 1688 1718 1754 quo
1779 1667 1979 1734 vellet
2054 1667 2295 1750 hom03
2370 1688 2527 1732 nam
2596 1667 2691 1732 sic

586 1771 974 1839 Aristoteles
1053 1771 1267 1838 fertur
1343 1770 1638 1837 docuisse
1711 1769 2217 1849 Alexandrum3
2294 1791 2423 1857 quo
2494 1767 2690 1834 docu-

585 1881 808 1942 mento
860 1896 1192 1941 venenum
1237 1873 1537 1954 basilisci,
1586 1874 1789 1940 erecti
1834 1895 2029 1961 super
2086 1893 2349 1938 murum
2395 1871 2688 1938 civitatis

584 1983 814 2044 contra
857 1977 1234 2058 exercitum,
1273 1975 1554 2043 deduxit
1596 1975 1670 2041 in
1711 1976 1923 2064 ipsam
1962 1977 2319 2044 civitatem.
2409 1975 2688 2041 Possent

585 2081 787 2146 etiam
847 2081 939 2146 sic
996 2079 1270 2167 figurari
1326 2077 1684 2166 perspicua,
1747 2084 1827 2144 ut
1886 2078 2101 2144 omnis
2158 2077 2353 2143 homo
2427 2076 2687 2143 videret

586 2205 839 2264 aurum,
893 2187 964 2248 et
1016 2187 1384 2269 argentum,
1436 2186 1506 2247 et
1549 2180 1803 2269 lapides
1848 2182 2184 2268 pretiosos,
2246 2184 2317 2246 et
2374 2179 2688 2266 quicquid

582 2284 778 2351 homo
823 2285 1063 2367 vellet;
1116 2289 1186 2352 et
1228 2285 1600 2371 quicunque
1650 2283 1996 2350 festinaret
2043 2284 2131 2350 ad
2182 2281 2327 2350 loca
2376 2279 2681 2348 visionis¹

583 2387 753 2453 nihil
811 2386 1158 2454 inveniret.
1269 2385 1428 2452 Non
1486 2387 1696 2474 igitur
1754 2391 2015 2474 oportet
2074 2407 2193 2452 nos
2252 2385 2355 2452 uti
2416 2385 2685 2472 magicis

584 2490 998 2556 illusionibus
1059 2511 1264 2577 quum
1323 2494 1618 2577 potestas
1677 2489 2105 2578 phssoeophiae
2156 2488 2385 2554 doceat
2432 2487 2683 2575 operari

583 2593 760 2679 quod
805 2593 1092 2660 suflicit?

673 2695 806 2762 Sed
880 2697 963 2761 de
1035 2695 1524 2762 sublimioribus
1600 2695 2039 2783 potestatibus
2060 2693 2089 2733 ³
2158 2693 2489 2786 figurandi
2562 2699 2684 2776 est,
2710 2707 2943 2776 naming

583 2799 760 2886 quod
808 2798 1140 2865 ducantur
1197 2805 1268 2865 et
1324 2803 1809 2888 congregentur
1857 2798 2029 2864 radii
2080 2819 2197 2888 per
2244 2797 2461 2864 varias
2518 2798 2685 2885 figu-
2710 2775 2912 2842 3¹⁰⁸ffl·

579 2903 870 2969 rationes
913 2906 984 2969 et
1025 2902 1428 2984 reflexiones,
1474 2902 1548 2968 in
1592 2900 1775 2968 omni
1819 2901 2139 2969 distantia.
2186 2922 2318 2988 qua.
2360 2900 2683 2983 volumus,

580 3010 904 3091 quatenus
951 3004 1373 3071 comburatur
1421 3005 1734 3093 quicquid
1780 3005 1869 3071 sit
1916 3004 2294 3092 objectum3
2354 3026 2511 3071 nam
2562 3004 2687 3071 hoc

578 3112 912 3175 testantur
979 3106 1323 3197 perspicua.
1399 3107 1852 3176 comburentis.
1910 3112 2068 3175 ante
2126 3113 2195 3174 et
2253 3111 2449 3189 retro,
2512 3108 2687 3174 sicut

580 3216 878 3279 auctores
930 3212 1092 3278 certi
1135 3211 1372 3278 docent
1421 3212 1496 3277 in
1543 3210 1678 3277 suis
1727 3210 1933 3277 libris.
2023 3210 2117 3277 Et
2145 3210 2359 3297 majus
2388 3212 2685 3277 omnium

579 3314 1054 3401 figurationum
1134 3320 1206 3381 et
1285 3336 1506 3380 rerum
1578 3314 2011 3402 figuratarum
2076 3319 2193 3393 est,
2254 3318 2335 3379 ut
2394 3313 2687 3380 coelestia

581 3417 1122 3499 describerentur,
1185 3416 1544 3484 secundum
1617 3438 1771 3483 suas
1828 3415 2277 3505 longitudines
2334 3420 2405 3482 et
2448 3414 2687 3485 latitu-

580 3518 766 3587 dines
823 3520 898 3585 in
950 3521 1166 3609 figura.
1211 3518 1546 3607 corporali,
1601 3540 1736 3605 qus
1782 3524 2137 3585 moventur
2186 3523 2375 3585 motu
2427 3519 2678 3600 diurno,

579 3628 650 3689 et
705 3624 846 3690 haec
904 3624 1204 3690 valerent
1243 3644 1522 3711 regnum
1566 3642 1777 3688 unum
1816 3622 2071 3688 homini
2122 3621 2423 3709 sapienti.
2516 3621 2682 3689 Haec

579 3726 787 3812 igitur
850 3726 1180 3793 sufficiant
1247 3747 1370 3814 pro
1428 3727 1728 3812 exemplo
1804 3724 2295 3812 figurationum,
2377 3724 2681 3811 quamvis

578 3827 848 3896 infinita.
891 3828 1027 3895 alia.
1070 3828 1376 3895 miranda
1422 3828 1699 3917 proponi
1741 3834 2009 3916 possent
2066 3828 2138 3893 in
2190 3826 2497 3895 medium.

646 4177 660 4210 ¹
686 4178 906 4246 visionis]
947 4178 1200 4231 adicem
1221 4178 1441 4242 visitare,
1463 4179 1520 4234 C.
1743 4180 1765 4210 ⁸
1778 4176 2121 4247 potestatibus]
2159 4186 2392 4246 potestas,
2412 4178 2527 4233 MS.

661 4260 786 4309 'uon
818 4296 835 4312 .
869 4296 882 4310 .
915 4294 930 4311 .
954 4260 1162 4327 sufficie]
1201 4274 1298 4311 om.
1322 4258 1384 4313 C.
