3517 5750
1322 868 1497 917 orus
1539 867 1778 917 umus.
2486 852 2616 921 337

496 1042 798 1131 pulchris.
908 1040 1043 1108 Sed
1108 1040 1411 1127 quamvis
1478 1040 1569 1105 sic
1630 1040 1753 1106 fiat
1815 1040 2144 1121 electrum,
2211 1046 2453 1119 tamen,
2535 1047 2614 1106 ut

498 1146 661 1211 dicit
705 1144 973 1211 Servius
1034 1164 1231 1231 super
1274 1142 1647 1229 Virgilium,
1694 1142 1944 1230 triplex·
2002 1150 2104 1209 est
2163 1144 2407 1230 species
2453 1143 2614 1210 elec-

500 1248 667 1328 tria3
712 1269 849 1312 una
914 1246 995 1312 de
1056 1266 1258 1332 cupro
1325 1250 1405 1310 ut
1466 1266 1644 1311 nunc
1707 1244 1963 1311 dictum
2025 1249 2144 1324 est,
2194 1245 2326 1311 alia
2384 1252 2487 1312 est
2531 1247 2614 1314 de

498 1350 965 1415 commixtione
1008 1347 1419 1434 quarundam
1464 1347 1757 1434 partium
1802 1347 2064 1434 argenti
2107 1354 2178 1413 et
2221 1349 2382 1427 auri,
2415 1350 2615 1415 tertia

500 1458 601 1518 est
643 1453 812 1539 lapis
854 1472 1200 1539 gemmeus.
1295 1449 1388 1514 Et
1430 1449 1602 1515 hanc
1662 1450 2119 1515 diversitatem
2182 1472 2405 1517 omnes
2471 1473 2620 1517 auc-

498 1558 691 1634 tores,
738 1560 817 1619 ut
863 1553 1156 1619 Isidorus
1182 1550 1201 1589 ¹
1250 1556 1321 1618 et
1372 1552 1503 1632 alii,
1551 1551 1887 1639 accipiunt
1930 1574 1972 1617 a
2015 1552 2262 1619 Servio,
2358 1553 2616 1620 Plinius

499 1662 725 1722 tamen
767 1655 1020 1721 xxxvii.
1070 1652 1243 1743 [11.]
1308 1652 1655 1719 Naturalis
1700 1653 2141 1741 Philosophiae
2199 1658 2620 1742 prosequitur

498 1758 855 1823 secundum
928 1778 1136 1844 genus
1212 1754 1453 1822 electri.
1608 1755 1792 1820 Dicit
1867 1756 2043 1842 quod
2135 1757 2469 1845 colligitur
2542 1759 2615 1823 in

501 1860 735 1925 insulis
797 1858 1147 1945 Glosaphis
1206 1858 1383 1923 inter
1446 1856 1870 1922 Germaniam
1938 1863 2009 1924 et
2074 1858 2401 1945 Anguem,
2469 1882 2618 1946 quae

502 1961 817 2027 electricae
837 1959 867 1999 ²
908 1963 1233 2026 vocantur
1262 1962 1532 2045 propter
1559 1958 2040 2025 abundantiam
2070 1961 2307 2027 electri.
2400 1960 2493 2026 Et
2533 1962 2616 2027 fit

502 2084 587 2129 ex
630 2084 819 2129 succo
863 2062 1113 2128 arboris
1155 2062 1367 2149 pineae
1414 2060 1780 2126 distillante
1825 2082 1908 2126 ex
1953 2082 2032 2127 ea
2074 2062 2149 2126 in
2192 2084 2370 2128 mare
2399 2086 2416 2143 ;
2462 2064 2621 2149 quia

500 2165 765 2231 arbores
836 2164 973 2231 111ae
1040 2168 1198 2229 sunt
1264 2164 1337 2227 in
1405 2162 1774 2249 compidine
1803 2160 1830 2199 ⁸
1889 2163 2061 2229 alnei
2135 2164 2426 2247 marini3
2502 2166 2617 2250 qui

502 2288 729 2333 succus
802 2265 1186 2353 coagulatur
1251 2264 1325 2329 in
1400 2285 1631 2351 corpus
1708 2265 1990 2330 solidum
2065 2270 2137 2331 et
2209 2266 2618 2335 translucens

501 2390 618 2455 per
676 2368 997 2435 virtutem
1061 2366 1215 2433 solis
1278 2371 1348 2431 et
1408 2366 1624 2431 maris.
1715 2366 1810 2431 Et
1873 2366 2051 2452 quod
2118 2366 2434 2433 electrum
2497 2370 2618 2436 fiat

502 2492 587 2536 ex
650 2492 840 2535 succo
908 2468 1099 2534 docet
1144 2467 1399 2532 Plinius
1466 2488 1587 2554 per
1654 2468 1936 2547 odorem,
1992 2468 2150 2555 quia
2211 2470 2614 2536 consimilem

503 2572 769 2638 odorem
840 2570 1093 2636 habent
1168 2590 1393 2635 succus
1468 2568 1607 2657 ipse
1682 2576 1751 2635 et
1826 2570 2157 2636 electrum.
2272 2571 2364 2638 Et
2438 2572 2618 2639 istud

500 2674 735 2761 recipit
779 2672 1231 2738 diversitatem
1276 2672 1583 2751 colorum,
1632 2672 1943 2758 quoniam
2003 2673 2182 2738 aliud
2227 2679 2329 2739 est
2373 2674 2613 2755 album,

504 2781 573 2842 et
615 2776 797 2842 aliud
843 2774 1137 2853 rubeum,
1186 2779 1256 2840 et
1316 2774 1497 2839 aliud
1557 2774 1880 2861 glaucum,
1928 2775 2287 2841 secundum
2345 2775 2616 2843 diversi-

502 2883 711 2946 tatem
774 2878 1103 2966 temporis,
1152 2877 1509 2944 secundum
1574 2877 1753 2964 quod
1797 2878 1869 2942 in
1931 2882 2194 2966 tempus
2255 2884 2356 2945 est
2407 2880 2616 2967 magis

503 2981 803 3060 calidum,
880 2980 992 3046 vel
1080 2979 1317 3058 minuS,
1396 2984 1465 3044 et
1556 2981 1912 3045 secundum
2003 2980 2329 3047 diversam
2417 2983 2616 3048 maris

504 3083 1017 3170 dispositionem,
1094 3086 1164 3148 et
1230 3081 1589 3147 secundum
1664 3081 2118 3148 diversitatem
2194 3077 2383 3164 succi,
2461 3085 2618 3170 quia

504 3185 743 3271 aliquis
808 3189 909 3250 est
974 3183 1289 3270 liquidior
1348 3189 1419 3249 et
1464 3182 1635 3249 alius
1696 3184 1975 3270 spissior.
2068 3185 2159 3250 Et
2217 3185 2275 3251 si
2319 3186 2615 3253 novitate

504 3285 953 3352 distillationis
1020 3284 1311 3363 herbula,
1358 3285 1469 3350 vel
1528 3285 1806 3370 parvula
1865 3285 2192 3365 animalia,
2239 3292 2319 3353 ut
2375 3309 2614 3354 muscae

504 3393 572 3455 et
645 3388 937 3475 ciniphes
1004 3387 1115 3452 vel
1186 3386 1492 3465 formicae,
1562 3386 1661 3451 illi
1736 3387 2132 3468 adhaereant,
2201 3394 2475 3454 manent
2539 3389 2613 3454 in

502 3495 824 3557 aeternum
867 3489 1041 3554 infra
1084 3488 1390 3575 lapidem,
1438 3487 1795 3553 secundum
1841 3509 2099 3554 omnem
2143 3490 2610 3576 proprietatem

502 3591 723 3658 herbae
790 3592 897 3656 vel
962 3589 1265 3656 animalis
1328 3591 1399 3655 in
1472 3591 1685 3678 figura
1758 3596 1827 3657 et
1898 3591 2107 3656 colore
2173 3597 2246 3658 et
2315 3594 2609 3672 materia,

501 3692 601 3760 ita
663 3694 839 3780 quod
883 3693 1167 3772 videtur,
1216 3693 1394 3779 quod
1456 3693 1766 3758 animalia
1831 3700 1901 3760 et
1966 3693 2186 3761 herbae
2229 3694 2326 3760 ibi
2370 3695 2611 3762 inscul-

502 3799 749 3883 pantur
808 3817 925 3881 per
990 3817 1263 3860 manum
1315 3795 1625 3877 artificis3
1670 3799 1739 3862 et
1807 3796 1983 3882 quod
2042 3797 2427 3864 miraculum
2488 3797 2604 3864 ad·

502 3899 782 3964 ducatur
797 3897 825 3934 ⁴
868 3897 953 3964 ab
998 3898 1091 3963 eis
1136 3897 1253 3983 qui
1294 3897 1607 3985 ignorant
1649 3899 2138 3985 generationem
2183 3900 2424 3967 electri.

590 3999 781 4066 Sicut
852 4021 1011 4066 vero
1100 3999 1293 4087 tetigi
1382 4001 1578 4067 modo
1663 4013 1933 4067 naturas
2022 4009 2092 4068 et
2178 4004 2606 4091 proprietates
2627 4025 2727 4079 m.
2742 4036 2942 4095 mg

502 4103 970 4169 elementorum
1016 4106 1089 4166 et
1132 4101 1481 4166 humorum
1526 4107 1595 4168 et
1622 4103 2053 4184 metallomm‚
2085 4109 2156 4171 et
2198 4106 2298 4172 ita
2339 4127 2603 4193 possum
2628 4110 2843 4160 P¹¹¹P⁰⁸0

2626 4163 2746 4211 does
2767 4171 2856 4213 not

500 4205 709 4270 facere
772 4205 853 4270 de
916 4203 1222 4269 omnibus
1284 4204 1479 4268 rebus
1545 4204 1930 4270 inanimatis
2003 4207 2242 4292 quibus
2301 4208 2598 4274 abundat
2621 4225 2778 4278 admit
2797 4228 2858 4280 01>

499 4305 878 4392 Scriptura3
922 4311 1122 4393 atque
1166 4306 1359 4392 longe
1403 4300 1612 4392 magis
1654 4307 2016 4393 requiritur
2057 4307 2301 4374 notitia
2339 4310 2598 4396 planta-
2620 4293 2818 4345 further

568 4639 581 4668 ¹
606 4637 855 4705 Isidorus]
890 4639 1062 4705 Etym.
1084 4639 1193 4690 xvi.
1218 4644 1298 4690 24.
1664 4642 1684 4671 ³
1704 4641 1998 4709 compidine]
2035 4640 2288 4708 compidr,
2310 4643 2421 4697 MS.

564 4717 585 4746 ²
604 4715 861 4784 electu-lca]
900 4717 1180 4782 eleon-icus,
1201 4719 1315 4770 MS.-
1667 4720 1687 4752 ⁴
1707 4719 2012 4790 adducatur]
2051 4721 2328 4785 adnotatur,
2349 4723 2465 4778 MS.

2132 4817 2336 4878 13132
