3517 5750
574 864 804 951 tvm]
1365 877 1541 929 01³th
1582 875 1904 929 mmm.
1976 845 1996 869 ⁶
2555 862 2688 934 227

570 1062 608 1093 “
652 1054 895 1143 species
969 1054 1411 1142 formulasque
1504 1053 1822 1133 concedit,
1893 1052 2158 1139 quando
2227 1074 2454 1120 cursus
2529 1054 2685 1120 stel-

573 1165 611 1195 “
653 1160 866 1225 lau-um
910 1160 1215 1246 potentia
1256 1180 1524 1225 reveren
1532 1159 1618 1223 da
1662 1156 2024 1235 distribuit,
2062 1161 2135 1222 et
2177 1157 2448 1223 statutis
2493 1157 2686 1223 lineis

575 1270 612 1298 “
655 1262 813 1329 fecit
856 1282 1113 1327 currere
1156 1282 1309 1349 quae
1351 1264 1723 1340 moventur,
1771 1263 2078 1345 certaque
2121 1259 2290 1338 sede,
2334 1280 2482 1345 quse
2525 1264 2684 1325 sunt

578 1371 615 1402 “
656 1366 812 1447 fixa,
878 1364 1243 1454 constituit,
1306 1362 1619 1450 quicquid
1684 1361 1854 1431 bene
1921 1362 2296 1449 disponitur
2367 1384 2445 1428 ac
2511 1384 2686 1428 com-

575 1477 613 1506 “
658 1467 892 1555 pletur,
948 1471 1168 1555 potest
1223 1467 1421 1553 hujus
1478 1466 1776 1535 scientiae
1825 1463 2262 1554 qualitatibus
2313 1465 2686 1553 applicari.”

578 1570 671 1638 Et
728 1570 989 1637 ostendi
1052 1570 1175 1637 hoc
1232 1592 1351 1657 per
1410 1570 1715 1656 exempla
1779 1569 2086 1657 specialia
2143 1569 2228 1634 de
2290 1568 2488 1650 Iride,
2537 1590 2685 1655 quae

576 1675 917 1741 invenitur
958 1675 1202 1762 pluries
1244 1674 1320 1739 in
1380 1671 1757 1760 Scriptura3
1815 1676 1888 1740 et
1939 1671 2268 1759 quomodo
2319 1673 2416 1738 sol
2468 1672 2688 1761 tripli-

578 1778 741 1845 citer
804 1777 1031 1844 exurit
1089 1780 1365 1853 montes,
1430 1775 1866 1842 Ecclesiastici
1927 1774 2426 1865 quadragesimo
2485 1777 2686 1842 tertio

580 1882 721 1968 [3.],
774 1900 894 1967 per
950 1878 1171 1946 radios
1232 1878 1613 1960 incidentes,
1676 1882 1748 1945 et
1813 1878 2110 1959 reflexos,
2173 1883 2244 1945 et
2305 1876 2561 1959 fractos,
2617 1884 2688 1945 et

577 1986 819 2049 iterum
864 2004 982 2070 per
1022 1982 1346 2069 triplicem
1400 1981 1857 2047 diversitatem
1918 1980 2328 2070 angulorum,
2375 1987 2445 2049 et
2487 1982 2687 2047 tertio

579 2108 699 2174 per
738 2085 1066 2173 triplicem
1110 2085 1589 2173 figurationem.
1680 2084 1774 2151 Et
1817 2084 1969 2151 ideo
2021 2106 2158 2151 non
2201 2086 2412 2151 solum
2457 2083 2682 2150 simul¹

580 2191 803 2255 exurit
844 2192 1103 2255 montes
1146 2189 1515 2275 tripliciter,
1561 2186 1677 2253 sed
1722 2187 1938 2253 tribus
1983 2187 2197 2253 modis
2241 2189 2488 2254 trinam
2531 2188 2690 2254 facit

584 2292 1116 2359 combustionem.
1240 2291 1333 2357 Et
1406 2312 1556 2357 cum
1628 2291 1703 2355 in
1777 2290 2006 2357 eodem
2078 2291 2219 2357 loco
2293 2291 2551 2370 dicitur,
2617 2292 2690 2356 in

581 2396 949 2463 meridiano
1011 2395 1110 2462 sol
1169 2394 1391 2461 exurit
1442 2398 1704 2471 terram,
1765 2393 1889 2459 hoc
1946 2398 2048 2459 est
2103 2394 2229 2459 sub
2294 2392 2564 2481 tropicis
2621 2400 2692 2459 et

582 2521 804 2589 prope,
834 2520 989 2564 nam
1034 2498 1203 2565 radii
1246 2502 1524 2585 possunt
1567 2496 1664 2563 ibi
1710 2496 1940 2563 cadere
1984 2498 2162 2577 recti,
2201 2499 2304 2564 et8
2348 2518 2483 2564 non
2527 2499 2693 2565 citra

584 2603 929 2689 tropicum,
991 2602 1149 2688 quia
1208 2600 1379 2666 citra
1436 2600 1838 2687 franguntur
1903 2620 2145 2680 omnes,
2191 2601 2353 2667 item
2421 2600 2508 2667 ad
2573 2623 2692 2667 an·-

584 2705 775 2793 gulos
836 2708 1063 2781 rectos,
1109 2708 1180 2770 et
1240 2724 1377 2769 non
1438 2704 1620 2769 citra.
1721 2702 1896 2769 Item
1963 2705 2388 2791 geminantur
2451 2726 2537 2771 ex
2593 2726 2692 2770 re-

586 2808 883 2873 flexione.
1004 2805 1181 2871 Item
1252 2805 1585 2871 breviores
1652 2810 1812 2873 sunt
1883 2807 2270 2894 pyramides,
2385 2808 2479 2875 Et
2545 2830 2694 2873 cum

586 2910 877 2998 theologi
922 2914 1223 2995 quaerant
1266 2909 1483 2974 multa
1528 2910 1611 2975 de
1654 2909 1817 2992 luce,
1865 2911 2028 2996 quid
2072 2910 2177 2990 sit,
2224 2917 2296 2978 et
2339 2912 2482 3000 ejus
2525 2911 2693 2978 mul-

588 3013 1002 3100 tiplicatione
1065 3017 1135 3077 et
1198 3013 1470 3091 actione,
1536 3011 1707 3078 nihil
1777 3014 2051 3100 dignum
2117 3019 2336 3101 potest
2402 3015 2552 3081 sciri
2614 3014 2695 3080 de

590 3118 695 3183 his
768 3115 909 3182 sine
974 3115 1373 3202 geometrica
1432 3119 1803 3203 potestate:
1873 3117 2045 3182 sicut
2107 3117 2309 3184 etiam
2377 3122 2698 3185 tractatus
2728 3135 2846 3187 Had
2867 3143 2978 3186 sent

592 3221 675 3285 de
730 3217 961 3284 Radiis
1020 3217 1419 3298 manifestat,
1474 3239 1669 3304 quem
1730 3217 1920 3285 vobis
1971 3219 2122 3286 misi
2140 3219 2168 3259 ⁸
2217 3221 2568 3307 separatim
2615 3223 2700 3288 ab
2726 3203 2978 3334 ξῃπιξξῗθ

595 3323 807 3409 Opere
855 3320 1113 3406 Majori,
1160 3324 1231 3386 et
1276 3321 1369 3386 sic
1413 3321 1495 3386 de
1541 3321 1689 3386 aliis
1733 3321 2030 3388 infinitis
2725 3345 2814 3387 not
2834 3337 2914 3386 in-

682 3424 775 3490 Et
818 3429 1045 3512 postea
1087 3444 1391 3511 comparo
1436 3424 2015 3512 multiplicationes
2059 3425 2432 3511 specierum,
2477 3447 2698 3493 secun-
2725 3404 2982 3534 ξὲζᾱὸἷιξξ

595 3528 754 3594 dum
798 3528 1043 3612 figuras
1088 3528 1533 3613 geometricas,
1566 3527 1654 3592 ad
1682 3527 2000 3595 veritates
2044 3528 2277 3614 gratiae
2322 3533 2392 3594 et
2434 3532 2698 3616 peccati,
2727 3537 2909 3600 Majus.

594 3638 665 3697 et
723 3632 810 3696 ad
870 3629 1190 3695 veritates
1256 3629 1483 3717 gloriae
1532 3635 1601 3696 et
1644 3651 1860 3718 poenae
1928 3631 2403 3698 damnatorum.
2527 3633 2701 3699 Nam

596 3733 815 3822 gratia
888 3735 1077 3798 tenet
1142 3732 1464 3798 incessum
1526 3738 1782 3799 rectum
1839 3731 1914 3798 in
1957 3733 2338 3801 hominibus
2382 3735 2702 3824 perfectis

596 3842 667 3903 et
684 3835 709 3873 ³
784 3834 1109 3900 incessum
1182 3833 1465 3901 stantum
1540 3836 1613 3900 in
1685 3835 2102 3924 imperfectis,
2178 3842 2248 3904 et
2339 3839 2704 3905 reflectitur

597 3961 640 4004 a
678 3936 891 4003 malis.
988 3936 1123 4003 Sed
1166 3935 1253 4002 ab
1298 3936 1664 4025 hypocritis
1708 3944 2028 4026 tanquam
2073 3961 2115 4005 a
2159 3941 2436 4029 speculis
2479 3943 2706 4030 politis

598 4063 715 4128 per
757 4039 1173 4105 honestatem
1224 4041 1637 4123 exteriorem,
1691 4043 1780 4108 ab
1832 4049 2060 4130 aperte
2078 4044 2105 4081 ⁴
2147 4045 2338 4110 malis
2387 4051 2706 4132 tanquam

598 4144 686 4209 ab
738 4143 985 4230 asperis
1044 4143 1439 4230 corporibus,
1487 4166 1633 4231 quae
1693 4145 2017 4233 dissipant
2065 4146 2296 4230 lucem,
2344 4153 2413 4215 et
2458 4148 2711 4215 faciunt

600 4245 1061 4328 insensibilem,
1132 4247 1304 4311 sicut
1368 4247 1527 4312 mali
1602 4253 1829 4336 aperte
1897 4250 2010 4335 qui
2073 4250 2146 4315 in
2219 4272 2288 4315 se
2350 4267 2420 4316 et
2493 4274 2711 4318 coram

601 4349 748 4418 aliis
789 4353 1005 4416 totam
1050 4349 1385 4418 ecclesiam
1430 4348 1768 4441 dissipant.
1861 4349 1955 4416 Et
1983 4352 2075 4418 sic
2119 4353 2364 4420 multas
2407 4355 2712 4444 pulchras

672 4731 687 4762 ¹
711 4726 881 4796 simul]
906 4730 1075 4792 semel,
1097 4729 1159 4782 Τ.
1785 4734 1804 4762 ³
1827 4729 1961 4782 vobis
1981 4731 2116 4800 mist]
2153 4732 2268 4784 misi
2294 4735 2452 4798 vobis,
2475 4736 2538 4788 T.

670 4809 692 4838 2
713 4807 787 4874 et]
824 4823 923 4860 om.
961 4809 1026 4862 Τ.
1786 4814 1803 4841 ⁸
1825 4809 1890 4860 ab
1909 4813 2102 4880 aperte]
2139 4815 2202 4865 ab
2223 4829 2254 4865 a
2274 4821 2426 4879 perte,
2447 4815 2508 4866 B.

2319 4911 2362 4958 Ρ
2409 4897 2450 4960 2
