3517 5750
863 840 992 905 160
1610 850 1870 903 nomm
1915 850 2206 901 RAOONIS
2783 840 2958 927 [cAr.

861 1022 993 1091 Sed
1036 1023 1272 1113 incipit
1314 1025 1651 1112 generatio
1698 1047 1739 1090 a
1781 1025 2156 1091 substantia
2197 1046 2506 1111 corporea
2533 1046 2670 1090 non
2699 1025 2961 1107 coelesti,

856 1152 1005 1217 quse
1050 1135 1151 1196 est
1190 1132 1553 1197 communis
1592 1131 1939 1211 elementO,
1971 1137 2040 1197 et
2069 1131 2299 1209 mixte,
2333 1136 2402 1196 et
2433 1131 2740 1196 omnibus
2768 1154 2962 1219 gene-

854 1232 1170 1299 rabilibus
1200 1258 1218 1314 ;
1265 1238 1335 1299 et
1376 1234 1545 1299 hanc
1589 1235 1902 1321 supponit
1947 1254 2066 1319 pro
2109 1232 2349 1313 radice,
2395 1254 2514 1299 nec
2558 1238 2780 1320 potest
2827 1234 2965 1300 haec

856 1335 1128 1421 produci
1193 1358 1312 1423 per
1372 1339 1695 1412 naturam,
1742 1335 1859 1401 sed
1919 1334 2051 1401 fuit
2113 1339 2332 1403 creata
2391 1356 2434 1401 a
2477 1333 2832 1423 principio¹
2891 1336 2964 1403 in

857 1436 1126 1523 sphaeris
1172 1438 1660 1504 elementorum.

527 1554 631 1605 But
660 1567 837 1618 eorpo-
948 1539 1081 1605 Sed
1138 1540 1193 1605 si
1239 1540 1314 1605 in
1355 1539 1783 1627 generatione
1843 1540 1940 1605 sic
1983 1538 2337 1625 subjicitur
2395 1540 2678 1605 materia
2741 1561 2966 1627 corpo-

527 1623 631 1671 real
652 1619 705 1669 in
728 1620 797 1671 all

530 1698 692 1753 stages
716 1686 777 1737 of

522 1754 769 1821 digestion

526 1824 628 1871 und
641 1820 835 1872 assimi-

528 1890 697 1943 latinu.

856 1642 1029 1720 ralis,
1076 1642 1381 1708 similiter
1438 1642 1566 1709 erit
1610 1642 1681 1707 in
1727 1641 2161 1729 corruptione.
2255 1640 2452 1721 Quod
2509 1646 2612 1708 est
2671 1643 2964 1728 primum

857 1744 929 1810 in
987 1746 1406 1832 generatione
1465 1752 1566 1811 est
1627 1745 1938 1811 ultimum
2009 1744 2080 1809 in
2149 1744 2590 1832 corruptione,
2638 1750 2710 1809 et
2769 1766 2968 1830 super

858 1848 1133 1914 eandem
1208 1847 1551 1913 materiam
1613 1846 1961 1927 feruntur3
2052 1851 2454 1933 quapropter
2540 1868 2678 1912 non
2744 1852 2966 1933 potest

858 1950 1248 2017 alimentum
1306 1949 1450 2016 fieri
1502 1950 1974 2035 incorporeum,
2021 1969 2145 2013 nec
2219 1947 2292 2012 in
2336 1948 2634 2026 instanti,
2699 1970 2818 2015 nec
2891 1948 2963 2015 in

858 2058 1167 2139 tempore.
1262 2052 1353 2117 Et
1380 2052 1529 2117 ideo
1570 2072 1829 2138 semper
1873 2050 2001 2117 erit
2041 2049 2310 2137 corpus⁹
2341 2050 2500 2115 dum
2544 2050 2869 2117 alteratur
2897 2056 2967 2117 et

859 2156 1201 2241 digeritur,
1248 2159 1318 2222 et
1364 2156 1524 2219 dum
1570 2152 1801 2219 unitur
1853 2157 1925 2219 et
1969 2152 2401 2219 convertitur.
2494 2152 2587 2217 Et
2643 2151 2792 2219 ideo
2854 2176 2967 2219 ex-

858 2257 1069 2344 pirat⁸
1113 2258 1254 2325 haec
1296 2257 1555 2345 positio,
1603 2279 1751 2344 quae
1791 2255 2002 2340 magis
2045 2254 2432 2321 favorabilis
2493 2260 2612 2334 est,
2659 2261 2730 2322 et
2791 2255 2966 2342 quod

859 2360 1233 2447 exemplum
1278 2360 1480 2426 habet
1530 2358 1938 2425 familiarius.
2032 2357 2211 2423 Nam
2258 2358 2492 2425 dicunt
2537 2359 2713 2445 quod
2759 2380 2968 2445 vapor

858 2462 1213 2529 resolvitur
1274 2485 1317 2528 a
1378 2461 1585 2527 fundo
1652 2483 1858 2547 aquae,
1922 2466 1994 2527 et
2066 2481 2203 2525 non
2267 2460 2468 2527 habet
2530 2461 2966 2527 dimensiones

862 2566 1224 2651 corporales
1268 2565 1567 2651 proprias
1610 2584 1652 2629 a
1710 2562 2231 2629 dimensionibus
2247 2562 2272 2601 ⁴
2324 2563 2533 2629 totius
2591 2585 2800 2649 aquae,
2849 2564 2967 2627 sci—

862 2668 1017 2733 licet
1067 2668 1225 2732 dum
1282 2672 1385 2733 est
1434 2666 1607 2731 infra
1656 2688 1938 2752 aquam3
1991 2665 2105 2731 sed
2159 2665 2388 2733 statim
2441 2688 2590 2732 cum
2644 2668 2726 2732 fit
2777 2672 2968 2733 extra

864 2769 1068 2835 habet
1134 2769 1569 2835 dimensiones
1636 2768 1946 2855 proprias.
2044 2767 2134 2834 Et
2202 2767 2433 2835 dicunt
2495 2768 2601 2834 hic
2665 2770 2766 2837 ita
2831 2790 2967 2835 esse

866 2895 983 2958 per
1044 2872 1441 2939 contrarium
1509 2875 1834 2960 quantum
1896 2871 1980 2937 ad
2043 2870 2380 2952 ordinem;
2443 2871 2603 2958 quia
2662 2872 2736 2937 in
2786 2870 2966 2958 prin-

866 2973 1036 3060 cipio
1102 2974 1493 3040 nutritionis
1554 2978 1625 3040 et
1682 2973 1948 3040 unionis
2007 2972 2282 3039 advenit
2337 2995 2586 3060 corpus,
2645 2973 2758 3040 sed
2819 2995 2966 3040 cum

866 3078 1075 3142 intrat
1134 3076 1392 3143 amittit
1436 3076 1729 3164 proprias
1791 3074 2246 3154 dimensione&
2302 3079 2374 3142 et
2414 3075 2495 3141 fit
2538 3097 2673 3142 non
2715 3097 2968 3163 corpus,

867 3189 945 3246 ut
992 3185 1377 3247 remaneant
1428 3180 1868 3246 dimensiones
1913 3175 2161 3266 partis⁵
2211 3179 2600 3247 nutriendae.
2695 3179 2828 3246 Sed
2886 3181 2970 3246 de

866 3305 1109 3372 vapore
1184 3282 1421 3348 falsum
1470 3287 1609 3363 est3
1674 3304 1831 3346 nam
1880 3281 2084 3347 habet
2131 3303 2282 3348 suas
2330 3281 2765 3348 dimensiones
2823 3305 2970 3370 pro-

866 3387 1042 3474 prias
1086 3387 1261 3452 infra
1304 3407 1560 3472 aquam,
1616 3392 1685 3452 et
1729 3385 1978 3450 dividit
2023 3389 2242 3470 partes
2285 3406 2476 3470 aquae
2528 3385 2614 3450 ab
2665 3385 2970 3466 invicem,

867 3498 935 3556 et
1002 3489 1341 3568 ascendit3
1401 3489 1707 3575 quoniam
1779 3487 1974 3552 aliter
2039 3508 2175 3552 non
2231 3487 2422 3553 fieret
2479 3489 2702 3553 fluxus
2753 3489 2967 3555 maris.

868 3591 1159 3678 Vapores
1227 3591 1406 3657 enim
1474 3590 1744 3656 resoluti
1807 3610 1926 3675 per
1983 3589 2305 3654 virtutem
2379 3589 2555 3656 lunae
2630 3591 2971 3676 expellunt

868 3716 1071 3779 aquas
1121 3694 1322 3758 maris
1382 3714 1423 3756 a
1476 3690 1816 3756 canalibus
1873 3691 2028 3771 suiS,
2075 3697 2143 3756 et
2194 3713 2235 3755 a
2281 3690 2459 3772 locis,
2505 3695 2574 3756 et
2618 3689 2767 3758 ideo
2819 3693 2972 3758 fluit

867 3817 1093 3874 mare3
1158 3792 1395 3880 quibus
1454 3793 1757 3858 resolutis
1805 3792 1888 3858 ad
1943 3793 2212 3878 plenum
2265 3797 2336 3859 et
2389 3796 2810 3880 consumptis,
2870 3817 2970 3860 re-

868 3899 1225 3961 vertuntur
1268 3916 1456 3980 aquae
1501 3893 1699 3959 maris
1743 3894 1830 3960 ad
1892 3895 2034 3960 loca
2093 3915 2214 3960 sua
2274 3916 2391 3981 per
2447 3895 2789 3962 refluxum.
2882 3897 2972 3963 Et

869 3999 991 4064 hoc
1034 3993 1336 4062 videmus
1380 3997 1453 4061 in
1500 3995 1644 4060 ollis
1686 3995 2162 4078 bullientibus3
2205 4018 2361 4062 nam
2406 4018 2678 4084 vapores
2723 4006 2972 4066 exeunt

870 4101 951 4166 de
1014 4099 1221 4164 fundo
1281 4099 1474 4176 vasis,
1521 4101 1591 4163 et
1635 4098 1948 4164 dividunt
2003 4104 2226 4187 partes
2285 4099 2578 4164 humoris
2637 4104 2967 4188 coquendi,

868 4209 938 4270 et
982 4202 1138 4271 exit.
1234 4200 1568 4270 Caeterum
1611 4223 1748 4266 non
1792 4206 2012 4288 potest
2059 4201 2190 4268 dici
2235 4201 2398 4289 quin
2449 4223 2655 4288 vapor
2697 4205 2787 4270 sit
2833 4227 2969 4271 cor-

937 4593 949 4623 ¹
974 4609 1009 4644 a
1024 4591 1300 4658 principio]
1337 4590 1391 4641 in
1424 4589 1683 4656 priucipio,
1718 4589 1782 4641 Τ.
1805 4590 1864 4642 L.
2033 4591 2054 4622 ⁴
2074 4607 2107 4641 a
2143 4589 2516 4642 dimensionibus
2553 4627 2570 4644 .
2602 4628 2618 4645 .
2649 4627 2666 4644 .
2704 4593 2967 4662 propriae]

932 4673 953 4702 ²
973 4669 1176 4736 eorpus]
1212 4669 1481 4734 corruptio,
1514 4671 1575 4720 L.
1967 4685 2065 4721 om.
2089 4669 2152 4721 Τ.

933 4751 954 4781 ⁸
973 4748 1195 4816 expirat]
1228 4749 1488 4814 expetii-at,
1514 4747 1575 4800 Τ.
2035 4750 2054 4778 ⁸
2075 4750 2268 4818 panis]
2305 4750 2528 4816 corporis
2548 4751 2718 4818 partis,
2751 4751 2813 4804 Τ.
