3517 5750
600 857 807 949 mir]
1377 870 1553 921 orus
1596 869 1930 921 1311111111.
2583 855 2718 921 249

601 1048 841 1117 ultimo
884 1046 1029 1114 dixi
1074 1046 1159 1113 de
1200 1045 1349 1113 istis
1392 1046 1625 1127 tribus,
1658 1050 1761 1111 est
1803 1066 1976 1111 unus
2017 1066 2262 1111 versus.
2353 1042 2488 1110 Sed
2531 1042 2716 1124 illud,

590 1150 781 1238 quod
824 1150 987 1229 dixi,
1034 1170 1291 1216 comma
1333 1147 1538 1214 habet
1579 1148 2036 1235 pausationem
2077 1146 2320 1215 flexam
2364 1168 2599 1233 parum
2641 1167 2722 1212 ae

603 1253 1001 1341 depressam,
1062 1255 1165 1317 est
1228 1272 1525 1331 00111111ος
1603 1248 1782 1337 quod
1856 1253 2086 1315 autem
2157 1249 2458 1336 sequitur
2531 1248 2720 1314 colon

603 1376 761 1421 vero
808 1354 1166 1431 elevatum,
1216 1358 1318 1419 est
1362 1351 1563 1418 colon.
1655 1351 1885 1417 Tertia
1933 1373 2086 1439 pars
2151 1350 2312 1417 facit
2354 1350 2718 1438 periodum.

607 1456 709 1525 Ut
771 1453 1041 1521 Genesis
1084 1455 1299 1543 primo
1326 1454 1479 1542 [2.]:
1573 1458 1613 1489 “
1637 1453 1842 1520 Terra
1883 1458 2110 1521 autem
2172 1458 2318 1525 erat
2390 1453 2610 1519 inanis
2652 1456 2724 1518 et

605 1556 873 1636 vacua?
898 1562 1003 1623 est
1046 1555 1344 1623 comma.1
1462 1556 1611 1621 “Et
1660 1556 1952 1623 tenebrae
2002 1560 2194 1621 erant
2244 1577 2440 1643 super
2484 1555 2720 1621 faciem

604 1654 886 1747 abyssi,''
916 1663 1019 1726 est
1045 1658 1273 1727 colon?
1368 1664 1403 1695 “
1420 1658 1516 1724 Et
1543 1657 1818 1745 spiritus
1847 1657 2120 1724 Domini
2149 1657 2482 1727 ferebatur
2524 1678 2722 1746 super

605 1760 867 1849 aquas,”
918 1765 1023 1827 est
1064 1756 1417 1848 periodus.³
1504 1758 1599 1825 Et
1639 1759 1739 1825 ibi
1783 1760 1864 1826 fit
1907 1759 2182 1827 versus.⁴

696 1863 831 1930 Hae
871 1884 1032 1929 vero
1074 1866 1235 1929 sunt
1262 1861 1686 1949 pausationes
1714 1862 2108 1949 principales
2135 1886 2153 1943 ;
2197 1863 2315 1929 sed
2342 1867 2572 1929 tamen
2599 1862 2722 1929 ali·

608 1965 872 2052 quando
914 1964 1339 2051 intercipitur
1390 1963 1630 2050 aliquis
1695 1969 1980 2051 punctus
2038 1964 2337 2052 simplex,
2399 1969 2481 2030 ut
2537 1966 2720 2031 Deu-

608 2067 995 2135 teronomiae
1039 2066 1243 2133 tertio
1273 2064 1541 2132 decimo.
1571 2065 1694 2153 [1.]
1793 2072 1830 2104 “
1853 2064 1929 2132 Si
1973 2067 2338 2132 surrexerit
2381 2067 2457 2132 in
2500 2067 2718 2135 medio

612 2178 651 2206 “
691 2170 795 2236 tui
840 2170 1213 2257 prophetea,
1280 2174 1401 2234 aut
1465 2167 1582 2254 qui
1626 2168 1957 2234 somnium
2001 2167 2248 2235 vidisse
2291 2190 2362 2235 se
2409 2168 2601 2247 dicat,
2649 2173 2720 2235 et

612 2279 653 2309 “
691 2271 1079 2358 praedixerit
1124 2269 1389 2357 signum
1424 2275 1625 2357 atque
1654 2275 2059 2357 portentum,
2091 2275 2162 2336 et
2204 2271 2500 2337 evenerit
2543 2271 2720 2357 quod

612 2383 650 2411 “
694 2375 955 2440 locutus
999 2376 1119 2453 est,
1166 2375 1237 2437 et
1279 2372 1530 2438 dixerit
1576 2372 1724 2450 tibi,
1758 2372 2010 2437 Eamus
2055 2376 2124 2438 et
2169 2394 2518 2459 sequamur
2562 2373 2720 2440 deos

613 2481 649 2512 “
692 2476 959 2555 alienos,
990 2496 1155 2560 quos
1196 2474 1479 2561 ignoras,
1522 2479 1592 2541 et
1636 2474 2003 2541 serviamus
2048 2473 2198 2541 eis.”
2285 2475 2374 2541 In
2415 2476 2721 2541 omnibus

610 2577 920 2644 clausulis
984 2576 1515 2663 praecedentibus
1578 2575 1779 2643 debet
1843 2576 1988 2643 fieri
2055 2576 2338 2664 simplex
2402 2577 2720 2666 aspiratio

612 2680 755 2746 sine
796 2678 1169 2747 elevatione
1211 2676 1323 2744 vel
1366 2677 1798 2763 depressione,
1837 2678 1954 2744 sed
1995 2677 2102 2744 hic
2145 2679 2540 2766 deprimitur
2568 2700 2719 2746 vox,

615 2781 711 2847 Et
755 2802 907 2847 cum
953 2780 1255 2861 infertur,
1320 2788 1357 2817 “
1378 2778 1539 2845 Non
1580 2778 1812 2846 audies
1877 2780 2082 2845 verba
2142 2781 2482 2868 prophetae
2542 2781 2726 2847 illius

615 2891 651 2922 ‘⁴
697 2889 817 2950 aut
884 2882 1308 2950 somniatoris
1336 2879 1393 2963 ;’'
1469 2881 1577 2948 hic
1650 2882 1968 2964 elevatur,
2046 2889 2117 2952 et
2191 2887 2352 2950 tunc
2423 2885 2724 2972 sequitur

613 2985 937 3075 periodus,
984 2984 1103 3050 ubi
1147 2983 1481 3051 sententia
1524 2985 1907 3071 completur.
2003 2985 2137 3052 Sed
2181 2986 2722 3053 considerandum

614 3087 792 3176 quod
834 3108 975 3153 non
1015 3108 1271 3174 semper
1312 3085 1565 3153 cadunt
1607 3086 1749 3154 haec
1790 3087 1925 3153 tria
1965 3087 2040 3153 in
2082 3089 2310 3154 eodem
2355 3111 2569 3170 versu,
2609 3089 2725 3155 sed

614 3189 969 3277 aliquando
1018 3189 1231 3256 solum
1276 3209 1533 3256 comma
1574 3209 1723 3255 011111
1768 3189 2056 3278 periodo,
2109 3190 2465 3278 aliquando
2509 3191 2722 3258 solum

617 3293 823 3360 colon.

706 3393 1003 3460 Punctus
1045 3411 1203 3462 vero
1248 3392 1609 3479 depressus,
1662 3413 1779 3458 seu
1829 3415 2098 3472 comma,
2161 3393 2242 3461 fit
2303 3395 2724 3481 quandocun-
2749 3423 2860 3475 The
2883 3439 3018 3476 eom-

618 3517 745 3582 que
790 3499 892 3562 est
936 3493 1323 3581 suspensiva
1365 3495 1810 3576 constructi03
1877 3496 2141 3582 quando
2202 3497 2444 3563 scilicet
2495 3517 2726 3564 versus
2747 3505 2844 3543 ¹¹²⁸-

616 3597 853 3685 incipit
896 3596 983 3662 ab
1040 3596 1189 3662 istis
1210 3591 1239 3632 ⁵
1306 3595 1725 3678 dictionibus,
1790 3596 1858 3665 si
1922 3599 2032 3664 vel
2074 3597 2320 3685 siquis,
2366 3597 2720 3685 quomam,

618 3698 808 3787 quia,
870 3702 943 3764 et
1002 3697 1131 3785 qui
1194 3698 1462 3764 nomine
1522 3698 1806 3779 infinito,
1892 3704 1962 3766 et
2035 3721 2464 3788 quoemmque,
2544 3722 2722 3784 cum,

618 3820 925 3888 emaque,
983 3805 1369 3888 postquam,
1414 3807 1498 3868 ut
1541 3823 1661 3888 pro
1695 3809 2080 3889 postquam,
2129 3802 2302 3885 licet,
2354 3803 2672 3891 quamvis
2692 3829 2724 3886 ,·

618 3902 883 3989 quando
924 3903 1123 3968 etiam
1174 3903 1586 3990 praeponitur
1628 3904 1964 3970 ablativus
2006 3905 2361 3983 absolutus,
2403 3911 2476 3974 et
2516 3906 2726 3994 parti·

618 4006 863 4092 cipium
906 4005 1249 4092 praesentis
1294 4005 1625 4092 temporis.
1740 4005 2137 4096 Exemplum
2182 4009 2265 4074 de
2306 4009 2519 4097 primo
2566 4008 2723 4076 Pro-

618 4107 1019 4188 verbiorum,
1064 4106 1375 4173 vicesimo
1404 4109 1685 4195 septimo
1710 4107 1922 4196 [22.]:
1972 4115 2008 4146 “
2031 4109 2109 4177 Si
2139 4112 2510 4178 contuderis
2554 4113 2722 4178 stul·

622 4217 660 4246 “
704 4213 851 4274 tum
880 4208 957 4274 in
1006 4207 1162 4295 pila,
1205 4208 1395 4296 quasi
1423 4210 1718 4296 ptisanas
1753 4210 2036 4300 desuper
2075 4212 2352 4280 feriente
2393 4214 2547 4302 pilo,
2587 4235 2724 4280 non

620 4317 661 4354 “
704 4311 1045 4378 auferetur
1083 4310 1173 4376 ab
1214 4332 1293 4377 eo
1336 4310 1625 4377 stultitia
1686 4311 1890 4398 ejus.’'
1998 4313 2094 4379 Et
2155 4315 2248 4381 sie
2290 4315 2374 4382 de
2417 4314 2724 4383 omnibus

688 4606 1187 4740 ‘mainan->r
1789 4614 2526 4714 ⁴mm].a.:‘.3.‚13.

688 4689 711 4720 ²
862 4687 1165 4755 ](:‘)‚'l'·

692 4767 979 4838 ’perioduq
1018 4765 1141 4836 (s),
1173 4767 1235 4820 T.
1784 4764 1960 4832 ’aad
1997 4764 2186 4829 111ε,Τ.
