3517 5750
1350 860 1527 911 orus
1568 860 1806 911 MINUS.
2527 848 2657 911 385

540 1041 611 1105 et
654 1035 909 1105 coeteris
953 1035 1491 1101 concurrentibus
1550 1055 1699 1121 quae
1742 1034 2104 1123 exigantur
2147 1035 2234 1103 ad
2293 1033 2660 1104 nutrimen·

540 1143 688 1209 tum
706 1137 729 1179 ¹
777 1138 1027 1205 arboris
1072 1144 1141 1204 et
1184 1138 1457 1217 fructus,
1490 1138 1832 1225 perveniet
1875 1138 1989 1204 ille
2034 1138 2333 1205 surculus
2378 1137 2464 1205 ad
2509 1160 2662 1205 suas

540 1243 881 1311 utilitates.
972 1240 1105 1309 Sed
1163 1240 1223 1305 si
1280 1261 1417 1305 non
1475 1246 1774 1307 servetur
1833 1239 2002 1307 situs
2059 1240 2356 1327 partium
2416 1240 2666 1315 surculi

540 1346 899 1413 secundum
958 1348 1179 1431 partes
1236 1342 1403 1421 coeli,
1466 1364 1727 1408 necesse
1794 1346 1896 1408 est
1955 1343 2134 1428 quod
2191 1342 2487 1409 surculus
2545 1344 2656 1411 ille

540 1452 903 1523 evanescat,
968 1450 1087 1512 aut
1148 1444 1205 1511 si
1264 1445 1562 1510 arborem
1621 1444 1944 1532 producat
2017 1445 2264 1511 sterilis
2326 1446 2470 1526 erit,
2533 1452 2654 1513 aut

540 1570 783 1637 paucos
826 1548 1099 1615 habebit
1128 1547 1379 1613 fructus
1410 1552 1478 1614 et
1507 1548 1736 1613 malos,
1834 1547 1926 1613 Et
1971 1546 2066 1613 sic
2111 1553 2211 1615 est
2239 1547 2314 1612 in
2353 1548 2657 1615 omnibus

539 1652 753 1730 rebus,
800 1651 957 1717 licet
998 1649 1412 1715 manifestius
1456 1650 1547 1715 sit
1574 1649 1647 1713 in
1691 1649 2088 1735 quibusdam
2133 1670 2332 1737 quam
2376 1650 2452 1715 in
2493 1650 2654 1716 aliis.

543 1752 675 1819 Sed
734 1774 855 1818 nos
918 1774 1144 1818 sumus
1196 1752 1368 1839 pigri
1413 1751 1500 1817 ad
1543 1751 2014 1838 experiendum
2079 1757 2326 1819 secreta
2375 1758 2651 1835 naturae,

539 1855 745 1921 immo
788 1878 908 1921 nec
952 1854 1209 1941 agimus
1254 1852 1488 1918 omnia.
1579 1853 1671 1917 Et
1714 1853 1864 1919 ideo
1906 1858 2287 1941 reputamus
2331 1854 2652 1920 maximas

542 1964 611 2023 et
677 1957 1147 2045 pulcherrimas
1205 1956 1493 2023 virtutes
1552 1976 1689 2021 esse
1749 1954 2179 2042 impossibilia
2239 1961 2306 2021 et
2351 1956 2646 2026 absurda.

542 2058 635 2128 Et
706 2059 815 2125 hic
887 2058 1183 2147 aperitur
1256 2058 1467 2123 unuin
1542 2057 1625 2123 de
1714 2060 1980 2125 secretis
2068 2058 2394 2135 maximis,
2473 2059 2649 2147 quod

541 2162 795 2229 occulto
857 2162 934 2228 in
998 2160 1291 2229 scientiis
1358 2160 2003 2247 experimentalibuS,
2051 2165 2122 2227 et
2172 2160 2350 2239 alibi,
2395 2160 2514 2225 ubi
2571 2161 2653 2229 fit

541 2265 791 2331 mentio
835 2264 917 2331 de
961 2284 1225 2351 corpore
1269 2263 1379 2329 vel
1436 2264 1880 2329 instrumento
1925 2264 2104 2349 quod
2147 2268 2523 2329 moveretur
2565 2264 2653 2331 ad

538 2372 797 2439 motum
884 2366 1051 2443 coeli,
1130 2365 1309 2451 quod
1398 2366 1621 2431 omnia
1692 2366 2142 2432 instrumenta
2229 2366 2650 2433 astronomiae

537 2468 1072 2548 transcenderet3
1118 2466 1241 2532 hoc
1285 2467 1550 2554 quidem
1594 2467 1741 2534 fieri
1787 2467 1987 2535 debet
2028 2468 2112 2543 de
2154 2472 2471 2584 magnete.

627 2570 721 2639 Et
764 2592 1017 2657 possem
1059 2568 1271 2637 faeere
1312 2570 1515 2635 finem
1559 2570 1641 2637 de
1699 2570 2018 2657 exemplis
2062 2571 2232 2637 circa
2273 2571 2648 2640 innumera-
2675 2584 2906 2637 Oriehal-

536 2671 715 2749 bilia,
778 2671 897 2737 ubi
964 2670 1124 2757 quia
1196 2670 1539 2757 ignoratur
1599 2676 1844 2738 natura
1863 2671 1890 2709 ²
1963 2672 2158 2739 unius
2219 2672 2316 2742 rei
2389 2672 2646 2757 inducit
2670 2667 2802 2703 ⁰⁰¹³·

539 2794 821 2841 errorem
865 2774 1153 2840 multum
1211 2773 1287 2837 in
1331 2794 1527 2841 sensu
1586 2774 1866 2844 litterali
1928 2774 2286 2861 Scripturas
2347 2780 2416 2841 et
2459 2776 2649 2863 spiri-

537 2877 705 2948 tuali
778 2899 896 2964 per
967 2898 1383 2964 consequem,
1450 2882 1520 2945 et
1582 2878 1888 2945 similiter
1955 2879 2028 2944 in
2091 2878 2518 2965 philosophia,
2582 2883 2652 2944 et

538 2979 715 3065 apud
758 2979 1041 3048 medicos
1072 2984 1142 3049 et
1182 2979 1583 3046 alchimistas
1626 2984 1697 3046 et
1725 2981 2074 3048 naturales,
2163 2982 2344 3049 Nam
2387 2980 2522 3048 fere
2564 2981 2652 3048 ab

540 3082 844 3156 omnibus
886 3081 1231 3168 ignoratur
1274 3081 1559 3167 qualiter
1610 3104 1903 3169 cuprum,
1952 3105 2060 3162 aee,
2107 3088 2176 3149 et
2235 3083 2647 3162 orichalcum,

536 3205 622 3258 ue
666 3183 925 3252 dicatur
968 3204 1085 3270 per
1130 3203 1414 3250 errorem
1476 3185 1892 3262 auricalcum,
1940 3190 2009 3250 et
2053 3185 2368 3250 electrum
2413 3207 2650 3252 conve-

536 3285 747 3364 niant,
780 3305 857 3350 ac
888 3284 1149 3350 debent.
1241 3285 1641 3352 AEstimatur
1668 3285 1804 3351 fere
1833 3286 1920 3351 ab
1949 3287 2256 3352 omnibus
2285 3289 2462 3372 quod
2491 3291 2650 3352 sunt

538 3386 797 3453 diversa
840 3407 1081 3474 genera
1124 3387 1539 3454 metallorum
1568 3410 1583 3466 ;
1628 3409 1780 3453 cum
1837 3388 1962 3454 hoc
2021 3394 2122 3454 est
2164 3387 2422 3454 falsum.
2516 3387 2648 3454 Sed

536 3509 627 3556 ees
672 3494 741 3554 et
786 3489 1180 3554 orichalcum
1198 3488 1225 3527 ⁸
1270 3495 1340 3556 et
1402 3489 1718 3557 electrum
1779 3489 1956 3556 fiunt
2020 3511 2104 3554 ex
2165 3513 2378 3578 cupi-0.
2469 3489 2649 3556 Nam

534 3591 681 3677 ipsa
724 3591 977 3658 minora
1022 3592 1129 3658 cui
1173 3591 1385 3679 primo
1444 3591 1753 3658 funditur
1797 3597 1868 3658 et
1912 3596 2236 3679 purgatur
2293 3615 2336 3660 a
2379 3592 2648 3662 &cibus

534 3692 957 3763 terrestribus
1031 3699 1135 3763 est
1207 3715 1365 3758 vere
1439 3716 1712 3781 cuprum
1746 3719 1766 3775 ;
1827 3700 1898 3768 et
1969 3694 2062 3760 sic
2139 3694 2336 3760 dehet
2408 3695 2645 3764 vocari.

538 3794 869 3876 Quoniam
914 3817 1069 3861 vero
1132 3795 1207 3860 in
1270 3817 1543 3883 cuprum
1609 3796 1830 3864 fusum
1899 3801 1969 3864 et
2029 3801 2384 3885 purgatum
2427 3797 2646 3885 pulvis

536 3896 873 3964 calaminae
918 3897 1175 3964 citrinae
1236 3899 1569 3986 spargitur
1596 3925 1613 3980 ;
1656 3922 1794 3968 non
1837 3905 2062 3968 tamen
2105 3901 2392 3969 multum
2444 3899 2647 3966 habet

534 3999 617 4066 de
659 3998 945 4084 pulvera
1023 3999 1157 4074 Sed
1202 4006 1281 4069 ut
1309 4023 1584 4088 cuprum
1627 4001 1750 4068 fiat
1793 4002 2279 4089 aliquantulum
2325 4002 2550 4068 durius
2581 4010 2648 4070 et

534 4101 746 4187 magis
776 4101 1088 4171 citrinum
1119 4107 1266 4173 tum
1296 4109 1571 4170 vocatur
1600 4125 1702 4170 ωε.
1799 4103 2173 4172 Calamina
2215 4110 2318 4173 est
2347 4105 2646 4192 quaedam

534 4223 709 4268 uena
782 4207 977 4270 terrae
1041 4209 1111 4272 et
1172 4204 1375 4270 habet
1442 4204 1665 4291 plures
1732 4206 1972 4272 modos.
2065 4205 2198 4272 Sed
2266 4207 2348 4273 de
2407 4205 2648 4274 citrina

602 4550 617 4580 ¹
640 4552 1001 4620 nuo-finam]
1040 4553 1349 4616 trimemum,
1368 4551 1483 4604 MS.
1708 4554 1728 4584 ⁸
1748 4548 2064 4615 orichalcum]
2138 4549 2460 4611 auricalcum,
2525 4549 2640 4604 MS.

598 4629 620 4660 ¹
642 4629 893 4694 ἕρπον-οων
947 4635 1159 4704 παίωνα]
1224 4634 1541 4710 ignomtur,
1642 4631 1764 4682 here
1818 4632 1919 4686 and
1967 4629 2146 4692 below,
2192 4629 2646 4698 notwithstanding

532 4707 649 4761 MS.
1641 4711 1729 4764 the
1763 4709 1984 4767 author’n
2015 4709 2231 4765 cantion.

712 4815 865 4867 VOL.
914 4817 960 4866 1.
2101 4817 2364 4868 1313-1-
