3517 5750
564 916 689 1003 vr]
1230 928 1695 981 consumma
1740 928 1998 979 sumn.
2537 914 2668 979 441

568 1105 803 1171 albant
843 1102 1039 1171 facies
1096 1125 1264 1182 suas,
1313 1104 1489 1191 quod
1556 1105 1687 1171 alio
1754 1104 2022 1171 nomine
2085 1108 2514 1191 nuncupatur
2573 1124 2676 1169 ce-

568 1229 765 1287 rusa3
840 1207 1146 1273 similiter
1190 1206 1348 1292 quia
1407 1207 1713 1273 Graecum
1777 1206 2130 1275 concordat
2175 1228 2322 1273 cum
2371 1204 2676 1273 Hebraeo.

572 1310 705 1375 Sed
748 1313 975 1374 tamen
1020 1309 1261 1396 vulgus
1312 1308 1776 1375 modernorum
1831 1306 2285 1397 theologorum
2329 1308 2678 1396 disputans

572 1412 655 1477 de
728 1411 848 1491 his,
926 1433 1076 1497 quae
1152 1412 1435 1498 ignorat,
1519 1411 1764 1477 nititur
1839 1412 2094 1477 salvare
2197 1412 2676 1498 expositionem

570 1512 753 1579 beati
799 1512 1099 1598 Gregorii
1135 1537 1153 1593 3
1222 1517 1293 1578 et
1355 1512 1515 1578 dum
1562 1512 1853 1599 Scyllam
1897 1514 2111 1579 vitare
2155 1514 2400 1579 nititur
2443 1513 2680 1579 incidit

567 1616 640 1679 in
673 1614 1100 1700 Charybdim.
1194 1613 1289 1680 Et
1322 1615 1414 1681 sic
1458 1620 1617 1681 sunt
1647 1616 1780 1681 alia
1809 1614 2320 1682 innumerabilia
2362 1616 2439 1682 in
2483 1616 2680 1683 dictis

568 1718 1013 1803 antiquorum,
1081 1738 1231 1804 quae
1294 1722 1456 1783 sunt
1516 1739 1633 1805 per
1680 1718 1985 1785 Graecum
2055 1724 2125 1784 et
2195 1718 2562 1785 Hebraeum
2605 1718 2680 1783 in

568 1820 803 1886 melius
846 1820 1307 1901 immutanda3
1374 1826 1447 1886 et
1489 1820 1613 1887 hoc
1658 1820 1936 1887 diversis
1993 1822 2224 1901 modia
2271 1826 2392 1889 aut
2434 1822 2680 1887 scilicet

570 1928 836 2010 propter
897 1921 1277 2003 falsitatem,
1324 1926 1445 1988 aut
1488 1926 1757 2009 propter
1819 1922 2376 2011 imperfectionem
2423 1922 2678 2010 exposi-

568 2025 785 2103 tionis,
834 2030 955 2091 aut
1017 2030 1287 2113 propter
1355 2025 1841 2091 dubitationem
1907 2026 2268 2107 minimam,
2339 2030 2412 2091 et
2475 2024 2678 2091 variis

572 2129 653 2194 de
698 2129 925 2207 causis,
970 2128 1142 2194 sicut
1184 2128 1319 2193 suis
1364 2126 1772 2215 temporibus
1816 2128 2063 2214 poterit
2107 2128 2377 2195 edoceri.

646 2230 905 2297 Deinde
950 2230 1389 2296 accedendum
1436 2232 1537 2295 est
1580 2230 1668 2295 ad
1713 2252 1942 2297 causas
1987 2235 2054 2295 et
2097 2231 2382 2296 rationes
2412 2235 2678 2316 propter
2702 2240 2924 2293 Reasons
2934 2242 3012 2293 sor

571 2355 735 2419 quas
780 2354 1003 2399 omnes
1031 2333 1259 2415 sancti,
1290 2337 1362 2398 et
1391 2332 1651 2417 antiqui
1692 2332 2040 2418 sapientes,
2072 2332 2442 2398 didicerunt
2496 2332 2677 2398 Grae·
2700 2308 2966 2439 {ffnssffig‘

570 2458 720 2501 cum
764 2440 835 2501 et
879 2434 1257 2501 Hebraeum.
1349 2432 1442 2499 Et
1484 2434 1701 2520 prima
1744 2439 1848 2500 est
1891 2438 2158 2522 propter
2221 2436 2676 2500 necessitatem
2701 2444 2772 2507 by
2793 2443 2976 2493 earlier

565 2539 815 2624 linguae
876 2536 1176 2617 Latinae3
1268 2558 1417 2623 quae
1466 2537 1623 2602 licet
1687 2541 1960 2602 vocetur
2013 2536 2274 2618 Latina,
2355 2558 2503 2622 quae
2577 2542 2680 2603 est
2701 2508 2989 2625 3¹22?ssss

568 2639 641 2703 in
686 2660 826 2716 usu,
874 2644 1100 2704 tamen
1143 2639 1504 2725 composita
1570 2644 1671 2704 est
1738 2661 1824 2703 ex
1892 2638 2142 2705 Graecis
2205 2638 2546 2707 vocabulis
2611 2644 2680 2705 et
2703 2640 2936 2693 Hehrew.

573 2740 934 2820 HebraiciS‚
1006 2762 1153 2827 quae
1227 2739 1550 2805 vocabula
1626 2738 1852 2805 Latini
1926 2762 2047 2806 nec
2103 2740 2325 2807 sciunt
2399 2740 2678 2807 scribere

570 2864 691 2910 nec
758 2843 1063 2932 proferre,
1092 2841 1113 2880 ¹
1186 2864 1307 2909 nec
1382 2842 1824 2930 interpretari,
1910 2863 2030 2909 nec
2105 2842 2470 2925 declinare3
2559 2864 2682 2909 nec

570 2947 787 3012 sciunt
830 2969 978 3032 quae
1022 2951 1180 3012 sunt
1225 2945 1482 3026 Latina,
1528 2946 1639 3012 vel
1696 2945 1939 3025 Graeca,
1987 2944 2098 3010 vel
2145 2945 2474 3026 Hebraea3
2565 2947 2680 3012 sed

572 3049 801 3115 dicunt
844 3048 1141 3114 infinitas
1186 3048 1493 3126 insanias,
1540 3053 1620 3113 ut
1663 3048 2019 3114 videbitur.
2112 3047 2246 3114 Sed
2304 3049 2518 3134 primo
2561 3069 2677 3136 po·-

568 3173 727 3216 nam
769 3151 1136 3233 vocabula3
1197 3150 1433 3216 deinde
1492 3155 1768 3238 tangam
1815 3149 1896 3216 de
1941 3151 2269 3217 erroribus
2321 3151 2676 3217 secundum

571 3253 748 3338 quod
779 3258 1010 3341 potero
1040 3253 1128 3318 ad
1157 3253 1281 3318 hoc
1328 3257 1603 3340 tempus,
1649 3274 1893 3340 genera
1921 3253 2386 3318 vocabulorum
2429 3254 2676 3340 linguae

570 3355 843 3433 Latinae,
892 3355 1137 3422 scilicet
1181 3354 1421 3441 quibus
1466 3355 1719 3420 utimur
1763 3353 1836 3419 in
1866 3374 2162 3420 sermone
2207 3355 2556 3433 communi,
2606 3359 2675 3420 et

570 3457 1017 3540 ecclesiastico,
1094 3463 1163 3524 et
1236 3456 1617 3535 scientialia,
1689 3455 1768 3521 in
1859 3455 2100 3542 quibus
2191 3456 2677 3522 communicant

571 3581 797 3625 omnes
840 3559 1057 3628 clerici
1098 3559 1371 3626 literati.
1463 3557 1793 3639 Quoniam
1847 3577 1985 3622 non
2037 3557 2271 3643 loquor
2335 3559 2534 3624 modo
2594 3558 2676 3623 de

568 3662 953 3748 specialibus
1020 3661 1357 3728 vocabulis
1420 3661 1496 3726 in
1549 3659 1827 3748 singulis
1885 3659 2195 3741 scientiis,
2257 3659 2374 3726 sed
2419 3660 2502 3727 de
2547 3660 2679 3725 sin-

569 3765 743 3851 gulis
786 3765 1123 3832 vocabulis
1167 3765 1431 3830 illarum
1498 3763 1942 3846 scientiarum,
2007 3785 2155 3849 quae
2225 3770 2386 3828 sunt
2439 3763 2512 3828 in
2567 3783 2676 3828 oro

570 3869 863 3932 omnium
908 3868 1249 3934 ventilata.

666 3969 771 4036 De
804 3969 925 4049 his,
972 3991 1119 4056 quae
1162 3970 1239 4036 in
1282 3968 1459 4036 omni
1506 3989 1804 4036 sermone
1847 3969 2218 4037 ventilatur
2254 3973 2430 4049 sunt,
2461 3967 2680 4056 gratia
2705 3971 2890 4025 Woffls
2913 3973 2967 4024 iu

568 4072 871 4160 exempli,
928 4074 1152 4160 aliqua
1212 4073 1595 4159 hujusmodi
1664 4072 1906 4138 Graeca.
1999 4073 2320 4158 Abyssus,
2389 4072 2675 4150 adamas,
2702 4055 3014 4157 ζὲἑῃὲξξῖθᾱ

569 4175 1007 4254 adamantius,
1086 4181 1219 4257 ae'r,
1295 4197 1417 4262 age
1508 4178 1581 4240 et
1654 4181 1864 4262 agete,
1931 4174 2250 4242 adverbia
2321 4175 2632 4240 hortandi
2659 4198 2675 4254 ;
2700 4173 2832 4223 from
2853 4173 2938 4225 the

570 4277 747 4344 unde
822 4299 969 4365 aya,
1039 4299 1179 4365 age,
1240 4297 1475 4363 rumpe
1556 4297 1817 4356 moras;
1909 4277 2148 4364 agrius,
2224 4299 2414 4364 agon,
2498 4275 2676 4361 quod
2702 4239 2888 4386 ⁶¹⁵oess

568 4385 673 4446 est
745 4389 1077 4446 certamen
1166 4378 1278 4444 vel
1364 4378 1562 4459 lucta,
1638 4377 1896 4464 agonia,
1985 4383 2158 4466 aget,
2249 4377 2675 4458 alabastrum,

566 4483 965 4564 Alexander,
1011 4483 1379 4562 ametistus,
1432 4480 1881 4568 amygdalum,
1949 4501 2302 4562 amomum,
2349 4480 2527 4566 quod
2573 4485 2676 4546 est

1290 4808 1305 4839 ¹
1320 4807 1571 4876 profem]
1598 4807 1843 4860 doubtful.
