<?xml version="1.0" encoding="UTF-8"?>
<!DOCTYPE html PUBLIC "-//W3C//DTD XHTML 1.0 Transitional//EN"
    "http://www.w3.org/TR/xhtml1/DTD/xhtml1-transitional.dtd">
<html xmlns="http://www.w3.org/1999/xhtml" xml:lang="en" lang="en">
 <head>
  <title>
</title>
<meta http-equiv="Content-Type" content="text/html;charset=utf-8" />
  <meta name='ocr-system' content='tesseract 3.04.00' />
  <meta name='ocr-capabilities' content='ocr_page ocr_carea ocr_par ocr_line ocrx_word'/>
</head>
<body>
  <div class='ocr_page' id='page_1' title='image "./frrogeribaconop00brewgoog_0208.png"; bbox 0 0 3517 5750; ppageno 0'>
   <div class='ocr_carea' id='block_1_1' title="bbox 611 868 2712 959">
    <p class='ocr_par' dir='ltr' id='par_1_1' title="bbox 611 868 2712 959">
     <span class='ocr_line' id='line_1_1' title="bbox 611 868 2712 959; baseline -0.003 -22"><span class='ocrx_word' id='word_1_1' title='bbox 611 872 813 959; x_wconf 60' lang='lat' dir='ltr'><strong>xxm]</strong></span> <span class='ocrx_word' id='word_1_2' title='bbox 1398 884 1572 935; x_wconf 80' lang='lat' dir='ltr'><strong>orus</strong></span> <span class='ocrx_word' id='word_1_3' title='bbox 1616 884 1814 934; x_wconf 72' lang='lat' dir='ltr'><strong>&#39;num</strong></span> <span class='ocrx_word' id='word_1_4' title='bbox 1823 884 1934 934; x_wconf 78' lang='lat' dir='ltr'><strong>tm.</strong></span> <span class='ocrx_word' id='word_1_5' title='bbox 2628 868 2712 932; x_wconf 87' lang='lat'><strong>95</strong></span> 
     </span>
    </p>
   </div>
   <div class='ocr_carea' id='block_1_2' title="bbox 608 1056 2711 1330">
    <p class='ocr_par' dir='ltr' id='par_1_2' title="bbox 608 1056 2711 1330">
     <span class='ocr_line' id='line_1_2' title="bbox 612 1056 2711 1143; baseline -0.003 -18"><span class='ocrx_word' id='word_1_6' title='bbox 612 1060 933 1127; x_wconf 75' lang='lat' dir='ltr'><strong>Latinam.</strong></span> <span class='ocrx_word' id='word_1_7' title='bbox 1024 1058 1205 1124; x_wconf 80' lang='lat' dir='ltr'><strong>Nam</strong></span> <span class='ocrx_word' id='word_1_8' title='bbox 1281 1058 1561 1124; x_wconf 88' lang='lat' dir='ltr'><strong>ostendo</strong></span> <span class='ocrx_word' id='word_1_9' title='bbox 1622 1058 1952 1143; x_wconf 90' lang='lat' dir='ltr'><strong>quomodo</strong></span> <span class='ocrx_word' id='word_1_10' title='bbox 2012 1058 2114 1122; x_wconf 87' lang='lat' dir='ltr'><strong>est</strong></span> <span class='ocrx_word' id='word_1_11' title='bbox 2187 1056 2552 1141; x_wconf 74' lang='lat' dir='ltr'><strong>composita</strong></span> <span class='ocrx_word' id='word_1_12' title='bbox 2626 1076 2711 1120; x_wconf 79' lang='lat' dir='ltr'><strong>ex</strong></span> 
     </span>
     <span class='ocr_line' id='line_1_3' title="bbox 611 1158 2711 1243; baseline -0.004 -14"><span class='ocrx_word' id='word_1_13' title='bbox 611 1164 841 1229; x_wconf 84' lang='lat' dir='ltr'><strong>Graeeo</strong></span> <span class='ocrx_word' id='word_1_14' title='bbox 877 1167 947 1227; x_wconf 90' lang='lat' dir='ltr'><strong>et</strong></span> <span class='ocrx_word' id='word_1_15' title='bbox 992 1160 1314 1241; x_wconf 73' lang='lat' dir='ltr'><strong>Hebrse03</strong></span> <span class='ocrx_word' id='word_1_16' title='bbox 1362 1164 1505 1225; x_wconf 82' lang='lat' dir='ltr'><strong>tam</strong></span> <span class='ocrx_word' id='word_1_17' title='bbox 1544 1159 1620 1225; x_wconf 89' lang='lat' dir='ltr'><strong>in</strong></span> <span class='ocrx_word' id='word_1_18' title='bbox 1662 1158 2113 1227; x_wconf 78' lang='lat' dir='ltr'><strong>ecclesiasticis</strong></span> <span class='ocrx_word' id='word_1_19' title='bbox 2141 1158 2480 1223; x_wconf 79' lang='lat' dir='ltr'><strong>vocabulis</strong></span> <span class='ocrx_word' id='word_1_20' title='bbox 2509 1177 2711 1243; x_wconf 80' lang='lat' dir='ltr'><strong>quam</strong></span> 
     </span>
     <span class='ocr_line' id='line_1_4' title="bbox 608 1257 2710 1330; baseline -0.003 -1"><span class='ocrx_word' id='word_1_21' title='bbox 608 1266 682 1329; x_wconf 89' lang='lat' dir='ltr'><strong>in</strong></span> <span class='ocrx_word' id='word_1_22' title='bbox 734 1261 1204 1330; x_wconf 86' lang='lat' dir='ltr'><strong>communibus.</strong></span> <span class='ocrx_word' id='word_1_23' title='bbox 1310 1262 1405 1328; x_wconf 88' lang='lat' dir='ltr'><strong>Et</strong></span> <span class='ocrx_word' id='word_1_24' title='bbox 1448 1262 1633 1328; x_wconf 87' lang='lat' dir='ltr'><strong>utilis</strong></span> <span class='ocrx_word' id='word_1_25' title='bbox 1679 1266 1782 1327; x_wconf 88' lang='lat' dir='ltr'><strong>est</strong></span> <span class='ocrx_word' id='word_1_26' title='bbox 1829 1262 1972 1329; x_wconf 79' lang='lat' dir='ltr'><strong>haec</strong></span> <span class='ocrx_word' id='word_1_27' title='bbox 2016 1260 2453 1326; x_wconf 67' lang='lat' dir='ltr'><strong>consideratio</strong></span> <span class='ocrx_word' id='word_1_28' title='bbox 2497 1257 2710 1324; x_wconf 80' lang='lat' dir='ltr'><strong>valde.</strong></span> 
     </span>
    </p>
   </div>
   <div class='ocr_carea' id='block_1_3' title="bbox 1418 1660 1882 1729">
    <p class='ocr_par' dir='ltr' id='par_1_3' title="bbox 1418 1660 1882 1729">
     <span class='ocr_line' id='line_1_5' title="bbox 1418 1660 1882 1729; baseline -0.004 0"><span class='ocrx_word' id='word_1_29' title='bbox 1418 1662 1579 1729; x_wconf 76' lang='lat' dir='ltr'>CAP.</span> <span class='ocrx_word' id='word_1_30' title='bbox 1629 1660 1882 1727; x_wconf 87' lang='lat' dir='ltr'><strong>XXVI.</strong></span> 
     </span>
    </p>
   </div>
   <div class='ocr_carea' id='block_1_4' title="bbox 618 1874 3060 3086">
    <p class='ocr_par' dir='ltr' id='par_1_4' title="bbox 618 1874 3060 3086">
     <span class='ocr_line' id='line_1_6' title="bbox 708 1874 3036 1962; baseline 0 -23"><span class='ocrx_word' id='word_1_31' title='bbox 708 1874 991 1942; x_wconf 71' lang='lat' dir='ltr'>DEINDE</span> <span class='ocrx_word' id='word_1_32' title='bbox 1050 1894 1353 1962; x_wconf 83' lang='lat' dir='ltr'><strong>comparo</strong></span> <span class='ocrx_word' id='word_1_33' title='bbox 1409 1874 1788 1962; x_wconf 74' lang='lat' dir='ltr'><strong>linguarum</strong></span> <span class='ocrx_word' id='word_1_34' title='bbox 1829 1874 2188 1941; x_wconf 67' lang='lat' dir='ltr'><strong>utilitatem</strong></span> <span class='ocrx_word' id='word_1_35' title='bbox 2239 1876 2328 1939; x_wconf 80' lang='lat' dir='ltr'><strong>ad</strong></span> <span class='ocrx_word' id='word_1_36' title='bbox 2387 1874 2717 1941; x_wconf 82' lang='lat' dir='ltr'><strong>ecclesiam</strong></span> <span class='ocrx_word' id='word_1_37' title='bbox 2745 1879 2902 1933; x_wconf 83' lang='lat' dir='ltr'><strong>Other</strong></span> <span class='ocrx_word' id='word_1_38' title='bbox 2923 1897 3036 1933; x_wconf 78' lang='lat' dir='ltr'><strong>use·</strong></span> 
     </span>
     <span class='ocr_line' id='line_1_7' title="bbox 620 1948 2943 2065; baseline 0 -25"><span class='ocrx_word' id='word_1_39' title='bbox 620 1976 763 2058; x_wconf 92' lang='lat' dir='ltr'><strong>Dei,</strong></span> <span class='ocrx_word' id='word_1_40' title='bbox 816 1984 965 2042; x_wconf 88' lang='lat' dir='ltr'><strong>tum</strong></span> <span class='ocrx_word' id='word_1_41' title='bbox 1015 1982 1287 2064; x_wconf 86' lang='lat' dir='ltr'><strong>propter</strong></span> <span class='ocrx_word' id='word_1_42' title='bbox 1346 1976 1627 2043; x_wconf 88' lang='lat' dir='ltr'><strong>officium</strong></span> <span class='ocrx_word' id='word_1_43' title='bbox 1680 1974 2010 2057; x_wconf 84' lang='lat' dir='ltr'><strong>divinum,</strong></span> <span class='ocrx_word' id='word_1_44' title='bbox 2061 1982 2206 2043; x_wconf 91' lang='lat' dir='ltr'><strong>tum</strong></span> <span class='ocrx_word' id='word_1_45' title='bbox 2256 1983 2527 2064; x_wconf 88' lang='lat' dir='ltr'><strong>propter</strong></span> <span class='ocrx_word' id='word_1_46' title='bbox 2570 1998 2718 2041; x_wconf 91' lang='lat' dir='ltr'><strong>con-</strong></span> <span class='ocrx_word' id='word_1_47' title='bbox 2743 1948 2943 2065; x_wconf 52' lang='grc' dir='ltr'><strong>ἷζιῗξξᾱ</strong></span> 
     </span>
     <span class='ocr_line' id='line_1_8' title="bbox 619 2075 3013 2166; baseline 0.001 -22"><span class='ocrx_word' id='word_1_48' title='bbox 619 2080 1006 2146; x_wconf 78' lang='lat' dir='ltr'><strong>sectationes</strong></span> <span class='ocrx_word' id='word_1_49' title='bbox 1051 2075 1465 2145; x_wconf 87' lang='lat' dir='ltr'><strong>ecclesiarum</strong></span> <span class='ocrx_word' id='word_1_50' title='bbox 1516 2086 1587 2145; x_wconf 88' lang='lat' dir='ltr'><strong>et</strong></span> <span class='ocrx_word' id='word_1_51' title='bbox 1632 2078 2026 2166; x_wconf 83' lang='lat' dir='ltr'><strong>hujusmodi,</strong></span> <span class='ocrx_word' id='word_1_52' title='bbox 2074 2084 2218 2145; x_wconf 90' lang='lat' dir='ltr'><strong>tum</strong></span> <span class='ocrx_word' id='word_1_53' title='bbox 2272 2083 2540 2166; x_wconf 87' lang='lat' dir='ltr'><strong>propter</strong></span> <span class='ocrx_word' id='word_1_54' title='bbox 2587 2078 2720 2143; x_wconf 83' lang='lat' dir='ltr'><strong>alia</strong></span> <span class='ocrx_word' id='word_1_55' title='bbox 2743 2081 3013 2159; x_wconf 49' lang='grc' dir='ltr'><strong>ΨΜ</strong></span> 
     </span>
     <span class='ocr_line' id='line_1_9' title="bbox 621 2147 3040 2264; baseline 0 -18"><span class='ocrx_word' id='word_1_56' title='bbox 621 2183 965 2247; x_wconf 79' lang='lat' dir='ltr'><strong>secretiora</strong></span> <span class='ocrx_word' id='word_1_57' title='bbox 1041 2182 1123 2247; x_wconf 90' lang='lat' dir='ltr'><strong>de</strong></span> <span class='ocrx_word' id='word_1_58' title='bbox 1196 2200 1389 2247; x_wconf 87' lang='lat' dir='ltr'><strong>cursu</strong></span> <span class='ocrx_word' id='word_1_59' title='bbox 1448 2182 1657 2247; x_wconf 89' lang='lat' dir='ltr'><strong>totius</strong></span> <span class='ocrx_word' id='word_1_60' title='bbox 1724 2180 2026 2261; x_wconf 72' lang='lat' dir='ltr'><strong>ecclesiae,</strong></span> <span class='ocrx_word' id='word_1_61' title='bbox 2089 2180 2450 2247; x_wconf 85' lang='lat' dir='ltr'><strong>secundum</strong></span> <span class='ocrx_word' id='word_1_62' title='bbox 2494 2200 2718 2246; x_wconf 85' lang='lat' dir='ltr'><strong>omnes</strong></span> <span class='ocrx_word' id='word_1_63' title='bbox 2743 2147 3040 2264; x_wconf 39' lang='lat' dir='ltr'><strong>aggf-{sie</strong></span> 
     </span>
     <span class='ocr_line' id='line_1_10' title="bbox 624 2279 3060 2396; baseline 0 -47"><span class='ocrx_word' id='word_1_64' title='bbox 624 2288 836 2350; x_wconf 71' lang='lat' dir='ltr'><strong>status</strong></span> <span class='ocrx_word' id='word_1_65' title='bbox 894 2304 935 2349; x_wconf 81' lang='lat' dir='ltr'>a</span> <span class='ocrx_word' id='word_1_66' title='bbox 993 2281 1318 2370; x_wconf 87' lang='lat' dir='ltr'><strong>principio</strong></span> <span class='ocrx_word' id='word_1_67' title='bbox 1376 2304 1583 2370; x_wconf 87' lang='lat' dir='ltr'><strong>usque</strong></span> <span class='ocrx_word' id='word_1_68' title='bbox 1635 2282 1753 2348; x_wconf 77' lang='lat' dir='ltr'><strong>ad¹</strong></span> <span class='ocrx_word' id='word_1_69' title='bbox 1803 2282 2021 2363; x_wconf 89' lang='lat' dir='ltr'><strong>finem,</strong></span> <span class='ocrx_word' id='word_1_70' title='bbox 2084 2283 2444 2349; x_wconf 87' lang='lat' dir='ltr'><strong>secundum</strong></span> <span class='ocrx_word' id='word_1_71' title='bbox 2509 2288 2722 2371; x_wconf 81' lang='lat' dir='ltr'><strong>potes·</strong></span> <span class='ocrx_word' id='word_1_72' title='bbox 2745 2279 3060 2396; x_wconf 53' lang='grc' dir='ltr'><strong>ἓξὲἱξξέῡᾱ</strong></span> 
     </span>
     <span class='ocr_line' id='line_1_11' title="bbox 618 2384 2724 2474; baseline -0 -22"><span class='ocrx_word' id='word_1_73' title='bbox 618 2390 826 2452; x_wconf 81' lang='lat' dir='ltr'><strong>tatem</strong></span> <span class='ocrx_word' id='word_1_74' title='bbox 873 2386 1232 2451; x_wconf 82' lang='lat' dir='ltr'><strong>literarum.</strong></span> <span class='ocrx_word' id='word_1_75' title='bbox 1326 2384 1503 2467; x_wconf 79' lang='lat' dir='ltr'><strong>Quia</strong></span> <span class='ocrx_word' id='word_1_76' title='bbox 1546 2384 1688 2451; x_wconf 82' lang='lat' dir='ltr'><strong>iota</strong></span> <span class='ocrx_word' id='word_1_77' title='bbox 1737 2406 1947 2450; x_wconf 90' lang='lat' dir='ltr'><strong>unum</strong></span> <span class='ocrx_word' id='word_1_78' title='bbox 1994 2388 2114 2451; x_wconf 77' lang='lat' dir='ltr'><strong>aut</strong></span> <span class='ocrx_word' id='word_1_79' title='bbox 2148 2406 2320 2451; x_wconf 89' lang='lat' dir='ltr'><strong>unus</strong></span> <span class='ocrx_word' id='word_1_80' title='bbox 2371 2406 2543 2474; x_wconf 81' lang='lat' dir='ltr'><strong>apex</strong></span> <span class='ocrx_word' id='word_1_81' title='bbox 2585 2408 2724 2453; x_wconf 91' lang='lat' dir='ltr'><strong>non</strong></span> 
     </span>
     <span class='ocr_line' id='line_1_12' title="bbox 622 2484 2720 2575; baseline 0 -21"><span class='ocrx_word' id='word_1_82' title='bbox 622 2488 993 2575; x_wconf 68' lang='lat' dir='ltr'><strong>praeteribit</strong></span> <span class='ocrx_word' id='word_1_83' title='bbox 1038 2510 1079 2553; x_wconf 84' lang='lat' dir='ltr'><strong>a</strong></span> <span class='ocrx_word' id='word_1_84' title='bbox 1128 2486 1270 2575; x_wconf 87' lang='lat' dir='ltr'><strong>lege</strong></span> <span class='ocrx_word' id='word_1_85' title='bbox 1300 2488 1505 2554; x_wconf 87' lang='lat' dir='ltr'><strong>donec</strong></span> <span class='ocrx_word' id='word_1_86' title='bbox 1549 2484 1772 2553; x_wconf 83' lang='lat' dir='ltr'><strong>omnia</strong></span> <span class='ocrx_word' id='word_1_87' title='bbox 1823 2488 2005 2554; x_wconf 77' lang='lat' dir='ltr'><strong>fiant.</strong></span> <span class='ocrx_word' id='word_1_88' title='bbox 2098 2486 2192 2553; x_wconf 84' lang='lat' dir='ltr'><strong>Et</strong></span> <span class='ocrx_word' id='word_1_89' title='bbox 2236 2488 2379 2555; x_wconf 85' lang='lat' dir='ltr'><strong>haec</strong></span> <span class='ocrx_word' id='word_1_90' title='bbox 2431 2487 2720 2554; x_wconf 88' lang='lat' dir='ltr'><strong>conside-</strong></span> 
     </span>
     <span class='ocr_line' id='line_1_13' title="bbox 627 2587 2723 2678; baseline 0.001 -23"><span class='ocrx_word' id='word_1_91' title='bbox 627 2590 801 2655; x_wconf 76' lang='lat' dir='ltr'><strong>ratio</strong></span> <span class='ocrx_word' id='word_1_92' title='bbox 860 2587 1040 2656; x_wconf 82' lang='lat' dir='ltr'><strong>valet</strong></span> <span class='ocrx_word' id='word_1_93' title='bbox 1106 2590 1392 2656; x_wconf 84' lang='lat' dir='ltr'><strong>multum</strong></span> <span class='ocrx_word' id='word_1_94' title='bbox 1474 2612 1593 2678; x_wconf 87' lang='lat' dir='ltr'><strong>pro</strong></span> <span class='ocrx_word' id='word_1_95' title='bbox 1652 2588 1892 2656; x_wconf 87' lang='lat' dir='ltr'><strong>futuris</strong></span> <span class='ocrx_word' id='word_1_96' title='bbox 1949 2588 2252 2676; x_wconf 87' lang='lat' dir='ltr'><strong>periculis</strong></span> <span class='ocrx_word' id='word_1_97' title='bbox 2323 2590 2723 2657; x_wconf 88' lang='lat' dir='ltr'><strong>Antichristi</strong></span> 
     </span>
     <span class='ocr_line' id='line_1_14' title="bbox 628 2692 2721 2773; baseline 0 -14"><span class='ocrx_word' id='word_1_98' title='bbox 628 2697 699 2759; x_wconf 86' lang='lat' dir='ltr'><strong>et</strong></span> <span class='ocrx_word' id='word_1_99' title='bbox 750 2692 1027 2757; x_wconf 74' lang='lat' dir='ltr'><strong>aliorum</strong></span> <span class='ocrx_word' id='word_1_100' title='bbox 1054 2692 1589 2773; x_wconf 62' lang='lat' dir='ltr'><strong>considerandis?</strong></span> <span class='ocrx_word' id='word_1_101' title='bbox 1632 2694 1802 2759; x_wconf 90' lang='lat' dir='ltr'><strong>sicut</strong></span> <span class='ocrx_word' id='word_1_102' title='bbox 1831 2692 2100 2758; x_wconf 76' lang='lat' dir='ltr'><strong>docetur</strong></span> <span class='ocrx_word' id='word_1_103' title='bbox 2146 2693 2318 2759; x_wconf 89' lang='lat' dir='ltr'><strong>libro</strong></span> <span class='ocrx_word' id='word_1_104' title='bbox 2365 2692 2466 2759; x_wconf 91' lang='lat' dir='ltr'><strong>De</strong></span> <span class='ocrx_word' id='word_1_105' title='bbox 2509 2692 2721 2759; x_wconf 84' lang='lat' dir='ltr'><strong>Semi-</strong></span> 
     </span>
     <span class='ocr_line' id='line_1_15' title="bbox 625 2794 2718 2884; baseline 0 -25"><span class='ocrx_word' id='word_1_106' title='bbox 625 2794 821 2861; x_wconf 88' lang='lat' dir='ltr'><strong>nibus</strong></span> <span class='ocrx_word' id='word_1_107' title='bbox 864 2794 1396 2883; x_wconf 81' lang='lat' dir='ltr'><strong>Scripturarum3</strong></span> <span class='ocrx_word' id='word_1_108' title='bbox 1470 2797 1551 2861; x_wconf 92' lang='lat' dir='ltr'><strong>ut</strong></span> <span class='ocrx_word' id='word_1_109' title='bbox 1593 2816 1715 2884; x_wconf 86' lang='lat' dir='ltr'><strong>ego</strong></span> <span class='ocrx_word' id='word_1_110' title='bbox 1760 2814 2018 2882; x_wconf 82' lang='lat' dir='ltr'><strong>expono</strong></span> <span class='ocrx_word' id='word_1_111' title='bbox 2077 2794 2152 2859; x_wconf 90' lang='lat' dir='ltr'><strong>in</strong></span> <span class='ocrx_word' id='word_1_112' title='bbox 2199 2794 2320 2861; x_wconf 91' lang='lat' dir='ltr'><strong>hoc</strong></span> <span class='ocrx_word' id='word_1_113' title='bbox 2379 2796 2534 2862; x_wconf 91' lang='lat' dir='ltr'><strong>loco.</strong></span> <span class='ocrx_word' id='word_1_114' title='bbox 2625 2794 2718 2861; x_wconf 85' lang='lat' dir='ltr'><strong>Et</strong></span> 
     </span>
     <span class='ocr_line' id='line_1_16' title="bbox 624 2895 2724 2985; baseline 0.001 -22"><span class='ocrx_word' id='word_1_115' title='bbox 624 2902 921 2984; x_wconf 84' lang='lat' dir='ltr'><strong>respectu</strong></span> <span class='ocrx_word' id='word_1_116' title='bbox 965 2897 1338 2985; x_wconf 67' lang='lat' dir='ltr'><strong>reipublicae</strong></span> <span class='ocrx_word' id='word_1_117' title='bbox 1388 2895 1681 2964; x_wconf 89' lang='lat' dir='ltr'><strong>fidelium</strong></span> <span class='ocrx_word' id='word_1_118' title='bbox 1729 2896 2079 2963; x_wconf 82' lang='lat' dir='ltr'><strong>manifesta</strong></span> <span class='ocrx_word' id='word_1_119' title='bbox 2119 2902 2221 2964; x_wconf 87' lang='lat' dir='ltr'><strong>est</strong></span> <span class='ocrx_word' id='word_1_120' title='bbox 2271 2897 2548 2981; x_wconf 77' lang='lat' dir='ltr'><strong>utilitas,</strong></span> <span class='ocrx_word' id='word_1_121' title='bbox 2577 2903 2724 2965; x_wconf 90' lang='lat' dir='ltr'><strong>tum</strong></span> 
     </span>
     <span class='ocr_line' id='line_1_17' title="bbox 626 3000 2723 3086; baseline 0.001 -22"><span class='ocrx_word' id='word_1_122' title='bbox 626 3004 894 3086; x_wconf 89' lang='lat' dir='ltr'><strong>propter</strong></span> <span class='ocrx_word' id='word_1_123' title='bbox 952 3003 1215 3086; x_wconf 74' lang='lat' dir='ltr'><strong>treugas</strong></span> <span class='ocrx_word' id='word_1_124' title='bbox 1275 3005 1344 3067; x_wconf 90' lang='lat' dir='ltr'><strong>et</strong></span> <span class='ocrx_word' id='word_1_125' title='bbox 1402 3021 1632 3086; x_wconf 81' lang='lat' dir='ltr'><strong>pacem</strong></span> <span class='ocrx_word' id='word_1_126' title='bbox 1688 3000 1865 3066; x_wconf 89' lang='lat' dir='ltr'><strong>inter</strong></span> <span class='ocrx_word' id='word_1_127' title='bbox 1920 3021 2042 3065; x_wconf 91' lang='lat' dir='ltr'><strong>nos</strong></span> <span class='ocrx_word' id='word_1_128' title='bbox 2100 3005 2170 3066; x_wconf 88' lang='lat' dir='ltr'><strong>et</strong></span> <span class='ocrx_word' id='word_1_129' title='bbox 2229 3001 2394 3067; x_wconf 81' lang='lat' dir='ltr'><strong>alios</strong></span> <span class='ocrx_word' id='word_1_130' title='bbox 2467 3007 2723 3068; x_wconf 84' lang='lat' dir='ltr'><strong>contra-</strong></span> 
     </span>
    </p>
   </div>
   <div class='ocr_carea' id='block_1_5' title="bbox 622 3101 3048 4418">
    <p class='ocr_par' dir='ltr' id='par_1_5' title="bbox 627 3101 2729 3292">
     <span class='ocr_line' id='line_1_18' title="bbox 627 3101 2729 3191; baseline 0.001 -25"><span class='ocrx_word' id='word_1_131' title='bbox 627 3101 891 3182; x_wconf 78' lang='lat' dir='ltr'><strong>hendas,</strong></span> <span class='ocrx_word' id='word_1_132' title='bbox 964 3107 1115 3168; x_wconf 87' lang='lat' dir='ltr'><strong>tum</strong></span> <span class='ocrx_word' id='word_1_133' title='bbox 1205 3105 1475 3188; x_wconf 88' lang='lat' dir='ltr'><strong>propter</strong></span> <span class='ocrx_word' id='word_1_134' title='bbox 1566 3103 1994 3168; x_wconf 75' lang='lat' dir='ltr'><strong>mercationes</strong></span> <span class='ocrx_word' id='word_1_135' title='bbox 2069 3109 2138 3168; x_wconf 88' lang='lat' dir='ltr'><strong>et</strong></span> <span class='ocrx_word' id='word_1_136' title='bbox 2211 3104 2478 3191; x_wconf 79' lang='lat' dir='ltr'><strong>negotia</strong></span> <span class='ocrx_word' id='word_1_137' title='bbox 2541 3105 2729 3170; x_wconf 78' lang='lat' dir='ltr'><strong>varia.</strong></span> 
     </span>
     <span class='ocr_line' id='line_1_19' title="bbox 628 3203 2726 3292; baseline 0.002 -25"><span class='ocrx_word' id='word_1_138' title='bbox 628 3204 975 3270; x_wconf 76' lang='lat' dir='ltr'><strong>tractanda</strong></span> <span class='ocrx_word' id='word_1_139' title='bbox 1033 3225 1183 3269; x_wconf 86' lang='lat' dir='ltr'><strong>cum</strong></span> <span class='ocrx_word' id='word_1_140' title='bbox 1234 3203 1381 3269; x_wconf 79' lang='lat' dir='ltr'><strong>aliis</strong></span> <span class='ocrx_word' id='word_1_141' title='bbox 1426 3203 1825 3286; x_wconf 75' lang='lat' dir='ltr'><strong>nationibuS,</strong></span> <span class='ocrx_word' id='word_1_142' title='bbox 1858 3209 1928 3270; x_wconf 89' lang='lat' dir='ltr'><strong>et</strong></span> <span class='ocrx_word' id='word_1_143' title='bbox 1984 3209 2252 3292; x_wconf 86' lang='lat' dir='ltr'><strong>propter</strong></span> <span class='ocrx_word' id='word_1_144' title='bbox 2308 3205 2523 3272; x_wconf 82' lang='lat' dir='ltr'><strong>multa</strong></span> <span class='ocrx_word' id='word_1_145' title='bbox 2580 3205 2726 3271; x_wconf 82' lang='lat' dir='ltr'><strong>alia.</strong></span> 
     </span>
    </p>

    <p class='ocr_par' dir='ltr' id='par_1_6' title="bbox 628 3303 3048 4109">
     <span class='ocr_line' id='line_1_20' title="bbox 630 3303 2724 3373; baseline 0.001 -4"><span class='ocrx_word' id='word_1_146' title='bbox 630 3304 721 3370; x_wconf 87' lang='lat' dir='ltr'><strong>Et</strong></span> <span class='ocrx_word' id='word_1_147' title='bbox 794 3303 881 3371; x_wconf 79' lang='lat' dir='ltr'><strong>ad</strong></span> <span class='ocrx_word' id='word_1_148' title='bbox 955 3303 1443 3372; x_wconf 81' lang='lat' dir='ltr'><strong>conversionem</strong></span> <span class='ocrx_word' id='word_1_149' title='bbox 1536 3305 1901 3371; x_wconf 87' lang='lat' dir='ltr'><strong>infidelium</strong></span> <span class='ocrx_word' id='word_1_150' title='bbox 2000 3313 2069 3372; x_wconf 90' lang='lat' dir='ltr'><strong>et</strong></span> <span class='ocrx_word' id='word_1_151' title='bbox 2164 3307 2724 3373; x_wconf 82' lang='lat' dir='ltr'><strong>schismaticorum</strong></span> 
     </span>
     <span class='ocr_line' id='line_1_21' title="bbox 628 3403 2986 3496; baseline 0 -24"><span class='ocrx_word' id='word_1_152' title='bbox 628 3405 977 3473; x_wconf 78' lang='lat' dir='ltr'><strong>manifesta</strong></span> <span class='ocrx_word' id='word_1_153' title='bbox 1026 3413 1131 3473; x_wconf 85' lang='lat' dir='ltr'><strong>est</strong></span> <span class='ocrx_word' id='word_1_154' title='bbox 1180 3405 1437 3474; x_wconf 75' lang='lat' dir='ltr'><strong>utilitas</strong></span> <span class='ocrx_word' id='word_1_155' title='bbox 1486 3405 1877 3496; x_wconf 77' lang='lat' dir='ltr'><strong>linguarum.</strong></span> <span class='ocrx_word' id='word_1_156' title='bbox 1973 3403 2104 3472; x_wconf 85' lang='lat' dir='ltr'><strong>Sed</strong></span> <span class='ocrx_word' id='word_1_157' title='bbox 2143 3406 2224 3472; x_wconf 88' lang='lat' dir='ltr'><strong>de</strong></span> <span class='ocrx_word' id='word_1_158' title='bbox 2276 3407 2729 3494; x_wconf 70' lang='lat' dir='ltr'><strong>reprobatione</strong></span> <span class='ocrx_word' id='word_1_159' title='bbox 2755 3421 2879 3472; x_wconf 78' lang='lat' dir='ltr'><strong>And</strong></span> <span class='ocrx_word' id='word_1_160' title='bbox 2900 3421 2986 3472; x_wconf 84' lang='lat' dir='ltr'><strong>the</strong></span> 
     </span>
     <span class='ocr_line' id='line_1_22' title="bbox 632 3487 3048 3608; baseline 0 -34"><span class='ocrx_word' id='word_1_161' title='bbox 632 3529 859 3576; x_wconf 83' lang='lat' dir='ltr'><strong>eorum</strong></span> <span class='ocrx_word' id='word_1_162' title='bbox 902 3508 1017 3596; x_wconf 89' lang='lat' dir='ltr'><strong>qui</strong></span> <span class='ocrx_word' id='word_1_163' title='bbox 1091 3511 1385 3576; x_wconf 83' lang='lat' dir='ltr'><strong>converti</strong></span> <span class='ocrx_word' id='word_1_164' title='bbox 1428 3531 1613 3608; x_wconf 32' lang='lat' dir='ltr'><strong>‘non</strong></span> <span class='ocrx_word' id='word_1_165' title='bbox 1684 3513 1977 3597; x_wconf 82' lang='lat' dir='ltr'><strong>possunt,</strong></span> <span class='ocrx_word' id='word_1_166' title='bbox 2053 3529 2188 3574; x_wconf 88' lang='lat' dir='ltr'><strong>non</strong></span> <span class='ocrx_word' id='word_1_167' title='bbox 2262 3513 2364 3574; x_wconf 88' lang='lat' dir='ltr'><strong>est</strong></span> <span class='ocrx_word' id='word_1_168' title='bbox 2437 3509 2723 3575; x_wconf 85' lang='lat' dir='ltr'><strong>evidens.</strong></span> <span class='ocrx_word' id='word_1_169' title='bbox 2754 3487 3048 3606; x_wconf 52' lang='grc' dir='ltr'><strong>ξζῖζξῗὲῗξ</strong></span> 
     </span>
     <span class='ocr_line' id='line_1_23' title="bbox 635 3609 2876 3697; baseline -0.003 -20"><span class='ocrx_word' id='word_1_170' title='bbox 635 3611 813 3678; x_wconf 80' lang='lat' dir='ltr'><strong>Nam</strong></span> <span class='ocrx_word' id='word_1_171' title='bbox 892 3609 1049 3678; x_wconf 79' lang='lat' dir='ltr'><strong>hoc³</strong></span> <span class='ocrx_word' id='word_1_172' title='bbox 1080 3615 1179 3678; x_wconf 85' lang='lat' dir='ltr'><strong>est</strong></span> <span class='ocrx_word' id='word_1_173' title='bbox 1224 3633 1431 3678; x_wconf 90' lang='lat' dir='ltr'><strong>unum</strong></span> <span class='ocrx_word' id='word_1_174' title='bbox 1479 3612 1561 3677; x_wconf 89' lang='lat' dir='ltr'><strong>de</strong></span> <span class='ocrx_word' id='word_1_175' title='bbox 1622 3611 1884 3678; x_wconf 87' lang='lat' dir='ltr'><strong>secretis</strong></span> <span class='ocrx_word' id='word_1_176' title='bbox 1943 3617 2353 3691; x_wconf 88' lang='lat' dir='ltr'><strong>secretorum,</strong></span> <span class='ocrx_word' id='word_1_177' title='bbox 2418 3614 2486 3677; x_wconf 91' lang='lat' dir='ltr'><strong>et</strong></span> <span class='ocrx_word' id='word_1_178' title='bbox 2549 3611 2726 3697; x_wconf 92' lang='lat' dir='ltr'><strong>quod</strong></span> <span class='ocrx_word' id='word_1_179' title='bbox 2756 3623 2876 3672; x_wconf 78' lang='lat' dir='ltr'><strong>dels.</strong></span> 
     </span>
     <span class='ocr_line' id='line_1_24' title="bbox 636 3713 2730 3802; baseline 0.001 -24"><span class='ocrx_word' id='word_1_180' title='bbox 636 3713 815 3800; x_wconf 83' lang='lat' dir='ltr'><strong>apud</strong></span> <span class='ocrx_word' id='word_1_181' title='bbox 884 3715 1161 3802; x_wconf 77' lang='lat' dir='ltr'><strong>vulgum</strong></span> <span class='ocrx_word' id='word_1_182' title='bbox 1203 3719 1623 3802; x_wconf 77' lang='lat' dir='ltr'><strong>reputaretur</strong></span> <span class='ocrx_word' id='word_1_183' title='bbox 1695 3715 2023 3802; x_wconf 82' lang='lat' dir='ltr'><strong>magicum</strong></span> <span class='ocrx_word' id='word_1_184' title='bbox 2067 3717 2176 3781; x_wconf 82' lang='lat' dir='ltr'><strong>vel</strong></span> <span class='ocrx_word' id='word_1_185' title='bbox 2248 3713 2504 3780; x_wconf 79' lang='lat' dir='ltr'><strong>falsum.</strong></span> <span class='ocrx_word' id='word_1_186' title='bbox 2598 3713 2730 3781; x_wconf 85' lang='lat' dir='ltr'><strong>Sed</strong></span> 
     </span>
     <span class='ocr_line' id='line_1_25' title="bbox 632 3813 2730 3903; baseline 0.001 -23"><span class='ocrx_word' id='word_1_187' title='bbox 632 3813 1079 3903; x_wconf 77' lang='lat' dir='ltr'><strong>philosophica</strong></span> <span class='ocrx_word' id='word_1_188' title='bbox 1136 3822 1235 3883; x_wconf 87' lang='lat' dir='ltr'><strong>est</strong></span> <span class='ocrx_word' id='word_1_189' title='bbox 1282 3815 1424 3884; x_wconf 83' lang='lat' dir='ltr'><strong>haec</strong></span> <span class='ocrx_word' id='word_1_190' title='bbox 1498 3815 1934 3883; x_wconf 80' lang='lat' dir='ltr'><strong>consideratio</strong></span> <span class='ocrx_word' id='word_1_191' title='bbox 1995 3820 2065 3882; x_wconf 88' lang='lat' dir='ltr'><strong>et</strong></span> <span class='ocrx_word' id='word_1_192' title='bbox 2123 3823 2512 3896; x_wconf 80' lang='lat' dir='ltr'><strong>sanctorum,</strong></span> <span class='ocrx_word' id='word_1_193' title='bbox 2576 3815 2730 3883; x_wconf 86' lang='lat' dir='ltr'><strong>licet</strong></span> 
     </span>
     <span class='ocr_line' id='line_1_26' title="bbox 636 3915 2731 4009; baseline 0.001 -25"><span class='ocrx_word' id='word_1_194' title='bbox 636 3915 991 3984; x_wconf 81' lang='lat' dir='ltr'><strong>consimilis</strong></span> <span class='ocrx_word' id='word_1_195' title='bbox 1038 3925 1108 3985; x_wconf 91' lang='lat' dir='ltr'><strong>et</strong></span> <span class='ocrx_word' id='word_1_196' title='bbox 1158 3918 1231 3984; x_wconf 89' lang='lat' dir='ltr'><strong>in</strong></span> <span class='ocrx_word' id='word_1_197' title='bbox 1284 3919 1529 3985; x_wconf 88' lang='lat' dir='ltr'><strong>eisdem</strong></span> <span class='ocrx_word' id='word_1_198' title='bbox 1580 3918 1779 3985; x_wconf 84' lang='lat' dir='ltr'><strong>rebus</strong></span> <span class='ocrx_word' id='word_1_199' title='bbox 1826 3919 1916 3984; x_wconf 85' lang='lat' dir='ltr'><strong>sit</strong></span> <span class='ocrx_word' id='word_1_200' title='bbox 1968 3921 2303 4006; x_wconf 81' lang='lat' dir='ltr'><strong>occupatio</strong></span> <span class='ocrx_word' id='word_1_201' title='bbox 2363 3919 2617 4009; x_wconf 80' lang='lat' dir='ltr'><strong>magica</strong></span> <span class='ocrx_word' id='word_1_202' title='bbox 2661 3926 2731 3987; x_wconf 89' lang='lat' dir='ltr'><strong>et</strong></span> 
     </span>
     <span class='ocr_line' id='line_1_27' title="bbox 632 4019 2734 4109; baseline 0.001 -22"><span class='ocrx_word' id='word_1_203' title='bbox 632 4019 1022 4087; x_wconf 77' lang='lat' dir='ltr'><strong>vetularum.</strong></span> <span class='ocrx_word' id='word_1_204' title='bbox 1113 4020 1364 4088; x_wconf 82' lang='lat' dir='ltr'><strong>Eadem</strong></span> <span class='ocrx_word' id='word_1_205' title='bbox 1416 4023 1591 4087; x_wconf 89' lang='lat' dir='ltr'><strong>enim</strong></span> <span class='ocrx_word' id='word_1_206' title='bbox 1634 4043 1737 4086; x_wconf 89' lang='lat' dir='ltr'><strong>res</strong></span> <span class='ocrx_word' id='word_1_207' title='bbox 1789 4027 2010 4109; x_wconf 86' lang='lat' dir='ltr'><strong>potest</strong></span> <span class='ocrx_word' id='word_1_208' title='bbox 2058 4022 2202 4088; x_wconf 83' lang='lat' dir='ltr'><strong>fieri</strong></span> <span class='ocrx_word' id='word_1_209' title='bbox 2228 4023 2396 4090; x_wconf 90' lang='lat' dir='ltr'><strong>bene</strong></span> <span class='ocrx_word' id='word_1_210' title='bbox 2425 4029 2495 4090; x_wconf 92' lang='lat' dir='ltr'><strong>et</strong></span> <span class='ocrx_word' id='word_1_211' title='bbox 2522 4023 2734 4106; x_wconf 77' lang='lat' dir='ltr'><strong>male3</strong></span> 
     </span>
    </p>

    <p class='ocr_par' dir='ltr' id='par_1_7' title="bbox 622 4121 2738 4418">
     <span class='ocr_line' id='line_1_28' title="bbox 634 4121 2737 4211; baseline 0.002 -23"><span class='ocrx_word' id='word_1_212' title='bbox 634 4128 704 4188; x_wconf 89' lang='lat' dir='ltr'><strong>et</strong></span> <span class='ocrx_word' id='word_1_213' title='bbox 762 4145 877 4211; x_wconf 90' lang='lat' dir='ltr'><strong>per</strong></span> <span class='ocrx_word' id='word_1_214' title='bbox 935 4121 1213 4190; x_wconf 80' lang='lat' dir='ltr'><strong>eandem</strong></span> <span class='ocrx_word' id='word_1_215' title='bbox 1269 4145 1411 4190; x_wconf 92' lang='lat' dir='ltr'><strong>rem</strong></span> <span class='ocrx_word' id='word_1_216' title='bbox 1471 4129 1747 4211; x_wconf 89' lang='lat' dir='ltr'><strong>possunt</strong></span> <span class='ocrx_word' id='word_1_217' title='bbox 1790 4123 1967 4191; x_wconf 81' lang='lat' dir='ltr'><strong>bona.</strong></span> <span class='ocrx_word' id='word_1_218' title='bbox 2012 4131 2082 4192; x_wconf 86' lang='lat' dir='ltr'><strong>et</strong></span> <span class='ocrx_word' id='word_1_219' title='bbox 2137 4127 2314 4191; x_wconf 75' lang='lat' dir='ltr'><strong>mala.</strong></span> <span class='ocrx_word' id='word_1_220' title='bbox 2371 4127 2532 4194; x_wconf 81' lang='lat' dir='ltr'><strong>fieri.</strong></span> <span class='ocrx_word' id='word_1_221' title='bbox 2645 4127 2737 4192; x_wconf 86' lang='lat' dir='ltr'><strong>Et</strong></span> 
     </span>
     <span class='ocr_line' id='line_1_29' title="bbox 622 4225 2738 4314; baseline 0.002 -24"><span class='ocrx_word' id='word_1_222' title='bbox 622 4225 834 4310; x_wconf 83' lang='lat' dir='ltr'><strong>judex</strong></span> <span class='ocrx_word' id='word_1_223' title='bbox 886 4227 1230 4314; x_wconf 81' lang='lat' dir='ltr'><strong>suspendit</strong></span> <span class='ocrx_word' id='word_1_224' title='bbox 1277 4227 1613 4293; x_wconf 89' lang='lat' dir='ltr'><strong>hominem</strong></span> <span class='ocrx_word' id='word_1_225' title='bbox 1670 4228 2026 4293; x_wconf 89' lang='lat' dir='ltr'><strong>secundum</strong></span> <span class='ocrx_word' id='word_1_226' title='bbox 2067 4228 2410 4314; x_wconf 84' lang='lat' dir='ltr'><strong>judicium,</strong></span> <span class='ocrx_word' id='word_1_227' title='bbox 2450 4236 2521 4296; x_wconf 92' lang='lat' dir='ltr'><strong>et</strong></span> <span class='ocrx_word' id='word_1_228' title='bbox 2570 4230 2738 4295; x_wconf 77' lang='lat' dir='ltr'><strong>alius</strong></span> 
     </span>
     <span class='ocr_line' id='line_1_30' title="bbox 632 4327 2737 4418; baseline 0.002 -26"><span class='ocrx_word' id='word_1_229' title='bbox 632 4327 948 4396; x_wconf 86' lang='lat' dir='ltr'><strong>interficit</strong></span> <span class='ocrx_word' id='word_1_230' title='bbox 976 4335 1206 4395; x_wconf 82' lang='lat' dir='ltr'><strong>contra</strong></span> <span class='ocrx_word' id='word_1_231' title='bbox 1239 4328 1410 4417; x_wconf 83' lang='lat' dir='ltr'><strong>jura..</strong></span> <span class='ocrx_word' id='word_1_232' title='bbox 1504 4329 1595 4394; x_wconf 90' lang='lat' dir='ltr'><strong>Et</strong></span> <span class='ocrx_word' id='word_1_233' title='bbox 1622 4351 1739 4416; x_wconf 91' lang='lat' dir='ltr'><strong>per</strong></span> <span class='ocrx_word' id='word_1_234' title='bbox 1768 4331 2108 4397; x_wconf 88' lang='lat' dir='ltr'><strong>cultellum</strong></span> <span class='ocrx_word' id='word_1_235' title='bbox 2137 4353 2400 4418; x_wconf 85' lang='lat' dir='ltr'><strong>possum</strong></span> <span class='ocrx_word' id='word_1_236' title='bbox 2445 4333 2737 4398; x_wconf 88' lang='lat' dir='ltr'><strong>scindere</strong></span> 
     </span>
    </p>
   </div>
   <div class='ocr_carea' id='block_1_6' title="bbox 706 4703 2738 4854">
    <p class='ocr_par' dir='ltr' id='par_1_8' title="bbox 706 4703 2738 4854">
     <span class='ocr_line' id='line_1_31' title="bbox 708 4703 2738 4776; baseline 0.001 -18"><span class='ocrx_word' id='word_1_237' title='bbox 708 4703 1045 4772; x_wconf 75' lang='lat' dir='ltr'><strong>¹ad]in,B.</strong></span> <span class='ocrx_word' id='word_1_238' title='bbox 1803 4707 2184 4776; x_wconf 71' lang='lat' dir='ltr'><strong>⁸hoc]om.&#39;1¹.</strong></span> <span class='ocrx_word' id='word_1_239' title='bbox 2252 4707 2738 4775; x_wconf 69' lang='lat' dir='ltr'><strong>SeeOpusMnjus,</strong></span> 
     </span>
     <span class='ocr_line' id='line_1_32' title="bbox 706 4785 1924 4854; baseline 0.002 -18"><span class='ocrx_word' id='word_1_240' title='bbox 706 4785 1132 4854; x_wconf 49' lang='lat' dir='ltr'><strong>’mulctandam</strong></span> <span class='ocrx_word' id='word_1_241' title='bbox 1168 4803 1268 4841; x_wconf 86' lang='lat' dir='ltr'><strong>om.</strong></span> <span class='ocrx_word' id='word_1_242' title='bbox 1302 4785 1366 4839; x_wconf 84' lang='grc' dir='ltr'><strong>Τ.</strong></span> <span class='ocrx_word' id='word_1_243' title='bbox 1735 4805 1784 4852; x_wconf 87' lang='lat' dir='ltr'><strong>p.</strong></span> <span class='ocrx_word' id='word_1_244' title='bbox 1811 4791 1924 4839; x_wconf 79' lang='lat'>249.</span> 
     </span>
    </p>
   </div>
  </div>
 </body>
</html>
