3517 5750
543 3286 617 3337 of
632 3287 771 3352 place

540 3353 593 3402 in
616 3355 770 3404 refer-

539 3435 659 3470 ence
672 3429 725 3471 to
746 3422 849 3487 spi-

536 3487 687 3537 ritual
708 3503 796 3540 na-

539 3563 688 3605 tures.

895 870 1025 938 172
1654 884 1910 932 Roosm
1957 880 2251 931 sAcoms
2820 866 2994 951 [cnr.

888 1056 1289 1122 divisibilem
1334 1056 1621 1144 aggredi,
1668 1056 1841 1123 sieut
1883 1056 2048 1137 vult,
2079 1060 2150 1121 et
2193 1056 2454 1142 quando
2497 1054 2690 1133 vult3
2735 1058 2804 1120 et
2834 1062 2993 1120 tune

887 1160 1079 1224 cum¹
1128 1160 1487 1245 pertransit
1532 1176 1575 1224 Β
1616 1160 1833 1225 locum
1881 1158 2296 1235 divisibilem,
2327 1160 2400 1223 et
2443 1174 2502 1237 O,
2535 1164 2606 1222 et
2649 1172 2719 1235 D,
2751 1162 2820 1221 et
2861 1157 2994 1221 alia

886 1262 1030 1327 loca
1073 1262 1449 1343 divisibilia,
1496 1262 1782 1349 aequalia
1811 1262 1936 1349 ipsi
1979 1276 2047 1325 A.
2141 1260 2318 1325 Nam
2363 1258 2836 1347 pertransitum
2867 1260 2995 1324 erit

886 1388 1140 1451 semper
1182 1388 1266 1430 ex
1313 1364 1757 1431 divisibilibus
1801 1363 2103 1451 partibus
2133 1364 2606 1449 compositum;
2651 1368 2720 1427 et
2749 1362 2992 1448 poterit

886 1468 1282 1555 pertransire
1343 1468 1690 1532 minimum
1755 1466 2044 1553 spatium
2089 1470 2158 1531 et
2200 1466 2564 1530 maximum
2613 1466 2784 1529 sicut
2825 1464 2988 1530 vult.

888 1569 979 1633 Et
1022 1570 1115 1635 sie
1160 1570 1453 1635 existens
1498 1570 1569 1633 in
1614 1583 1661 1632 A
1706 1570 1846 1635 loeo
1891 1566 2230 1645 divisibili,
2265 1568 2379 1653 qui
2431 1576 2534 1633 est
2581 1567 2904 1633 terminus
2947 1591 2990 1631 a

886 1693 1035 1758 quo,
1084 1678 1305 1759 potest
1365 1672 1735 1757 relinquere
1799 1670 1990 1735 illum
2053 1670 2266 1737 locum
2311 1670 2668 1735 secundum
2713 1676 2985 1756 partem,

884 1779 953 1839 et
1012 1796 1324 1861 occupare
1386 1772 1467 1839 de
1528 1790 1572 1837 Β
1648 1774 1789 1839 loeo
1851 1778 2123 1859 partem,
2199 1777 2278 1836 ut
2361 1771 2465 1837 hae
2544 1772 2694 1837 duae
2771 1778 2988 1859 partes

882 1882 1227 1962 sequentur
1300 1876 1431 1942 toti
1490 1891 1550 1940 A.
1571 1876 1597 1912 ²
1752 1876 2176 1961 Relinquitur
2257 1896 2412 1961 ergo
2493 1875 2671 1960 quod
2747 1876 2987 1961 partim

880 1980 1125 2066 poterit
1168 2000 1303 2044 esse
1347 1978 1421 2043 in
1474 1977 1757 2043 termino
1825 2000 1868 2042 a
1933 2000 2079 2063 quc,
2143 1982 2212 2043 et
2271 1976 2514 2063 partim
2574 1978 2646 2041 in
2705 1978 2986 2043 termino

879 2082 964 2146 ad
1025 2104 1238 2167 quem,
1306 2085 1376 2147 et
1434 2082 1533 2146 ita
1592 2081 1840 2167 poterit
1911 2079 2203 2160 moveri3
2283 2079 2442 2165 quia
2499 2080 2978 2145 demonstratio

880 2184 1257 2249 Aristotelis
1310 2204 1443 2249 non
1504 2182 1798 2269 requirit,
1861 2183 1994 2248 nisi
2055 2182 2234 2268 quod
2286 2181 2530 2247 mobile
2570 2184 2780 2268 possit
2825 2204 2980 2271 quo-

878 2308 1007 2372 quo
1066 2286 1261 2352 modo
1321 2308 1632 2373 occupare
1692 2290 1914 2371 partes
1973 2284 2406 2349 terminorum
2479 2284 2776 2363 duorum,
2847 2287 2983 2351 sive

874 2388 997 2453 hoc
1054 2390 1175 2455 fiat
1232 2412 1348 2476 per
1406 2386 1914 2475 partibilitatem
1987 2387 2090 2452 sui
2149 2393 2228 2453 ut
2289 2387 2564 2474 eorpus?
2643 2390 2786 2454 sive
2869 2410 2985 2475 per

874 2491 1375 2577 partibilitatem
1434 2490 1870 2556 terminorum
1931 2494 2390 2575 occupatorum
2452 2512 2494 2553 a
2535 2488 2783 2571 mobili,
2831 2491 2983 2557 licet

874 2616 1009 2658 non
1054 2593 1143 2659 sit
1188 2614 1434 2681 corpus.
1526 2592 1659 2659 Sed
1703 2592 1992 2657 mutatio
2035 2592 2218 2657 nullo
2263 2592 2458 2657 modo
2488 2591 2620 2669 fiet,
2653 2593 2712 2656 si
2741 2591 2980 2660 habeat

874 2695 1147 2782 angelus
1175 2694 1389 2761 locum
1438 2694 1858 2775 divisibilem,
1891 2699 2160 2781 propter
2217 2694 2505 2759 rat-iones
2545 2694 2840 2781 superius
2881 2718 2978 2761 as—

872 2796 1165 2884 signatas
1210 2798 1291 2861 de
1350 2796 1612 2862 finitate
1665 2796 1940 2863 virtutis
1999 2802 2068 2861 et
2127 2796 2260 2861 suis
2303 2796 2666 2861 comitibus.

1703 3083 1861 3150 CAP.
1911 3081 2193 3148 XLVII.

966 3273 1304 3352 QUOMAM
1334 3278 1555 3340 autem
1588 3274 1727 3341 haec
1774 3274 2050 3361 quaestio
2097 3275 2180 3340 de
2225 3273 2777 3341 transmutatione
2821 3271 2974 3340 sub-

872 3374 1271 3442 stantiarum
1358 3377 1804 3464 spiritualium
1895 3377 2217 3442 fundatur
2285 3399 2479 3464 super
2553 3375 2972 3443 existentiam

870 3499 1094 3544 earum
1139 3480 1210 3544 in
1253 3480 1412 3560 loco,
1444 3485 1523 3545 ut
1566 3483 1753 3566 patet
1799 3501 1882 3544 ex
1918 3478 2058 3564 jam
2109 3479 2304 3545 dictis
2331 3504 2350 3560 ;
2395 3479 2553 3565 quia
2592 3479 2649 3544 si
2684 3479 2974 3544 habeant

870 3579 1085 3646 locum
1130 3579 1605 3647 indivisibilem
1665 3603 1787 3646 nee
1846 3581 2294 3647 movebuntur
2354 3603 2474 3647 nee
2533 3581 2974 3647 mutabuntur
3025 3593 3033 3598 “

868 3681 1179 3761 localiter,
1248 3689 1317 3749 et
1376 3683 1433 3748 si
1494 3682 1898 3748 divisibilem
1965 3705 2102 3749 non
2162 3684 2600 3749 mutabuntur
2667 3683 2780 3749 sed
2833 3705 2970 3749 mo-

868 3783 1251 3864 vebuntur3
1312 3785 1461 3850 ideo
1507 3789 1770 3871 oportet
1813 3785 1920 3850 hic
1964 3785 2372 3852 considerare
2419 3786 2500 3852 de
2545 3787 2684 3852 loco
2729 3809 2971 3866 eorum,

870 3885 1049 3969 quod
1116 3907 1253 3950 non
1315 3885 1520 3950 habet
1582 3888 1835 3973 aliquid
1893 3887 2221 3954 difficilius
2279 3910 2347 3954 se
2411 3887 2485 3952 in
2542 3894 2689 3954 tota
2747 3910 2972 3976 specu-

869 3985 1117 4050 latione
1182 3987 1540 4073 sapientiae.
1635 3987 1866 4056 Habet
1929 3995 2154 4056 tamen
2223 3991 2352 4056 duo
2421 3991 2704 4078 aequalia
2769 3991 2829 4055 ei
2897 3991 2970 4056 in

869 4085 1273 4168 difficultate,
1322 4089 1403 4155 de
1467 4111 1740 4176 quorum
1813 4093 2022 4158 altero
2083 4093 2340 4159 dicetur
2398 4100 2547 4180 post
2604 4092 2744 4174 hoe,
2813 4093 2970 4179 quia

866 4210 1201 4254 annexum
1284 4199 1386 4256 est
1466 4192 1628 4259 istis.
1768 4193 1901 4260 Sed
1945 4195 2017 4259 in
2061 4194 2184 4260 hoc
2225 4197 2365 4261 loco
2413 4195 2562 4261 volo
2624 4194 2968 4281 procedere

866 4291 1221 4357 secundum
1268 4293 1409 4359 vias
1449 4293 1898 4381 inquisitionis
1937 4301 2006 4362 et
2044 4297 2465 4376 recitationis,
2513 4293 2723 4383 magis
2769 4319 2966 4383 quam

868 4393 1433 4462 determinationis
1506 4402 1577 4463 et
1638 4397 2054 4464 diffinitionis
2125 4398 2402 4486 alicujus
2474 4399 2834 4477 sententiae,
2898 4405 2968 4464 et

2755 4603 2962 4612 ...ι-ι-

928 4711 948 4821 2
980 4711 1273 4856 Ἢιζὲῃῖοῗ
1293 4713 1352 4766 Τ.
2031 4717 2049 4746 ⁸
2081 4717 2280 4784 cot-pm]
2317 4725 2395 4770 est
2415 4719 2477 4770 de
2499 4731 2722 4784 corpore,
2745 4717 2807 4770 T.
