3517 5750
587 864 765 953 LIII]
1380 878 1555 929 orus
1597 878 1920 930 warmic.
2563 866 2690 938 201

588 1054 839 1119 Textus
880 1052 1083 1119 etiam
1128 1051 1202 1116 in
1246 1051 1552 1137 operibus
1596 1050 1733 1117 Sex
1764 1051 2042 1117 Dierum
2069 1050 2350 1136 requirit
2393 1050 2698 1118 notitiam
2721 1066 3008 1131 Especially

587 1156 671 1221 de
732 1154 1150 1235 coelestibus5
1210 1162 1281 1219 et
1344 1153 1417 1218 in
1462 1153 1508 1218 J
1512 1174 1687 1230 osua,
1732 1162 1804 1219 et
1843 1153 1917 1217 in
1939 1151 1958 1190 ¹
2029 1153 2248 1218 Libris
2295 1153 2568 1240 Regum,
2631 1164 2698 1219 et
2721 1134 2890 1249 &ffb
2905 1199 3037 1250 refer

588 1258 805 1339 Esaia,
852 1257 935 1323 de
1001 1254 1422 1343 longitudine
1484 1256 1618 1321 diei
1680 1254 1753 1320 in
1815 1254 2152 1342 horologio
2199 1255 2443 1336 Aehaz‚
2487 1259 2557 1321 et
2621 1255 2695 1320 in
2719 1274 2773 1317 to
2793 1267 2879 1317 the
2895 1266 3018 1329 phe-

590 1359 998 1439 Eeclesiaste‚
1045 1380 1196 1425 eum
1243 1358 1499 1424 dieatur
1535 1382 1550 1421 :
1600 1364 1637 1393 “
1662 1356 1895 1423 Oritur
1938 1357 2035 1423 sol
2079 1362 2150 1422 et
2193 1357 2448 1438 occidit,
2495 1363 2565 1424 et
2608 1357 2695 1423 ad
2719 1348 2986 1449 &3532ss

592 1470 629 1497 “
674 1484 868 1527 suum
912 1457 1160 1527 looum²
1202 1460 1593 1525 revertitur:
1642 1469 1845 1546 gyrat
1887 1481 2006 1547 per
2048 1459 2408 1537 meridiem,
2433 1469 2501 1526 et
2545 1459 2694 1526 fiee·
2719 1472 2921 1531 system.

592 1570 631 1599 “
675 1565 844 1630 titur
885 1564 972 1629 ad
1016 1560 1448 1649 aquilonem.”
1538 1560 1630 1627 Et
1692 1560 1765 1626 in
1811 1560 2282 1642 Ecclesiastieo,
2329 1562 2694 1649 quadrage-

590 1666 757 1731 simo
803 1666 997 1731 tertio
1042 1663 1348 1751 capitulo,
1380 1664 1462 1729 de
1507 1662 1868 1729 altitudine
1909 1664 2334 1745 firmamenti,
2367 1662 2442 1730 et'
2464 1665 2696 1731 multis

590 1791 739 1854 quae
783 1768 858 1833 in
900 1767 1016 1833 illo
1060 1767 1349 1854 capitulo
1416 1766 1842 1832 eontinentur
1867 1790 1886 1847 ;
1948 1772 2018 1833 et
2063 1766 2136 1831 in
2179 1767 2225 1832 J
2227 1766 2331 1845 ob,
2377 1767 2459 1832 de
2507 1767 2694 1853 Hya·

592 1871 803 1950 dibus,
848 1878 919 1936 et
964 1866 1357 1949 Pleiadibus,
1404 1873 1475 1933 et
1534 1866 1826 1947 Orione‚³
1871 1874 1942 1934 et
1985 1870 2288 1947 Arcturo,
2337 1874 2407 1935 et
2468 1869 2694 1955 hujus-

594 1974 791 2039 modi.
885 1972 975 2037 Et
1018 1973 1110 2037 sie
1132 2050 1139 2055 ,
1163 1994 1280 2059 per
1324 1970 1587 2036 diversa
1636 1970 1783 2036 loca
1835 1970 2210 2057 Scripturae.
2305 1971 2396 2037 Et
2455 1972 2693 2037 Hiero-

590 2096 834 2161 nymus
910 2074 1071 2141 dicit
1144 2096 1340 2161 super
1396 2072 1664 2139 Esaiam
1739 2072 1822 2137 de
1896 2073 2010 2140 Ori
2018 2095 2159 2153 one,
2229 2072 2407 2159 quod
2495 2072 2698 2139 habet

593 2178 840 2265 viginti
906 2177 1073 2242 duas
1136 2176 1379 2255 stellas,
1466 2196 1739 2261 quarum
1797 2195 2040 2241 novem
2107 2174 2338 2261 primae
2399 2180 2559 2241 sunt
2623 2175 2697 2239 iu

593 2280 797 2347 tertia
838 2278 1318 2367 magnitudine,
1382 2283 1455 2344 et
1496 2300 1737 2343 novem
1781 2277 2061 2343 residuae
2105 2277 2180 2341 in
2225 2282 2469 2363 quarta
2510 2299 2695 2364 mag·

596 2382 919 2462 nitudine,
986 2387 1059 2448 et
1103 2390 1389 2468 quatuor
1434 2379 1585 2446 aliae
1636 2380 1711 2444 in
1754 2379 1996 2465 quinta
2055 2380 2559 2467 magnitudine3
2627 2384 2698 2447 et

594 2485 687 2551 sie
731 2484 813 2550 de
856 2484 1085 2550 multis
1128 2504 1281 2569 quae
1324 2484 1397 2548 in
1442 2481 1872 2569 originalibus
1933 2490 2308 2548 sanctorum
2372 2483 2698 2564 dicuntur,

596 2609 747 2673 quae
820 2586 1041 2653 nullus
1104 2587 1187 2651 de
1248 2585 1451 2672 vulgo
1518 2584 1969 2671 theologorum
2033 2589 2254 2671 potest
2315 2584 2699 2673 intelligere.

598 2690 777 2756 Nam
822 2689 909 2754 ad
950 2686 1457 2774 intelligendum
1510 2687 1633 2752 hoc
1676 2688 1954 2751 verbum
2000 2686 2398 2772 Hieronymi
2442 2692 2701 2774 oportet

598 2791 828 2858 videre
894 2796 1201 2857 octavum
1267 2788 1514 2855 librum
1564 2788 1951 2878 Almagesti‚
2013 2789 2131 2855 ubi
2198 2790 2702 2880 distinguuntur

600 2895 1089 2984 magnitudines
1162 2893 1501 2960 stellarum
1576 2893 1878 2958 fixarum.
1969 2892 2300 2972 Quoniam
2365 2915 2482 2960 sex
2543 2898 2702 2961 sunt

598 2997 1089 3084 magnitudines
1134 3017 1378 3075 earum,
1426 2995 1509 3062 de
1554 3016 1838 3080 quarum
1883 2995 2100 3062 tribus
2161 2996 2270 3062 hio
2311 2997 2392 3064 fit
2435 2998 2700 3063 mentiO.

601 3099 829 3166 Stellae
872 3099 947 3165 in
991 3099 1209 3186 prima
1254 3095 1713 3185 magnitudine
1758 3104 1919 3165 sunt
1964 3096 2360 3183 quindecim,
2407 3107 2476 3165 et
2521 3121 2699 3185 quae-

596 3201 763 3268 libet
808 3223 1035 3267 earum
1094 3205 1195 3266 est
1238 3199 1387 3287 plus
1448 3221 1647 3286 quam
1716 3199 1964 3266 centies
2028 3200 2238 3286 major
2297 3206 2444 3268 tota
2505 3207 2701 3267 terra.

604 3303 837 3369 Plures
912 3309 1136 3369 autem
1211 3306 1373 3366 sunt
1438 3301 1511 3366 in
1578 3306 1772 3367 sexta
1845 3300 2326 3390 magnitudine,
2376 3325 2526 3387 quae
2599 3307 2704 3368 est

600 3406 892 3484 minima,
954 3415 1021 3471 et
1088 3403 1403 3492 quaelibet
1464 3425 1691 3469 earum
1756 3409 1858 3470 est
1920 3403 2130 3470 decies
2195 3404 2398 3470 octies
2459 3403 2703 3489 major⁴

604 3513 752 3574 tota
816 3513 1011 3575 terra.
1102 3506 1237 3573 Sed
1302 3507 1385 3572 de
1450 3506 1556 3572 his
1600 3504 1877 3572 inferius
1917 3503 1990 3570 in
2035 3505 2250 3592 Opere
2317 3505 2556 3592 Majori
2621 3507 2702 3573 fit

602 3610 923 3697 expositio
968 3608 1311 3688 suffit-iem,
1357 3613 1439 3676 ut
1484 3617 1753 3694 tangam
1797 3629 1918 3672 suo
1960 3606 2118 3674 loco·

692 3711 1017 3778 Similiter
1070 3731 1269 3799 super
1324 3709 1493 3776 illud
1546 3709 1988 3789 Ecclesiaste&
2077 3716 2118 3748 “
2148 3709 2265 3776 Sol
2323 3707 2572 3777 oritur⁵
2631 3716 2704 3777 et

606 3822 643 3852 “
689 3813 985 3895 oceidit,’'
1045 3813 1209 3880 dieit
1284 3811 1741 3899 Hieronymus
1814 3813 1887 3878 in
1955 3811 2272 3900 originali,
2335 3815 2512 3900 quod
2584 3813 2705 3882 hoc

604 3916 883 3982 verbum
948 3938 1087 3982 non
1162 3915 1375 3982 solum
1438 3914 1842 4002 intelligitur
1914 3915 1996 3982 de
2060 3920 2251 3983 motu
2307 3938 2548 3997 annue,
2589 3917 2705 3984 sed

608 4019 865 4086 diurno.
988 4017 1119 4086 Sed
1195 4016 1417 4084 nullus
1477 4021 1579 4082 est
1635 4017 1834 4082 homo
1896 4017 1997 4082 ita
2051 4018 2305 4105 peritus
2362 4020 2436 4085 in
2495 4026 2707 4088 astro·

606 4122 833 4188 nomia
910 4120 1027 4209 qui
1106 4119 1268 4186 satis
1347 4117 1623 4186 haberet
1699 4119 1824 4186 hoc
1882 4119 2137 4186 salvare
2196 4125 2267 4188 et
2325 4121 2706 4211 intelligere.

608 4222 949 4310 Requisivi
996 4221 1175 4290 enim
1234 4219 1667 4309 peritissimos
1726 4242 1922 4309 super
1979 4221 2102 4289 hoe
2161 4229 2230 4289 et
2287 4224 2709 4291 nesciverunt

604 4327 1013 4416 respondere.
1128 4324 1196 4389 N
1199 4346 1309 4390 am
1369 4345 1412 4389 a
1470 4323 1755 4390 solstitio
1835 4325 2116 4392 aestivali
2173 4347 2380 4412 usque
2436 4327 2523 4392 ad
2581 4327 2705 4392 sol-

672 4635 687 4667 ¹
722 4643 768 4686 ec
790 4633 867 4700 in]
892 4650 1002 4700 om.
1025 4633 1087 4684 T.
1746 4633 1766 4662 ⁴
1799 4630 1978 4698 major]
2015 4647 2115 4684 om.
2136 4633 2198 4686 B.

668 4714 691 4748 ¹
720 4729 859 4765 sum
878 4711 1055 4779 locum]
1092 4713 1260 4766 locum
1280 4727 1445 4776 suum,
1480 4709 1542 4761 Τ.
1748 4711 1770 4742 ⁸
1800 4709 1874 4762 sol
1891 4711 2072 4778 ‹ac-itur]
2111 4711 2270 4764 oritur
2290 4712 2382 4777 sol,
2418 4709 2480 4768 Τ.
2503 4711 2536 4764 i.
2567 4718 2612 4766 δι

671 4791 693 4826 ⁸
719 4791 929 4861 orione]
966 4809 1075 4860 cap.
1098 4791 1207 4848 xiii.
1228 4797 1307 4850 12.
