3517 5750
860 842 995 909 292
1604 852 1866 905 sociam
1907 850 2202 904 mooms
2773 836 2952 933 [cir.

860 1032 1285 1099 ordinaverat
1326 1028 1541 1119 primo
1562 1028 1585 1073 ²
1630 1028 1808 1095 hunc
1851 1028 2123 1116 cyclum,
2169 1028 2312 1117 ipse
2353 1027 2485 1095 fuit
2528 1050 2760 1116 parum
2805 1035 2964 1096 ante

862 1136 1193 1222 synodum
1242 1133 1627 1211 Nicaenam3
1688 1133 1792 1197 ita
1834 1132 2014 1219 quod
2057 1152 2208 1198 cum
2263 1132 2402 1219 ipse
2465 1132 2806 1198 ordinavit
2849 1154 2964 1199 ve-

862 1236 1101 1303 raciter
1142 1236 1319 1302 hunc
1362 1236 1639 1323 cyclum,
1686 1234 2048 1301 secundum
2093 1234 2271 1322 quod
2313 1256 2540 1301 cursus
2583 1234 2760 1301 lunse
2831 1235 2966 1301 fuit

862 1346 1041 1421 tunc,
1108 1360 1245 1404 non
1320 1338 1543 1427 potuit
1610 1358 1749 1403 esse
1823 1337 2110 1405 mutatio
2176 1336 2506 1403 sensibilis
2550 1338 2626 1403 in
2669 1342 2966 1426 tempore

864 1464 997 1528 quo
1064 1441 1393 1508 celebrata
1452 1440 1585 1506 fuit
1626 1440 1745 1505 illa
1789 1438 2086 1525 synodus
2129 1446 2558 1506 sacrosancta.
2679 1440 2774 1505 Et
2816 1441 2966 1506 ideo

864 1546 1076 1611 sancti
1118 1548 1340 1632 patres
1383 1547 1766 1611 statuerunt
1834 1542 2012 1609 hunc
2071 1542 2330 1629 cyclum
2396 1542 2748 1623 observari,
2809 1542 2970 1628 quia

866 1669 1003 1711 non
1075 1645 1314 1713 habuit
1402 1650 1567 1711 tunc
1654 1664 1962 1724 errorem,
2037 1666 2158 1711 nec
2249 1644 2367 1711 diu
2443 1650 2670 1731 postea
2727 1644 2968 1710 habuit

866 1749 1229 1815 falsitatem
1301 1746 1687 1814 notabilem.
1809 1745 2012 1813 Unde
2093 1767 2244 1813 cum
2311 1768 2485 1834 papa
2560 1746 2696 1812 Leo
2768 1746 2970 1813 fuerit

870 1856 1021 1939 post
1086 1850 1417 1935 synodum
1486 1849 1552 1915 Ν
1556 1850 1836 1915 icoenam
1883 1848 2072 1935 quasi
2133 1852 2402 1915 centum
2467 1848 2714 1937 viginti
2757 1850 2970 1928 annis,

870 1954 993 2019 sub
1070 1952 1405 2019 Marciano
1470 1949 1788 2039 principe,
1859 1950 2288 2017 manifestum
2363 1956 2466 2019 est
2531 1973 2668 2017 non
2741 1973 2927 2041 posse
2943 1952 2971 1991 ²

870 2056 1337 2143 primationem
1405 2054 1493 2121 ad
1558 2052 1708 2140 plus
1781 2053 2119 2121 recessisse
2163 2074 2206 2117 a
2249 2054 2393 2119 loco
2461 2074 2582 2120 suo
2625 2054 2699 2119 in
2741 2053 2970 2121 kalen-

868 2158 1055 2225 dario
1098 2180 1139 2223 a
1198 2162 1495 2243 tempore
1560 2154 1830 2221 Eusebii
1903 2154 2034 2221 nisi
2105 2177 2226 2243 per
2289 2176 2500 2223 unum
2565 2156 2762 2222 diem.
2879 2156 2974 2223 Et

867 2282 1017 2326 cum
1082 2260 1223 2346 ipse
1298 2258 1605 2325 discussit
1678 2256 1856 2323 hunc
1923 2278 2226 2336 errorem,
2303 2258 2542 2325 saltem
2607 2256 2793 2325 dedit
2867 2280 2976 2325 oc-

868 2362 1199 2431 casionem
1273 2358 1747 2449 posterioribus
1789 2358 2249 2425 considerandi
2314 2360 2668 2427 veritatem
2731 2362 2806 2427 in
2849 2360 2973 2427 hac

870 2470 1079 2553 parte.
1194 2462 1525 2531 Caeterum
1598 2482 1812 2527 novus
1872 2483 2053 2527 error
2125 2461 2275 2539 fuit,
2345 2467 2416 2529 et
2475 2484 2612 2528 non
2685 2462 2972 2529 multum

873 2566 1233 2648 notabilis;
1289 2572 1359 2632 et
1402 2565 1697 2652 synodus
1743 2562 1808 2629 N
1813 2563 2023 2629 icaena
2065 2586 2324 2653 magnoe
2367 2565 2782 2631 auctoritatis
2823 2566 2973 2644 fuit,

873 2674 1139 2756 propter
1186 2669 1366 2754 quod
1426 2688 1563 2733 non
1630 2666 1967 2754 expedivit
2029 2671 2193 2732 tunc
2243 2667 2560 2755 temporis
2605 2668 2978 2735 definitioni

872 2771 1067 2855 hujus
1134 2769 1377 2855 synodi
1452 2770 1798 2837 contraire.
1907 2768 2240 2835 Coeterum
2327 2791 2468 2836 non
2539 2771 2798 2836 invenit
2871 2792 2974 2835 as·

870 2883 1210 2942 tronomos
1254 2873 1329 2937 in
1374 2872 1645 2938 ecclesia
1688 2870 2086 2938 sufficientes
2143 2872 2230 2938 ad
2275 2872 2398 2938 hoc
2427 2897 2444 2955 ;
2511 2872 2668 2960 quia
2711 2897 2753 2939 a
2795 2875 2975 2962 prin-

870 2975 1043 3063 cipio
1088 2974 1219 3040 fuit
1262 2975 1666 3043 astronomia
1710 2974 1938 3040 odiosa
1981 2974 2396 3056 Christianis,
2441 2981 2712 3070 propter
2753 2999 2980 3043 causas

874 3079 1179 3163 superius
1254 3081 1626 3157 annotatas,
1718 3076 1966 3144 scilicet
2040 3079 2112 3141 in
2202 3078 2416 3164 prima
2501 3085 2692 3165 parte
2779 3079 2980 3166 primi

876 3187 1208 3247 tractatus
1237 3179 1303 3260 ;8
1370 3201 1493 3246 nec
1558 3178 1774 3246 adhuc
1818 3179 2080 3246 inventi
2141 3187 2299 3246 sunt
2371 3202 2576 3266 usque
2621 3203 2817 3260 nunc,
2863 3183 2979 3267 qui

878 3284 1121 3350 darent
1194 3283 1488 3349 remedia
1560 3282 1635 3347 in
1698 3281 1822 3348 hac
1897 3285 2106 3369 parte.
2219 3281 2288 3346 N
2289 3303 2398 3348 am
2471 3283 2638 3349 bene
2711 3283 2981 3350 fuerunt

880 3387 1093 3469 multi,
1142 3388 1257 3473 qui
1302 3385 1637 3452 sciverunt
1704 3383 1983 3471 probare
2049 3383 2171 3450 hos
2214 3389 2466 3450 errores
2517 3406 2635 3472 per
2695 3386 2840 3451 vias
2881 3409 2982 3452 as-

880 3489 1249 3567 tronomiae,
1300 3493 1371 3554 et
1418 3491 1746 3574 quantum
1793 3489 2096 3565 erratum
2139 3507 2260 3552 nec
2302 3488 2562 3564 mirum,
2607 3509 2758 3554 cum
2800 3489 2982 3554 visus

882 3593 1073 3656 nobis
1118 3592 1333 3656 multa
1353 3589 1381 3628 ⁴
1428 3587 1764 3670 ostendit3
1811 3592 1882 3654 et
1925 3589 1998 3652 in
2043 3587 2404 3654 universali
2449 3589 2763 3656 dixerunt
2807 3591 2982 3677 quod

882 3698 1099 3758 essent
1142 3692 1454 3771 remedia,
1501 3689 1751 3757 scilicet
1817 3689 1996 3777 quod
2019 3687 2046 3726 ⁵
2091 3691 2562 3757 certificaretur
2605 3694 2944 3778 quantitas
2959 3692 2988 3732 ⁶

881 3796 1061 3871 anni,
1124 3795 1303 3878 quod
1348 3792 1751 3879 aequinoctia
1810 3797 1880 3858 et
1943 3791 2234 3860 solstitia
2295 3793 2753 3860 invenirentur
2796 3815 2983 3862 vcra-

884 3893 1101 3975 citer,⁷
1152 3892 1373 3978 quod⁸
1418 3893 1852 3981 primationes
1917 3893 2264 3976 similiter3
2309 3900 2378 3961 et
2423 3901 2716 3983 tangunt
2759 3896 2984 3964 modos

884 3995 1285 4061 universales
1329 3995 1415 4060 ad
1459 3994 1613 4060 haec.
1705 3995 1840 4062 Sed
1884 3995 2108 4061 nullus
2170 3997 2385 4063 adhuc
2428 3998 2752 4084 expressit
2795 4000 2984 4064 nobis

882 4117 1111 4163 veram
1178 4096 1629 4183 quantitatem
1690 4097 1853 4164 anni
1917 4119 2069 4164 cum
2141 4099 2339 4186 plena
2413 4099 2986 4184 demonstratione,

952 4365 967 4396 ¹
990 4361 1301 4414 ordinaverat
1331 4361 1516 4430 primo]
1553 4362 1718 4428 primo
1750 4362 1888 4412 ordi·
2049 4363 2070 4391 ⁸
2089 4361 2240 4432 quod]
2267 4379 2364 4414 om.
2390 4363 2450 4414 T.

884 4451 1110 4504 noverat,
1134 4443 1197 4494 Τ.
2050 4443 2071 4472 ⁸
2091 4442 2368 4508 quantitas]
2407 4459 2521 4507 qua,
2546 4442 2609 4492 T.

951 4525 972 4555 ²
986 4522 1157 4590 posce]
1186 4537 1330 4587 posse
1351 4521 1479 4585 plus,
1504 4521 1565 4572 Τ.
2049 4521 2067 4550 ”
2089 4519 2218 4586 quod
2235 4523 2524 4586 equinoctia
2570 4557 2585 4571 .
2621 4558 2635 4572 .
2669 4557 2684 4572 .
2718 4520 2980 4585 veraciter]

952 4607 972 4635 ⁸
986 4603 1139 4668 primi
1154 4600 1418 4667 mmm]
1456 4607 1694 4652 mantus
1715 4599 1884 4666 primi,
1987 4601 2122 4665 quod
2153 4599 2508 4650 invenirentur
2551 4600 2804 4651 veraciter
2835 4601 2989 4664 aequi-

884 4679 951 4735 B.
1981 4679 2152 4730 noctis
2167 4685 2219 4729 et
2255 4677 2484 4740 solstitia,
2510 4679 2572 4729 Τ.

952 4761 971 4791 ⁴
992 4759 1165 4826 muna]
1202 4761 1399 4820 multos,
1424 4759 1491 4828 T:
2047 4759 2069 4788 ⁸
2087 4755 2238 4824 φιοᾱ]
2281 4763 2348 4820 et,
2373 4758 2434 4810 Τ.
