3517 5750
937 847 1068 908 564
1733 853 2095 906 Aprsxmx
2140 855 2213 906 11.

935 1031 972 1059 “
1015 1027 1086 1088 et
1129 1021 1479 1108 diligenter
1537 1017 1903 1084 consideret
1960 1019 2227 1104 quando
2286 1018 2372 1083 ad
2416 1039 2528 1084 eas
2572 1017 3052 1104 dispositioncs

941 1133 977 1162 “
1023 1123 1294 1189 venient
1369 1120 1664 1188 coelestia
1725 1119 2085 1186 secundum
2162 1119 2457 1206 singulas
2530 1123 2748 1206 partes
2818 1119 3055 1186 aetatis

937 1229 974 1260 “
1021 1222 1391 1310 cujuslibet,
1440 1226 1664 1309 potest
1727 1221 1811 1288 de
1878 1221 2185 1286 omnibus
2246 1221 2678 1300 naturalibus,
2726 1222 2891 1286 sicut
2962 1221 3050 1286 de

939 1333 978 1360 “
1019 1323 1522 1390 infirmitatibus
1595 1330 1666 1390 et
1755 1323 2059 1399 sanitate,
2138 1327 2209 1388 et
2278 1323 2676 1410 hujusmodi,
2745 1323 3047 1408 judicare

939 1435 978 1464 “
1021 1426 1432 1504 sufficienter,
1467 1425 1989 1512 quandocunque
2034 1425 2279 1490 debent
2307 1425 2600 1490 accidere
2644 1429 2716 1490 et
2760 1425 3050 1511 qualiter

937 1535 976 1566 “
1021 1527 1417 1594 terminari.”
1543 1525 1690 1592 Hoc
1757 1533 1859 1592 est
1920 1531 2097 1592 certo
2164 1527 2441 1613 probare
2482 1527 3049 1614 genethliacorum

941 1630 1191 1710 deliria,
1259 1635 1330 1695 et
1393 1627 1848 1716 superstitiosa
1908 1627 2265 1694 venditare.
2358 1627 2581 1694 Genus
2654 1651 2844 1714 porro
2918 1628 3051 1693 hoc

941 1732 1258 1799 doetrinae
1303 1737 1442 1798 tam
1487 1731 1572 1795 ab
1605 1729 1983 1816 Augustino
2029 1728 2253 1808 distat,
2286 1751 2485 1815 quam
2532 1730 2709 1817 quod
2734 1729 3049 1796 maxime.

939 1835 1282 1921 Siquidem
1309 1833 1478 1898 libro
1509 1831 1792 1897 secundo
1824 1831 1927 1896 De
1974 1831 2295 1896 Doctrina
2324 1831 2719 1912 Christiana,
2766 1854 2899 1918 cap.
2934 1834 3049 1912 29,

941 1936 1348 2024 apertioeime
1411 1934 1588 2000 dixit
1621 1957 1636 1998 ε
1689 1939 1726 1970 “
1749 1933 1909 1998 Non
1954 1939 2032 1998 ut
2074 1955 2161 1998 ex
2228 1933 2313 1998 iis
2356 1933 2743 2021 (sideribus)
2787 1934 3047 2019 aliquid

944 2047 978 2074 “
1025 2037 1282 2104 trahere
1345 2035 1418 2102 in
1471 2041 1697 2102 nostra
1759 2033 1938 2100 facta
1998 2041 2067 2100 et
2134 2040 2376 2100 eventa
2426 2041 2771 2114 tentemus,
2820 2036 3049 2121 qualia

943 2145 981 2174 “
1024 2137 1580 2226 genethliacorum
1657 2135 2089 2202 deliramenta
2152 2142 2326 2216 suut,
2390 2137 2503 2201 sed
2557 2141 2884 2222 quantum
2952 2137 3042 2202 ad

941 2247 979 2278 “
1025 2240 1170 2327 ipsa
1235 2241 1525 2327 pertinet
1590 2235 1857 2304 sidera.”
1978 2236 2127 2317 Qua
2198 2235 2409 2324 igitur
2482 2237 2718 2319 fronte,
2796 2239 3045 2304 Veneti

941 2343 1226 2408 editores
1275 2360 1394 2406 suo
1441 2341 1514 2405 in
1567 2337 1847 2426 Prologo
1892 2339 2167 2404 Bacenis
2227 2338 2597 2404 doctrinam
2656 2349 3045 2428 comparent

941 2465 1089 2508 eum
1137 2443 1218 2508 iis
1262 2463 1410 2528 quae
1457 2440 1875 2528 Augustinus
1920 2439 2191 2506 docuit?
2298 2439 2447 2506 Hoc
2506 2447 2607 2506 est
2666 2463 2787 2506 suo
2846 2465 3038 2508 sensu

931 2545 1246 2632 judicare,
1292 2549 1490 2630 atque
1549 2541 1710 2607 adeo
1755 2539 2019 2620 efficere,
2066 2547 2147 2606 ut
2191 2541 2605 2628 Augustinus
2648 2564 2727 2608 ea
2776 2543 3041 2622 dixerit,

941 2669 1091 2734 quse
1134 2667 1474 2730 nunquam
1537 2643 1607 2708 in
1651 2643 1793 2728 ejus
1852 2648 2139 2708 mentem
2186 2643 2503 2708 venerint.

1029 2749 1128 2814 At
1193 2748 1604 2812 obsecramus
1677 2767 2023 2822 censorem,
2093 2765 2178 2810 ne
2244 2745 2393 2832 plus
2460 2765 2648 2831 aequo
2722 2745 3041 2811 irascatur

943 2853 1174 2915 contra
1235 2869 1375 2925 neS,
1449 2867 1769 2933 suamque
1832 2847 1997 2913 iram
2060 2847 2365 2934 deponat,
2410 2852 2491 2913 ut
2555 2851 2625 2913 et
2686 2853 2922 2926 nostra,
2968 2853 3041 2915 et

941 2950 1219 3014 Baconis
1285 2968 1475 3013 sensa
1535 2948 1873 3034 percipiat.
1984 2948 2096 3013 Ira
2160 2949 2339 3015 enim
2382 2956 2484 3015 est
2550 2950 2623 3013 in
2666 2972 2875 3027 causa,
2920 2972 3040 3015 cur

937 3050 1310 3135 frequenter
1351 3070 1492 3114 rem
1552 3070 1756 3113 unam
1822 3072 1959 3136 pree
2002 3050 2135 3115 alia
2200 3050 2607 3138 accipiamus
2656 3072 2821 3118 neve
2864 3058 3039 3117 recte

928 3152 1222 3238 judicare
1288 3150 1621 3237 possimne.
1733 3150 1970 3237 Itaque
2032 3173 2255 3217 censor
2318 3152 2496 3217 haud
2560 3154 2821 3240 ignorat
2886 3176 3039 3239 quae

939 3258 1008 3321 et
1052 3258 1215 3340 quot
1257 3254 1393 3318 sint
1451 3252 1769 3341 figmenta
1810 3254 2383 3341 genethliacorum.
2494 3253 2643 3319 Sibi
2682 3254 2839 3320 falso
2880 3278 3031 3341 per-

939 3358 1237 3435 suadent,
1285 3355 1516 3433 sidera,
1566 3376 1729 3442 quae,
1778 3361 1859 3420 ut
1901 3354 2109 3435 aiunt,
2157 3378 2273 3421 seu
2316 3356 2389 3421 in
2440 3358 2875 3444 conceptione,
2921 3378 3037 3423 seu

939 3460 1012 3525 in
1057 3458 1414 3524 nativitate
1459 3458 1907 3535 nanciscimur,
1954 3478 2074 3522 nos
2132 3458 2231 3523 ita
2287 3479 2529 3545 cogere,
2574 3463 2655 3523 ut
2697 3480 2921 3525 eorum
2963 3460 3039 3524 vi

937 3560 1162 3648 pressi,
1207 3561 1280 3624 in
1331 3582 1423 3638 ea,
1470 3581 1618 3645 quae
1685 3558 1992 3636 influunt,
2060 3558 2377 3626 labamur.
2470 3559 2673 3625 Porro
2728 3582 2811 3626 ex
2885 3583 3039 3626 eon-

936 3663 1120 3728 tuitu
1163 3662 1468 3739 siderum,
1515 3684 1584 3726 se
1628 3666 1872 3748 putant
1914 3660 2213 3725 divinare
2279 3683 2414 3727 non
2478 3662 2673 3726 modo
2732 3663 3043 3729 fortuitos

937 3786 1166 3843 casus;
1229 3764 1344 3829 sed
1389 3764 1589 3829 etiam
1634 3762 1873 3827 liberos
1936 3763 2279 3829 hominum
2344 3767 2529 3829 aetus
2588 3762 2861 3830 futuros.
2953 3764 3041 3831 Id

935 3888 1086 3932 cum
1149 3866 1418 3942 faciunt,
1465 3885 1640 3931 nune
1703 3868 1879 3930 certo
1943 3864 2325 3951 praedicunt,
2373 3886 2551 3929 nunc
2612 3866 3046 3951 conjectando

935 3964 1361 4030 hariolantur.
1454 3964 1540 4029 In
1608 3986 1738 4052 quo
1792 3965 2214 4031 vehementer
2282 3972 2597 4053 peccant3
2658 3989 2811 4033 nam
2858 3970 3041 4055 quod

933 4088 1104 4145 casu,
1180 4065 1289 4131 vel
1354 4066 1622 4134 consilio
1685 4068 1925 4147 evenit,
1994 4066 2065 4131 id
2129 4089 2276 4133 cum
2346 4066 2553 4133 stellis
2614 4070 3043 4155 conjunctum

933 4190 1068 4235 non
1136 4172 1249 4233 est.
1372 4166 1552 4233 Hinc
1626 4170 1861 4235 merito
1936 4169 2296 4255 proscripta
2370 4170 2443 4234 in
2518 4170 2823 4236 humanis
2906 4172 3045 4238 fuit

921 4270 1258 4359 judicialis
1331 4269 1702 4357 astrologia,
1772 4292 1936 4356 quae,
2006 4276 2085 4336 ut
2151 4292 2271 4336 nos
2336 4272 2673 4337 stellarum
2745 4272 3045 4343 dominio

931 4372 1213 4458 subjicit,
1261 4372 1359 4438 ita
1403 4394 1598 4438 omne
1643 4371 1922 4437 liberum
1972 4372 2323 4438 arbitrium
2368 4373 2631 4438 evertit.

1021 4476 1088 4541 A
1130 4494 1261 4560 quo
1323 4479 1548 4540 tamen
1615 4473 2045 4540 divinationis
2110 4494 2348 4561 genere
2408 4474 2783 4562 longissime
2844 4435 3043 4543 abest

930 4576 1146 4657 Ba003
1205 4596 1380 4656 nam,
1427 4580 1504 4639 ut
1565 4576 1865 4663 superius
1929 4580 2265 4641 ostensum
2326 4576 2473 4657 fuit,
2520 4598 2727 4643 vanas
2770 4576 2886 4643 has
2932 4600 3042 4643 as-

928 4678 1328 4765 trologorum
1393 4699 1612 4765 gerras
1673 4699 1812 4745 non
1875 4678 2107 4744 irridet
2172 4678 2387 4759 mod0,
2430 4679 2545 4745 sed
2614 4679 2813 4745 etiam
2877 4701 3035 4746 exe·
