3517 5750
848 872 981 935 452
1604 884 1864 935 noem
1907 882 2202 935 meoms
2769 865 2952 956 [car-

846 1078 1087 1145 purum
1180 1056 1513 1135 Latinum,
1590 1062 1661 1124 et
1734 1058 1981 1123 dieitur
2051 1080 2096 1123 a
2167 1057 2352 1135 ooelo,
2427 1056 2642 1135 ooelaS,
2719 1076 2958 1123 secun-

846 1160 1007 1227 dum
1081 1156 1491 1239 Varronem,¹
1562 1158 1952 1225 Latinorum
2021 1159 2504 1247 peritissimum,
2579 1164 2652 1223 et
2723 1180 2956 1223 secun·

846 1262 1007 1329 dum
1069 1260 1361 1327 Plinium
1416 1266 1489 1327 et
1554 1260 1882 1329 Servium.
1973 1261 2066 1327 Et
2131 1262 2206 1326 in
2269 1262 2392 1327 hoo
2453 1260 2814 1326 ostendunt
2879 1282 2954 1324 ee

846 1384 985 1429 ease
1056 1363 1289 1442 asinos,
1366 1362 1543 1450 quod
1618 1362 1850 1429 dicunt
1937 1362 2176 1429 ooelum
2249 1384 2390 1429 esse
2475 1384 2628 1429 ma
2713 1359 2951 1427 helios.

846 1462 1027 1530 Nam
1072 1462 1277 1529 helios
1320 1470 1423 1531 eet
1484 1464 1883 1529 nominativi
1933 1486 2136 1545 mus,
2183 1470 2256 1529 et
2297 1466 2460 1543 ἡλίου
2503 1470 2608 1529 est
2667 1463 2954 1551 genitivi

846 1588 1047 1633 cesus.
1162 1564 1365 1633 Unde
1438 1566 1753 1633 deberent
1821 1565 2034 1633 dicere
2107 1588 2257 1633 oasa
2311 1566 2496 1643 ἡλίου,
2543 1586 2678 1631 non
2721 1562 2950 1632 helios.

848 1668 1049 1735 Unde
1116 1688 1267 1735 oasa
1328 1666 1537 1735 helion
1578 1668 1751 1733 nihil
1813 1672 1933 1746 eet,
1995 1667 2170 1734 sicut
2227 1688 2350 1733 nec
2409 1688 2560 1732 ensa
2619 1667 2736 1746 sol,
2799 1688 2954 1733 cum

846 1768 938 1837 eit
1002 1768 1241 1835 falsum
1318 1768 1649 1835 Latinum.
1738 1767 1936 1851 Quod
2007 1770 2210 1835 etiam
2287 1768 2592 1855 Hugutio
2653 1768 2835 1849 dicit,
2883 1776 2956 1835 et

848 1871 1043 1939 Brito
1128 1876 1399 1959 reputat
1500 1870 1862 1939 secundum
1963 1892 2168 1937 unam
2281 1870 2657 1957 opinionem
2745 1892 2954 1951 suam,

848 1975 1027 2060 quod
1098 1980 1231 2053 tue,
1318 1972 1521 2051 turis,
1598 1974 1842 2039 dicitur
1915 1995 1960 2038 a
2033 1974 2204 2051 Θεὸς,
2303 1972 2484 2057 quod
2575 1976 2678 2037 est
2749 1971 2954 2051 Deus,

846 2076 1237 2142 manifestus
1278 2096 1461 2141 error
1502 2079 1607 2141 eet
1640 2100 1658 2157 ς
1740 2074 2056 2161 quoniam
2099 2074 2370 2141 Servius
2413 2094 2608 2161 super
2667 2074 2952 2159 primam

848 2176 1317 2265 Georgicorum
1384 2176 1685 2243 eliminat
1746 2176 1872 2243 hoo
1937 2174 2198 2255 falsum,
2245 2175 2467 2241 dicens
2519 2174 2699 2261 quod
2749 2181 2864 2241 tae
2909 2198 2954 2241 a

844 2278 1203 2347 tundendo
1246 2280 1505 2361 dicitur,
1552 2278 1709 2365 quia
1750 2278 1908 2343 fluit
1951 2278 2034 2344 de
2075 2277 2418 2343 arboribus
2459 2277 2534 2342 in
2591 2282 2834 2343 terram
2881 2282 2955 2343 et

843 2382 1229 2467 coagulatur
1288 2402 1439 2447 eum
1482 2380 1709 2469 glebis,
1756 2402 1906 2466 quae
1950 2378 2144 2467 gleba
2207 2378 2517 2445 tunditur
2580 2384 2660 2445 ut
2732 2383 2954 2445 extra-

844 2480 1048 2547 hatur
1092 2490 1221 2549 tue.
1312 2482 1405 2549 Et
1470 2482 1621 2549 ideo
1684 2482 1828 2547 sine
1871 2482 2274 2569 aspiratione
2341 2479 2538 2547 debet
2603 2480 2818 2561 scribi,
2871 2488 2950 2547 ut

844 2584 1011 2649 dicit
1070 2583 1343 2651 Servius
1410 2583 1672 2649 ibidem.
1765 2582 1898 2651 Sed
1963 2584 2322 2649 secundum
2383 2604 2666 2649 errorem
2713 2584 2950 2670 Hugu-

844 2684 1063 2763 tionis,
1110 2690 1179 2751 et
1224 2686 1583 2751 secundum
1634 2707 1838 2751 unam
1881 2686 2257 2773 opinionem
2311 2684 2602 2751 Britonis
2645 2686 2950 2765 errantia,

838 2784 1041 2851 debet
1098 2786 1339 2853 habere
1382 2786 1874 2875 aspirationem,
1919 2788 2077 2875 quia
2131 2788 2282 2863 Θεὸς
2325 2785 2673 2876 aspiratur,
2721 2808 2764 2851 a
2807 2808 2942 2875 quo

842 2885 1079 2954 volunt
1120 2909 1383 2954 erronee
1426 2889 1607 2976 quod
1650 2889 2020 2957 descendat

934 2987 1257 3054 Similiter
1346 2991 1637 3058 aeetimat
1732 2992 1970 3080 vulgus
2011 2991 2190 3078 quod
2235 3011 2355 3058 ave
2413 2991 2673 3058 dioatur
2733 2992 2820 3057 ab
2881 3013 2950 3072 a,

845 3089 1023 3176 quod
1084 3095 1186 3156 est
1258 3089 1416 3172 sine,
1480 3097 1551 3158 et
1592 3113 1685 3172 ve,
1748 3093 1928 3180 quod
1977 3099 2082 3160 eet
2142 3113 2248 3159 ve.
2337 3091 2470 3158 Sed
2519 3092 2644 3160 hoo
2685 3101 2788 3160 est
2829 3093 2950 3158 fal-

844 3211 1008 3271 sum,
1070 3191 1229 3278 quia
1290 3213 1411 3260 ave
1476 3198 1581 3260 est
1644 3217 1806 3282 pure
1875 3195 2209 3271 Latinum,
2271 3199 2341 3260 et
2397 3195 2547 3261 ideo
2609 3217 2654 3260 a
2719 3194 2950 3260 Graeeo

844 3315 981 3360 non
1038 3293 1393 3362 derivatur.
1486 3295 1745 3362 Deinde
1789 3297 1864 3361 in
1911 3297 2140 3364 Graeoo
2183 3301 2285 3362 eet
2355 3298 2538 3384 χαῖρε
2595 3317 2716 3382 pro
2781 3318 2948 3376 ave3

842 3402 913 3461 et
984 3397 1243 3462 nullum
1316 3397 1707 3464 vocabulum
1790 3397 2086 3484 ejusdem
2161 3397 2654 3484 significationis
2713 3403 2814 3463 est
2871 3398 2947 3462 in

844 3497 1073 3564 Graeeo
1148 3499 1539 3565 conveniens
1612 3500 1687 3565 in
1760 3519 1922 3566 vooe
1995 3519 2145 3565 oum
2217 3519 2358 3577 ave,
2433 3500 2610 3585 quod
2685 3503 2948 3586 oportet

842 3599 1179 3667 observari
1236 3601 1311 3666 in
1370 3601 1801 3680 derivativis3
1845 3601 2004 3688 quia
2061 3601 2468 3667 conveniunt
2509 3601 2582 3665 in
2625 3602 2946 3688 principio

840 3723 991 3768 eum
1053 3723 1213 3768 voee
1286 3703 1629 3788 primitivi,
1698 3702 1854 3769 lieet
1919 3703 2229 3770 differant
2301 3703 2376 3766 in
2441 3701 2592 3768 fine.
2684 3701 2946 3767 Deinde

842 3823 1187 3890 possumus
1262 3805 1669 3870 considerare
1728 3825 1980 3870 errores
2053 3804 2334 3868 istorum
2409 3803 2482 3868 in
2557 3803 2800 3870 Gxaecis
2871 3810 2948 3869 et

846 3902 1151 3968 Hebraeis
1222 3905 1339 3970 ubi
1414 3911 1681 3972 servant
1754 3905 2334 3994 interpretationes
2387 3905 2648 3972 Graeoes
2691 3910 2761 3971 et
2806 3905 2947 3970 He-

841 4005 1073 4082 braeaS,
1118 4005 1233 4069 sed
1276 4010 1502 4071 tamen
1554 4013 1906 4096 corruptae,
1971 4007 2046 4072 in
2111 4006 2352 4093 quibus
2395 4007 2470 4072 in
2511 4007 2834 4095 scriptura
2875 4015 2950 4073 et

840 4105 1377 4192 pronuntiatione
1441 4129 1679 4174 vocum
1740 4109 2181 4196 corrumpitur
2245 4129 2396 4175 oum
2455 4129 2650 4174 sensu
2713 4113 2783 4174 et
2843 4109 2948 4173 in-

840 4207 1327 4295 terpretatione.
1450 4208 1541 4276 Et
1603 4209 1749 4296 jam
1794 4209 1867 4275 in
1909 4215 2176 4276 tantum
2219 4211 2437 4276 valuit
2479 4233 2636 4276 usus
2697 4232 2940 4290 eorum,

842 4311 1020 4398 quod
1080 4332 1305 4376 omnes
1370 4310 1668 4377 homines
1734 4313 1930 4378 modo
2004 4313 2278 4379 credant
2349 4313 2564 4378 multa
2623 4312 2802 4391 falsa,
2871 4317 2946 4378 et

838 4417 1059 4480 totum
1132 4413 1371 4501 vulgus
1460 4415 1918 4501 corrumpitur,
2001 4420 2071 4481 et
2149 4419 2497 4480 mutantur
2585 4413 2944 4502 scripturae

1436 4748 1451 4780 ¹
1484 4747 1776 4817 Van-mn]
1802 4749 1884 4801 De
1904 4747 2056 4817 Ling.
2079 4749 2194 4802 Lat.
2215 4765 2265 4803 v.
2291 4754 2338 4801 8.
