3517 5750
896 770 1027 839 366
1650 782 1908 835 noenu
1951 782 2242 835 BAcoms

894 952 1233 1018 materiale
1276 952 1645 1039 principum
1688 952 1978 1017 divisum
2023 960 2254 1019 contra
2303 952 2598 1019 forma-m.
2712 952 2804 1019 Et
2845 955 2993 1019 ideo

894 1076 1043 1119 cum
1088 1056 1227 1119 sine
1270 1053 1481 1119 forma.
1520 1076 1657 1119 non
1700 1060 1922 1140 potest
1965 1054 2112 1121 fieri
2163 1057 2610 1142 compositum,
2659 1058 2822 1121 tunc
2870 1078 2992 1122 nec

896 1156 1027 1221 duo
1072 1155 1413 1233 elementa,
1458 1176 1579 1221 nec
1626 1155 1936 1221 similiter
2001 1162 2302 1241 quatuor,
2350 1178 2470 1223 nec
2521 1156 2827 1242 quinque,
2871 1180 2992 1224 nec

894 1257 1147 1342 aliquot
1218 1256 1475 1323 faciunt.
1546 1256 2030 1343 compositum3
2124 1258 2280 1343 quia
2357 1258 2704 1343 quodlibet
2769 1279 2986 1325 eorum

893 1358 1097 1425 habet
1123 1360 1447 1425 rationem
1476 1358 1839 1425 materialis
1867 1358 2174 1446 principii
2197 1384 2218 1441 3
2261 1358 2334 1424 id
2373 1366 2492 1440 est,
2517 1360 2666 1427 duae
2695 1362 2986 1427 materiae

894 1482 1029 1525 non
1070 1462 1317 1527 sedent
1356 1482 1583 1539 unum,
1630 1480 1751 1527 nec
1811 1466 1962 1539 tres,
2025 1482 2146 1527 nec
2205 1466 2495 1547 quatuor
2551 1482 2674 1527 nec
2733 1462 2984 1549 plures;

894 1562 1007 1627 sed
1072 1566 1333 1649 oportet
1398 1562 1577 1649 quod
1637 1560 1848 1627 forma
1913 1560 2214 1627 addatur.
2307 1562 2440 1629 Sed
2501 1563 2660 1649 quia
2719 1564 2986 1629 materia

892 1668 997 1729 est
1040 1664 1172 1729 alia
1236 1685 1355 1750 per
1416 1664 1768 1729 essentiam
1831 1685 1873 1727 a
1913 1662 2212 1749 qualibet
2271 1663 2500 1743 forma,
2549 1674 2632 1744 et,
2679 1670 2759 1730 ut
2803 1666 2987 1731 docet

892 1766 1169 1853 septimo
1240 1766 1838 1853 Metaphysicorum
1881 1766 1956 1829 in
1998 1765 2337 1853 principio,
2401 1764 2827 1831 manifestum
2889 1771 2986 1832 est

892 1868 1070 1953 quod
1098 1890 1247 1933 cum
1290 1868 1453 1933 dicit
1494 1867 1672 1953 quod
1714 1866 1928 1933 forma
1969 1867 2311 1953 compositi
2340 1868 2452 1933 vel
2478 1868 2680 1933 mixti
2725 1889 2856 1935 non
2899 1870 2988 1933 sit

893 1968 1308 2050 elementum,
1376 1990 1497 2035 nec
1558 1990 1647 2035 ex
1706 1968 2068 2046 elementis,
2113 1968 2231 2035 sed
2291 1974 2394 2035 est
2457 1976 2702 2035 natura
2761 1970 2988 2037 addite.

892 2074 1003 2154 eis,
1052 2076 1302 2161 optime
1346 2074 1549 2155 dicit;
1590 2073 1664 2139 id
1708 2080 1825 2151 est,
1857 2074 2068 2139 forma
2107 2074 2448 2161 compositi
2477 2094 2614 2139 non
2641 2080 2744 2141 est
2772 2076 2986 2161 aliqua

891 2176 973 2241 de
1036 2177 1337 2265 partibus
1402 2177 1517 2258 rei,
1562 2198 1683 2242 nec
1744 2176 2106 2261 composite
2168 2196 2254 2240 ex
2317 2175 2618 2262 partibus
2683 2178 2832 2258 illis,
2873 2178 2986 2243 sed

892 2284 995 2345 est
1060 2280 1193 2345 alia
1258 2300 1375 2366 per
1434 2278 1784 2345 essentiam
1857 2300 1900 2342 a
1949 2276 2228 2342 materia
2293 2282 2364 2341 et
2451 2278 2753 2364 partibus
2833 2280 2980 2344 suis.

894 2380 987 2445 Et
1052 2382 1201 2447 ideo
1261 2402 1399 2447 >non
1463 2380 1759 2465 loquitur
1821 2378 1918 2444 ibi
1964 2379 2044 2445 de
2097 2379 2436 2444 elementis
2513 2380 2620 2445 his
2689 2388 2982 2465 quatuor,

896 2502 1047 2567 quae
1102 2487 1261 2549 sunt
1304 2489 1497 2563 ten-a,
1544 2486 1681 2560 etc„
1728 2480 1846 2547 sed
1889 2480 1971 2545 de
2023 2480 2384 2561 elementis,
2428 2480 2504 2546 id
2546 2487 2648 2547 est
2693 2483 2984 2567 pertibus

894 2585 1205 2663 materiae,
1255 2586 1411 2671 quia.
1454 2584 1778 2650 elementa
1822 2587 2018 2648 vocat
2061 2584 2409 2647 materiam
2471 2582 2586 2664 ibi,
2631 2584 2981 2649 secundum

890 2684 1345 2751 definitionem
1390 2686 1703 2751 elementi
1745 2705 1946 2770 quam
1988 2686 2172 2770 prius
2217 2685 2401 2750 dedit
2447 2686 2732 2751 secundo
2775 2686 2980 2751 Mete-

886 2784 1307 2870 physicorum
1336 2810 1354 2866 3
1402 2806 1527 2853 nec
1554 2788 1761 2875 igitur
1789 2787 1877 2851 ad
1905 2785 2312 2872 propositum
2357 2792 2458 2851 est
2499 2787 2670 2851 illud
2712 2788 2982 2853 verbum

889 2887 1265 2953 Aristotelis
1310 2887 1383 2952 in
1426 2889 1561 2954 fine
1612 2890 1896 2976 septimi,
1949 2889 2252 2974 quamvis
2297 2893 2481 2954 totus
2531 2890 2772 2976 vulgus
2815 2894 2988 2956 erret

884 2989 957 3052 in
1002 2989 1125 3055 hoe
1168 2990 1323 3056 1000.

976 3090 1303 3178 Exposita
1360 3092 1567 3180 igitur
1638 3093 1970 3158 sententia
2045 3091 2422 3158 Aristotelis
2495 3093 2570 3158 in
2639 3094 2774 3160 fine
2847 3113 2986 3179 sep-

886 3194 1053 3276 timi,
1100 3197 1297 3262 redeo
1341 3195 1428 3262 ad
1472 3196 1862 3262 solutionem
1903 3195 2284 3279 quaestionis
2327 3195 2716 3282 principalis.
2807 3196 2875 3259 N
2877 3219 2982 3260 am

884 3319 1033 3364 cum
1078 3298 1321 3364 dicitur
1386 3299 1563 3385 quod
1620 3297 1912 3362 medium
1956 3317 2090 3360 non
2133 3301 2236 3361 est
2295 3299 2425 3362 nisi
2459 3310 2578 3363 'ex
2643 3299 2984 3364 contrariis

886 3401 1183 3480 concedo,
1229 3407 1300 3467 et
1360 3402 1539 3488 quod
1600 3406 1860 3465 naturae
1923 3397 2074 3464 duae
2133 3397 2370 3464 mediae
2433 3400 2572 3464 sint
2635 3401 2708 3464 in
2751 3400 2978 3478 mixtO,

884 3505 1041 3587 quia.
1129 3509 1370 3569 natura
1440 3502 1663 3568 media
1734 3501 1914 3565 inter
2009 3499 2294 3564 eandum
2367 3505 2436 3565 et
2507 3501 2840 3587 frigidum,
2913 3505 2984 3567 et

884 3607 1094 3670 altera
1180 3607 1357 3672 inter
1459 3604 1805 3671 humidum
1895 3606 1966 3667 et
2053 3603 2308 3667 siccum.
2447 3601 2538 3668 Et
2625 3603 2758 3668 illae
2831 3605 2979 3670 duae

888 3711 1151 3772 naturae
1190 3727 1326 3771 non
1369 3711 1529 3770 sunt
1590 3704 1954 3783 contrariae,
2022 3723 2142 3768 nec
2189 3705 2280 3768 sit
2331 3703 2556 3789 aliqua
2603 3706 2824 3770 media.
2867 3725 2984 3770 seu

886 3807 1105 3870 mixta
1147 3807 1235 3872 ab
1278 3807 1387 3872 eie.
1479 3805 1613 3872 Sed
1656 3811 1882 3870 tamen
1925 3805 2212 3870 mixtum
2264 3806 2394 3871 erit
2448 3827 2658 3872 unum
2709 3807 2796 3871 ab
2849 3827 2980 3870 una

886 3907 1151 3970 illm-um
1194 3911 1598 3986 naturamm,
1632 3909 1790 3993 quia
1833 3913 2078 3972 natura
2119 3906 2370 3972 media¹
2421 3908 2618 3972 ceJidi
2663 3913 2734 3972 et
2760 3907 2986 3993 frigidi

886 4012 988 4073 est
1051 4007 1335 4073 nobilior
1402 4013 1471 4074 et
1537 4008 1808 4074 fortior⁹
1863 4013 2106 4074 natura
2167 4009 2320 4074 sicci
2383 4016 2452 4075 et
2516 4010 2792 4075 humidi.
2887 4009 2980 4074 Et

882 4109 1031 4175 ideo
1096 4115 1340 4176 natura
1404 4111 1555 4176 sicci
1622 4115 1693 4176 et
1757 4112 2017 4176 humidi
2081 4117 2182 4178 est
2247 4112 2608 4178 materialis
2682 4116 2976 4198 respectu

882 4213 1171 4294 alterius,
1218 4213 1467 4280 scilicet
1524 4219 1784 4280 naturae
1843 4213 2080 4280 mediae
2139 4213 2372 4278 calidi*
2393 4219 2465 4280 et
2521 4214 2764 4300 frigidi,
2810 4215 2978 4278 simit

880 4317 1159 4382 materia
1200 4317 1289 4382 ad
1333 4315 1613 4382 formam
1656 4321 1737 4383 ut
1781 4315 1903 4382 fiat
1946 4335 2155 4381 unum
2186 4335 2272 4382 ex
2313 4315 2465 4397 illis,
2509 4322 2579 4382 et
2608 4321 2712 4382 est
2737 4321 2978 4382 natum

2017 4489 2168 4496 -——.——..

1563 4491 1738 4499 *-

947 4591 961 4622 ¹
996 4591 1177 4660 media]
1201 4593 1379 4656 medic,
1403 4593 1515 4645 MS.
2035 4588 2278 4718 'gr-fior]
2315 4589 2575 4642 formalior
2603 4591 2658 4643 in
2691 4591 2821 4653 MS„
2865 4607 2974 4643 cor-

1970 4675 2076 4720 rect
2159 4681 2214 4718 m
2235 4683 2395 4735 marg.
