3517 5750
554 3687 728 3739 Philo·

552 3756 715 3820 sophy
727 3763 839 3805 ιιΙΘ·

866 854 955 919 82
1616 868 1874 917 nocam
1917 864 2209 916 meoms
2791 854 2966 939 [car.

862 1066 1083 1110 rerum
1154 1042 1579 1123 naturalium,
1632 1042 2079 1109 artificialium
2135 1046 2208 1108 et
2263 1042 2654 1124 moralium3
2711 1050 2796 1109 ut
2851 1064 2972 1130 per

861 1144 1325 1212 convenientes
1388 1144 1848 1232 adaptationes
1919 1150 1992 1211 ct
2077 1144 2544 1210 similitudines
2617 1145 2972 1210 eliciantur

862 1268 1089 1313 sensus
1138 1248 1549 1333 spirituales3
1592 1251 1675 1312 ut
1700 1248 1795 1313 sic
1845 1246 2042 1311 simul
2071 1246 2320 1311 sciatur
2359 1246 2774 1334 philosophia
2819 1268 2972 1312 cum

861 1352 1233 1438 theologia3
1282 1352 1443 1439 quia
1490 1350 1908 1437 philosophia
1963 1350 2134 1414 nihil
2191 1348 2353 1414 facit
2435 1349 2568 1415 nisi
2645 1350 2974 1437 explicaro

862 1458 1139 1519 naturas
1208 1458 1279 1519 ct
1353 1454 1790 1541 proprietates
1864 1472 2086 1517 rerum
2143 1452 2570 1533 naturalium,
2649 1472 2798 1537 quae
2862 1450 2966 1537 ja-

863 1561 1016 1621 cent
1060 1555 1138 1619 in
1188 1558 1385 1621 textu
1434 1575 1617 1621 sacro
1667 1576 1711 1619 a
1756 1554 2031 1619 summis
2075 1553 2390 1619 coelorum
2441 1574 2650 1640 usque
2701 1555 2788 1619 ad
2837 1558 2972 1619 ter-

864 1656 1079 1721 minos
1122 1677 1366 1736 eorum,
1418 1659 1491 1721 et
1532 1656 1980 1721 artificialium
2023 1658 2094 1720 et
2139 1655 2530 1737 moralium3
2583 1656 2756 1721 sicut
2799 1676 2974 1742 pono

863 1758 961 1823 ibi
1020 1758 1394 1845 exemplum
1455 1757 1539 1823 de
1584 1758 1778 1823 Iride.
1911 1756 2114 1822 Unde
2173 1757 2314 1824 haec
2373 1768 2474 1823 est
2531 1756 2646 1822 via
2703 1758 2974 1843 propria

866 1860 1113 1925 sciendi
1164 1859 1593 1946 scripturam,
1640 1864 1711 1925 et
1760 1860 1876 1925 via
1919 1864 2320 1937 sanctourm,
2380 1864 2452 1924 et
2512 1859 2808 1925 omnium
2867 1880 2971 1923 sa-

866 1961 1167 2048 pientum
1264 1962 1687 2047 antiquorum
1714 1960 1756 2042 3¹
1849 1968 1930 2027 ut
2017 1961 2302 2048 episcopi
2361 1960 2836 2026 Lincolniensis
2909 1963 2982 2025 et

866 2062 1091 2129 fratris
1134 2062 1321 2144 Adae,
1380 2068 1451 2129 et
1494 2064 1818 2144 aliorum3
1893 2068 1974 2129 ut
2031 2064 2124 2129 sie
2183 2068 2332 2128 tota
2381 2062 2814 2151 philosophiae
2871 2082 2976 2127 sa·-

868 2164 1121 2251 pientia
1170 2164 1419 2231 sciatur
1468 2164 1543 2229 in
1590 2170 1792 2231 textu
1843 2164 1986 2231 Dei.
2111 2164 2204 2230 Et
2261 2170 2410 2231 tota
2453 2168 2753 2251 potestas
2802 2163 2975 2250 juris

870 2266 1166 2333 canonici
1204 2268 1384 2353 jacet
1430 2268 1501 2332 in
1552 2288 1747 2333 sensu
1793 2266 2073 2333 litterali
2117 2278 2187 2333 et
2215 2266 2567 2355 spirituali,
2609 2272 2680 2333 et
2715 2268 2801 2333 ab
2844 2266 2978 2332 illis

874 2368 1157 2435 elicitur.
1298 2368 1479 2434 Nam
1540 2370 1858 2455 quicquid
1916 2368 2084 2434 sacri
2161 2374 2232 2435 et
2313 2371 2558 2433 summi
2633 2368 2976 2455 pontifices

873 2476 1254 2537 statuerunt
1298 2472 1371 2535 in
1414 2472 1567 2557 jure
1608 2472 1920 2537 canonico
1971 2470 2536 2537 confirmaverunt
2585 2492 2704 2558 per
2753 2476 2974 2537 aucto-

872 2574 1107 2638 ritates
1164 2577 1395 2638 textus
1454 2574 1639 2654 sacri,
1684 2578 1755 2639 et
1801 2594 1920 2659 per
1971 2572 2152 2637 dicta
2203 2578 2598 2650 sanctorum,
2659 2577 2741 2636 ut
2791 2576 2981 2659 patet

874 2696 991 2759 per
1036 2680 1257 2739 totum
1305 2696 1539 2761 corpus
1588 2675 1764 2761 juris
1812 2673 2152 2754 canonici3
2206 2674 2384 2739 unde
2437 2674 2664 2740 eadem
2713 2680 2816 2740 est
2857 2676 2978 2741 sci·

876 2774 1059 2840 entia
1128 2775 1411 2862 penitus,
1488 2776 1647 2862 quia
1730 2776 1902 2842 nihil
1975 2776 2108 2841 nisi
2183 2776 2292 2841 lex
2368 2776 2513 2857 Dei,
2589 2796 2706 2862 per
2780 2796 2980 2861 quam

878 2877 1143 2942 ecclesia
1202 2876 1473 2966 regitur,
1516 2879 1857 2946 invenitur
1913 2879 2283 2964 utrobique.
2397 2879 2575 2943 Nam
2635 2879 2806 2944 sicut
2865 2901 2982 2966 per

880 2977 1093 3044 Vetus
1168 2979 1665 3046 Testamentum
1726 2981 2110 3048 litteraliter
2199 2978 2464 3046 ecclesia
2552 2981 2980 3066 antiquorum

878 3080 1244 3166 regebatur,
1278 3082 1371 3146 sic
1402 3103 1580 3148 nunc
1618 3103 1738 3170 per
1784 3103 2048 3148 sensum
2083 3079 2493 3169 spiritualem
2523 3079 2785 3148 Veteris
2831 3083 2986 3149 Tes—

878 3183 1163 3247 tamenti
1216 3189 1286 3248 et
1332 3207 1448 3270 per
1492 3186 1764 3252 Novum
1811 3186 2013 3250 habet
2071 3184 2212 3272 regi
2262 3183 2431 3249 Dei⁸
2479 3183 2761 3250 ecclesia.
2851 3184 2984 3250 Sed

878 3283 1102 3348 nullus
1160 3289 1378 3371 potest
1436 3309 1677 3374 negare
1726 3287 1892 3372 quin
1939 3290 2211 3372 regatur
2257 3307 2376 3372 per
2423 3285 2538 3370 jus
2585 3287 2981 3352 canonicum.

882 3384 1060 3473 Ergo
1118 3387 1243 3452 hoc
1308 3387 1423 3473 jus
1482 3387 1865 3454 continetur
1937 3389 2010 3452 in
2072 3387 2400 3474 sapientia
2478 3387 2642 3474 legis
2719 3389 2985 3469 divinae,

881 3492 951 3554 st
1010 3495 1207 3555 erunt
1266 3511 1401 3557 una
1460 3491 1790 3578 sapientia
1837 3496 2074 3555 mutuo
2132 3511 2200 3555 se
2259 3489 2472 3556 modis
2523 3487 2760 3555 variis⁸
2834 3511 2985 3556 con·

880 3590 1185 3656 tinentes.

974 3691 1068 3755 Et
1125 3696 1341 3758 totam
1416 3695 1588 3760 hanc
1668 3693 2126 3781 probationem
2185 3692 2356 3760 facio
2441 3701 2709 3781 propter
2781 3699 2988 3762 certas

552 3822 666 3884 len,
693 3817 861 3871 mle..
884 3811 1111 3856 causas
1170 3794 1439 3860 omnino
1500 3793 1874 3862 notandas.⁴
1978 3795 2140 3861 Una
2199 3799 2300 3860 est
2343 3802 2614 3882 propter
2656 3793 2987 3863 vestrum⁵

550 3885 607 3936 in
629 3889 827 3938 ωδιοτ·

550 3952 727 4004 vienus
754 3961 809 4004 to

552 4019 723 4068 divine

552 4085 777 4138 visdom.

885 3892 1275 3958 mandatum
1319 3894 1401 3960 de
1445 3897 1878 3984 philosophia,
1947 3903 2028 3964 ut
2073 3899 2415 3963 ostendam
2475 3899 2654 3984 quod
2704 3899 2987 3985 philoso-

884 3993 1043 4080 phia
1094 3994 1356 4061 inutilis
1428 3997 1518 4062 sit
1588 4005 1657 4065 et
1706 4021 1900 4078 vana,
1963 4000 2091 4066 nisi
2167 4004 2368 4087 prout
2439 4000 2526 4063 ad
2592 4001 2986 4086 sapientiam

887 4094 1015 4160 Dei
1066 4095 1381 4176 elevatur,
1456 4104 1537 4165 ut
1588 4099 1651 4164 ei
1722 4101 1970 4167 serviat
2019 4102 2338 4182 absolute,
2413 4103 2481 4165 et
2531 4099 2844 4166 relative⁶
2899 4101 2989 4168 ad

887 4197 1239 4278 ecclesiam,
1296 4204 1364 4266 et
1416 4207 1655 4268 caetera
1694 4203 1844 4284 tria,
1891 4203 1999 4270 cui
2052 4204 2300 4270 servire
2345 4225 2618 4292 regnare
2671 4208 2790 4284 est,
2819 4203 2991 4271 sicut
