3517 5750
564 870 815 958 nm]
1352 886 1526 936 orus
1568 886 1888 937 warmic.
2497 948 2506 957 ,
2545 870 2667 944 175

558 1061 737 1148 qnod
798 1081 936 1127 non
992 1060 1252 1149 indiget
1308 1061 1613 1129 salvante
1658 1083 1795 1127 non
1838 1061 2096 1149 indiget
2139 1064 2544 1144 continente,
2593 1068 2665 1129 et

564 1164 713 1230 ideo
756 1164 906 1231 coeli
954 1185 1093 1229 non
1150 1164 1457 1250 indigent
1500 1163 1721 1251 aliquo
1775 1164 1914 1231 loco
1975 1164 2402 1244 continente;
2465 1188 2667 1251 quare

558 1268 749 1354 longe
806 1267 1019 1353 magis
1076 1266 1453 1333 substantia
1496 1266 1860 1353 spiritualis
1919 1288 2056 1333 non
2113 1267 2446 1357 indigebit
2519 1268 2661 1334 loeo

570 1370 963 1435 continente.

659 1472 929 1552 Iterum,
964 1476 1204 1539 natura
1246 1471 1664 1539 elementaris
1694 1473 1854 1559 quia
1896 1472 2156 1559 indiget
2185 1473 2486 1539 salvante
2531 1494 2670 1539 non

570 1574 824 1661 indiget
871 1574 1297 1641 continente.¹
1392 1574 1595 1641 Unde
1653 1576 1894 1641 coelum
1945 1596 2062 1663 per
2104 1576 2424 1641 virtutem
2485 1598 2672 1642 suam

568 1678 783 1743 salvat
868 1678 1244 1759 elementa3
1332 1683 1403 1743 et
1476 1677 1821 1764 quodlibet
1895 1679 2295 1744 elementum
2369 1679 2670 1765 superius

570 1781 783 1845 salvat
826 1780 1139 1860 inferius3
1184 1784 1254 1845 et
1298 1780 1445 1845 ideo
1490 1785 1756 1867 oportet
1795 1780 1972 1868 quod
2015 1781 2342 1848 elementa
2384 1781 2673 1848 habeant

568 1882 859 1968 undique
920 1882 1276 1948 continens.
1372 1882 1591 1963 Quare
1659 1904 1810 1948 cum
1873 1884 2249 1950 substantia
2309 1884 2673 1971 spiritualis

572 2008 703 2051 non
746 1985 1003 2072 indiget
1046 1986 1363 2064 salvante,
1393 2006 1533 2062 ‚nec
1574 1984 1906 2073 indigebit
1951 1988 2356 2052 continente.
2511 2052 2518 2059 ,

659 2088 933 2165 Iterum,
966 2089 1363 2153 universitas
1408 2110 1631 2153 rerum
1676 2110 1814 2154 non
1859 2088 2139 2175 requirit
2184 2088 2672 2154 continentiam

573 2190 767 2255 unius
828 2211 947 2277 per
1007 2189 1203 2255 aliud.
1306 2189 1485 2255 Nam
1548 2191 1605 2255 si
1672 2212 1778 2256 res
1845 2195 2081 2256 creatae
2149 2196 2368 2255 essent
2429 2190 2530 2255 ita
2596 2196 2676 2256 ut

572 2294 754 2359 nulla
813 2293 1015 2357 aliam
1079 2293 1531 2375 circumdaret,
1596 2294 1813 2360 adhuc
1875 2298 2048 2358 esset
2110 2293 2552 2373 universitas3
2606 2299 2676 2358 et

572 2402 797 2461 tamen
838 2394 1025 2461 nulla
1068 2396 1488 2461 continentia.
1579 2394 1761 2482 Ergo
1815 2417 1965 2482 pars
2009 2396 2319 2475 universi,
2352 2396 2424 2459 in
2471 2417 2675 2481 quan-

570 2496 747 2565 tum⁹
803 2498 1198 2583 hujusmodi,
1246 2498 1379 2565 nisi
1422 2497 1607 2565 aliud
1669 2496 1982 2565 reformet
2049 2504 2334 2587 pactum,
2383 2520 2520 2565 non
2577 2520 2675 2565 re-

576 2602 781 2690 quirit
825 2602 1185 2667 continens.

664 2704 941 2784 Iterum,
988 2704 1046 2769 si
1063 2702 1091 2741 ⁸
1144 2703 1631 2771 consideremus
1681 2703 1969 2769 radicem
2015 2704 2192 2769 unde
2235 2702 2482 2771 accidit
2523 2725 2675 2773 con-

574 2806 864 2873 tinentia
906 2805 981 2871 in
1024 2806 1147 2871 hoc
1190 2807 1457 2888 mundo,
1504 2806 1879 2873 videbimus
1925 2806 2100 2894 quod
2151 2807 2240 2872 ad
2297 2808 2437 2888 hoc,
2500 2808 2676 2895 quod

574 2933 679 2978 res
722 2911 813 2978 sit
856 2931 1011 3000 pars
1053 2911 1365 2990 universi,
1414 2931 1555 2975 non
1598 2909 1962 2996 requiritur
2021 2912 2198 2997 quod
2258 2912 2677 2978 contineatur

574 3015 661 3080 ab
712 3015 947 3102 aliquo,
1060 3011 1129 3078 Ν
1132 3035 1241 3078 am
1286 3011 1445 3098 quia
1488 3012 1816 3079 elementa
1857 3013 2164 3100 indigent
2209 3013 2508 3080 salvante
2553 3036 2674 3080 un-

576 3116 788 3202 dique,
836 3116 985 3182 ideo
1044 3115 1350 3201 indigent
1410 3114 1794 3182 continente
1851 3115 2182 3204 undique;
2243 3121 2312 3181 et
2355 3117 2505 3182 ideo
2549 3116 2675 3182 ele-

575 3225 871 3286 mentum
948 3224 1048 3284 est
1124 3217 1513 3304 sphaericum
1598 3238 1873 3304 corpus3
1949 3222 2020 3282 et
2091 3238 2208 3304 per
2281 3239 2676 3304 consequens

576 3341 808 3408 eorpus
880 3320 1143 3387 coeleste
1204 3325 1307 3386 est
1370 3319 1761 3406 sphaericum
1800 3345 1816 3399 3
1883 3323 1954 3385 et
2027 3319 2176 3386 ideo
2221 3319 2676 3384 contentivum

579 3423 903 3490 elementi.
1025 3419 1161 3488 Sed
1220 3420 1278 3487 si
1338 3420 1663 3488 elementa
1708 3441 1794 3487 ex
1839 3420 2028 3486 nulla
2070 3425 2259 3507 parte
2303 3419 2678 3506 indigerent

578 3527 895 3604 salvante,
956 3530 1077 3591 aut
1142 3545 1279 3590 non
1340 3523 1651 3611 undique,
1718 3545 1858 3590 non
1923 3527 2094 3588 esset
2160 3543 2434 3602 necesse,
2503 3521 2678 3606 quod

580 3630 905 3696 elementa
965 3633 1183 3695 essent
1242 3627 1575 3714 sphaericae
1620 3626 1870 3714 figurae,
1931 3647 2052 3692 nec
2110 3646 2227 3712 per
2285 3645 2679 3710 consequens

580 3733 861 3812 coelum3
936 3736 1006 3798 et
1070 3730 1219 3797 ideo
1286 3729 1697 3796 continentia
1763 3750 1898 3795 non
1965 3727 2406 3814 requireretur
2463 3745 2680 3794 neces-

578 3836 748 3900 sario
776 3859 792 3915 3
836 3838 907 3900 et
949 3839 1175 3900 tamen
1218 3837 1437 3899 essent
1480 3835 1699 3921 partes
1742 3832 2052 3898 universi.

668 3937 942 4017 Iterum,
988 3937 1061 4003 in
1122 3941 1446 4022 quantum
1503 3935 1790 4000 mundus
1849 3935 2047 4002 debet
2103 3932 2354 4002 moveri
2413 3937 2681 4022 propter

579 4041 1070 4128 generationem
1128 4044 1199 4105 et
1242 4037 1746 4124 corruptionem,
1797 4042 2060 4125 oport-et
2100 4039 2278 4125 quod
2335 4038 2427 4105 sit
2472 4037 2680 4125 sphae-

578 4143 803 4210 ricitas
846 4143 1079 4231 figurae
1108 4166 1125 4224 ;
1172 4142 1333 4228 quia
1372 4161 1509 4206 non
1554 4147 1776 4226 posset
1817 4141 2128 4208 ultimum
2173 4163 2406 4229 eorpus
2447 4143 2679 4208 mundi

578 4247 843 4325 moveri,
888 4245 1021 4312 nisi
1062 4245 1137 4311 in
1182 4243 1397 4330 figura
1439 4242 1581 4324 tali,
1626 4242 1800 4309 sicut
1843 4244 2119 4329 probavi
2161 4243 2235 4310 in
2279 4243 2492 4331 Opere
2539 4245 2682 4312 Ma-

568 4347 743 4438 jori.⁴
832 4347 964 4415 Sed
1023 4348 1081 4412 si
1138 4346 1373 4413 coelum
1421 4366 1555 4411 non
1606 4335 1997 4428 moveretur,
2044 4368 2164 4414 nec
2206 4347 2443 4416 fierent
2485 4367 2682 4433 gene-

646 4637 661 4672 ¹
695 4646 743 4689 et
762 4637 865 4689 ideo
886 4633 993 4688 coeli
1022 4672 1038 4690 .
1073 4674 1087 4689 .
1135 4673 1148 4687 .
1182 4673 1196 4688 .
1232 4673 1247 4688 .
1280 4634 1571 4700 continente]
1745 4635 1767 4665 ⁸
1799 4635 1984 4692 iterum,
2006 4633 2080 4700 si]
2118 4649 2218 4686 om.
2239 4633 2302 4684 Β.

578 4735 677 4772 om.
702 4719 763 4770 Τ.
1744 4715 1764 4745 ⁴
1802 4715 1963 4782 Opere
1984 4713 2180 4782 Major-i
2181 4713 2208 4781 j
2243 4729 2292 4780 p.
2317 4717 2397 4767 94.

643 4799 665 4830 ²
695 4797 951 4866 quantum]
990 4813 1153 4866 quam,
1188 4795 1250 4848 Τ.
