3517 5750
1356 793 1531 844 orus
1572 794 1808 845 mnus.
2503 782 2632 847 359

524 965 839 1052 lapidum,
905 964 1163 1045 salium,
1222 963 1628 1051 sulphurum,
1695 962 2159 1043 metallorum,¹
2229 966 2630 1029 atramento-

526 1089 690 1145 rum,
724 1067 1017 1135 colorum
1061 1070 1132 1133 et
1162 1066 1457 1133 oleorum
1486 1068 1867 1147 universim,
1905 1072 1975 1133 et
2006 1071 2390 1133 caeterorum
2419 1068 2632 1132 nomi-

528 1176 878 1251 natorum3
968 1169 1205 1235 deinde
1251 1170 1545 1235 omnium
1590 1170 2006 1255 planetarum
2051 1174 2121 1235 et
2179 1169 2534 1235 herbarum
2563 1173 2634 1235 et

530 1278 938 1353 coeterorum,
968 1277 1039 1339 et
1082 1292 1231 1359 quae
1275 1277 1631 1358 erumpunt
1661 1274 1741 1338 de
1787 1276 1981 1349 terra,
2013 1294 2162 1357 quae
2190 1272 2264 1337 in
2295 1271 2634 1357 Scriptura

528 1380 882 1463 ponuntur.
987 1374 1149 1440 Post
1176 1373 1315 1439 haec
1358 1376 1655 1439 omnium
1698 1375 2085 1439 animalium
2115 1397 2131 1451 ;
2205 1378 2274 1439 et
2303 1380 2632 1460 postremo

529 1478 947 1543 diversitates
1006 1478 1079 1543 et
1140 1475 1575 1563 proprietates
1648 1476 1946 1541 omnium
2020 1474 2377 1553 hominum,
2427 1479 2496 1541 et
2559 1476 2632 1541 in

526 1578 987 1665 complexione,
1028 1582 1099 1643 et
1140 1577 1214 1643 in
1257 1577 1566 1656 moribus,
1598 1581 1670 1643 et
1698 1578 1772 1642 in
1815 1577 1970 1657 ritu,
2003 1582 2073 1643 et
2115 1577 2188 1642 in
2239 1576 2512 1656 artibuS,
2559 1580 2630 1641 et

526 1680 598 1745 in
642 1680 947 1747 scientiis.
1040 1678 1175 1745 Sed
1226 1678 1621 1765 paucissima
1678 1678 1761 1743 de
1808 1677 2112 1743 omnibus
2171 1678 2274 1743 his
2333 1679 2630 1745 sciuntur

526 1805 567 1847 a
595 1780 795 1869 vulgo
826 1780 1296 1869 theologorum.
1394 1779 1487 1845 Et
1528 1780 1678 1847 ideo
1722 1780 1797 1845 in
1843 1802 2038 1847 sensu
2081 1780 2329 1847 literali
2371 1801 2628 1847 necesse

525 1888 627 1951 est
702 1884 878 1969 quod
950 1883 1042 1949 sit
1112 1904 1293 1949 error
1364 1881 1682 1947 infinitus.
1807 1880 2130 1969 Exempla
2203 1882 2469 1968 quidem
2546 1882 2628 1947 de

526 1985 898 2051 coelestibus
941 1989 1012 2051 et
1071 1984 1483 2071 passionibus
1542 1988 1936 2070 temporum,
1981 1990 2050 2050 et
2095 1985 2177 2051 de
2220 1985 2513 2049 numeris
2557 1988 2626 2049 et

526 2087 755 2173 figuris
807 2088 907 2173 [et
950 2086 1033 2153 de
1078 2086 1399 2171 numeris]
1446 2090 1517 2151 et
1564 2086 2002 2164 musicalibus,
2057 2087 2216 2151 satis
2275 2090 2509 2171 patent
2553 2086 2627 2151 in

524 2194 777 2275 septem
834 2188 1161 2253 radicibus
1220 2187 1461 2272 quibus
1518 2191 1939 2273 comparatur
2003 2187 2468 2253 mathematica
2539 2186 2628 2251 ad

526 2290 943 2377 theologiam.
1037 2290 1129 2355 Et
1170 2289 1245 2354 in
1286 2293 1525 2374 quarta
1567 2294 1755 2375 parte
1802 2289 2016 2375 operis
2062 2289 2144 2354 de
2188 2289 2346 2355 locis
2391 2288 2626 2353 mundi

525 2397 595 2458 et
624 2392 720 2457 ibi
750 2397 819 2457 et
848 2396 1003 2456 ante
1048 2396 1117 2455 et
1161 2394 1389 2476 postea
1433 2392 1505 2455 in
1551 2412 1796 2478 magna
1829 2391 2034 2479 copia,
2066 2395 2146 2457 ut
2188 2391 2369 2477 prius
2413 2390 2622 2477 tetigi.

617 2494 722 2559 De
781 2492 979 2557 rebus
1034 2490 1452 2557 inferioribus
1510 2492 1880 2579 exemplum
1943 2493 2366 2579 magnificum
2437 2494 2628 2579 posui

526 2597 601 2661 in
642 2594 915 2661 aestibus
944 2594 1143 2659 maris
1187 2594 1303 2680 qui
1332 2594 1687 2682 saepissime
1716 2595 2134 2681 reperiuntur
2163 2596 2236 2660 in
2268 2594 2626 2681 Scriptura,

527 2696 705 2783 quod
766 2695 1051 2762 tractavi
1112 2695 1187 2759 in
1230 2700 1471 2781 quarta
1530 2700 1720 2783 parte
1783 2697 1996 2784 operis
2060 2696 2453 2783 geometrici,
2507 2696 2628 2761 ubi

528 2798 799 2887 angulos
862 2802 930 2863 et
980 2797 1226 2885 figuras
1287 2798 1479 2863 docui
1524 2798 1747 2863 omnia
1810 2799 2044 2865 debere
2089 2799 2404 2886 cognosci.
2493 2798 2629 2865 Sed

526 2902 779 2968 nullum
836 2901 984 2966 'vidi
1046 2901 1163 2986 qui
1216 2900 1381 2966 sciat
1444 2899 1595 2967 illos
1660 2906 1860 2968 aestus
1925 2901 2057 2968 nisi
2117 2902 2336 2967 virum
2402 2923 2444 2965 a
2496 2923 2626 2986 quo

528 3002 667 3070 haec
761 3001 963 3068 didici
981 2999 1007 3038 ²
1080 3002 1429 3068 transactis
1502 3003 1694 3068 annis
1769 3003 2030 3091 viginti.
2143 3003 2276 3070 Sed
2349 3009 2627 3090 possunt

528 3106 685 3191 poni
728 3105 861 3170 alia
902 3104 1207 3192 exempla
1250 3125 1399 3189 quse
1459 3104 1765 3172 similiter
1823 3111 1982 3173 sunt
2024 3106 2219 3173 valde
2267 3105 2629 3172 necessaria

530 3207 875 3294 theologiae
918 3206 1091 3274 sicut
1134 3203 1553 3274 enumeravi⁸

1072 3483 1206 3571 [De
1250 3505 1469 3552 rerum
1514 3482 2090 3572 generationibus]
2108 3481 2136 3518 ⁴

618 3597 751 3666 Hic
824 3601 1048 3666 autem
1115 3599 1341 3666 volens
1407 3621 1649 3686 ponere
1708 3597 2062 3664 radicalem
2133 3591 2624 3684 generationem
2650 3603 2888 3669 Specula-

2649 3671 2753 3722 tive
2769 3673 2961 3724 Alche-

526 3723 743 3768 rerum
832 3703 1177 3770 ostendam
1252 3702 1577 3788 quomodo
1652 3723 1738 3768 ex
1813 3697 2154 3766 elementis
2226 3701 2626 3784 generantur
2647 3754 2752 3804 my,
2775 3755 2834 3791 or
2857 3741 2940 3791 the
2995 3755 3002 3761 .

526 3802 846 3883 humores,
895 3809 966 3870 et
1008 3827 1095 3871 ex
1136 3803 1523 3870 humoribus
1566 3801 1790 3870 omnia
1831 3801 2200 3868 inanimata
2226 3799 2626 3888 vegetabilia
2649 3806 2953 3884 elementary

2651 3873 2921 3938 principles

528 3910 599 3972 et
642 3905 955 3972 animalia
996 3910 1067 3972 et
1108 3906 1419 3974 homines.
1514 3905 1679 3972 Haec
1737 3909 1962 3970 autem
2021 3903 2298 3970 historia
2356 3923 2626 3989 genera-
2651 3939 2711 3990 of
2727 3949 2922 3992 matter.

526 4007 729 4074 tionis
772 4030 993 4076 rerum
1037 4014 1139 4076 est
1181 4009 1427 4095 ubique
1456 4007 1530 4074 in
1576 4007 1920 4094 Scriptura
1951 4005 2193 4072 diffusa
2221 4027 2262 4070 a
2307 4004 2628 4092 principio

526 4131 732 4195 usque
776 4111 997 4193 finem,
1042 4115 1112 4177 et
1170 4111 1294 4178 hoc
1337 4115 1439 4176 est
1483 4109 1990 4176 fundamentum
2051 4107 2374 4174 naturalis
2417 4107 2628 4194 philo-

524 4211 771 4298 sophiae
844 4213 1023 4282 inter
1096 4213 1372 4282 Latinos
1444 4213 1735 4299 vulgatae
1786 4213 2054 4297 insuper
2127 4215 2197 4278 et
2269 4209 2626 4276 medicinae.

596 4525 946 4594 'memnon-um]
985 4543 1165 4589 mam,
1188 4527 1301 4582 MS.
1696 4531 1717 4560 ³
1750 4525 2048 4591 sufflavi]
2076 4523 2350 4576 uncertain.

591 4608 612 4636 ²
633 4605 811 4672 didici]
838 4610 1000 4660 added
1020 4609 1076 4660 in
1094 4609 1293 4676 margin
1316 4624 1384 4662 sc.
1408 4607 1531 4660 Rob.
1700 4609 1717 4637 ⁴
1737 4603 2146 4672 ymo-udonibus]
2175 4603 2237 4656 In
2260 4617 2442 4654 amore
2463 4611 2634 4654 recent

525 4681 919 4738 Lincolnienaeem.
1635 4687 1787 4737 hand.
