3517 5750
897 843 998 910 xii
1804 861 2126 914 PREFAOE.

893 1037 1028 1102 and
1057 1037 1162 1102 his
1192 1039 1445 1116 barone,
1480 1038 1656 1124 Pope
1689 1037 1928 1103 Urban
1958 1036 2076 1102 IV.
2108 1036 2509 1124 despatched
2541 1036 2696 1122 Guy
2724 1035 2787 1101 le
2818 1035 3003 1116 Groe,

893 1161 969 1206 or
1012 1141 1093 1205 de
1141 1139 1489 1226 FoulqueS‚
1541 1141 1700 1205 then
1746 1139 2039 1204 cardinal
2068 1140 2200 1205 and
2231 1140 2465 1227 bishop
2496 1139 2569 1205 of
2604 1139 2869 1216 Sabina,
2920 1160 3007 1204 on

867 1245 936 1308 ‘a
1009 1242 1279 1307 mission
1344 1243 1421 1308 of
1482 1264 1675 1329 peace
1743 1247 1817 1308 to
1890 1241 2025 1307 this
2085 1247 2383 1328 country.
2494 1240 2871 1328 According
2931 1245 3005 1306 to

1777 1468 1859 1472 ——-
1872 1467 2002 1473 -.-——
2018 1469 2077 1473 --,-
2105 1469 2129 1473 -
2326 1469 2370 1472 --
2448 1470 2453 1474 .
2468 1470 2471 1473 .
2489 1469 2991 1477 --—-—-v--—--—-—

1999 1627 2031 1653 ‘⁴
2066 1626 2334 1690 appellatio
2388 1630 2523 1693 apud
2570 1629 2841 1694 Redinges,
2884 1629 3006 1681 item

2000 1707 2031 1732 ⁴⁴
2066 1707 2434 1756 communicato
2456 1707 2663 1758 consilio
2694 1709 2845 1759 totius
2866 1707 3005 1772 cleri,

1998 1786 2031 1811 ‘⁴
2064 1784 2305 1836 recitatur
2338 1795 2389 1836 et
2422 1789 2736 1851 approbatur,
2772 1795 2824 1838 et
2866 1787 3007 1854 sigil-

1999 1867 2030 1892 “
2066 1865 2131 1915 lis
2162 1865 2395 1916 omnibus
2436 1867 2713 1917 roboratur.
2780 1866 3008 1918 Barones

888 1631 921 1660 ⁴⁴
950 1629 1178 1694 partibus
1201 1627 1540 1680 ultramarinis
1561 1633 1757 1693 agente,
1776 1641 1894 1677 ecce

883 1713 916 1738 ⁴⁴
949 1709 1038 1773 qui
1061 1711 1125 1758 ad
1161 1707 1426 1773 pristinum
1449 1714 1634 1758 statum
1670 1713 1720 1757 et
1757 1713 1893 1756 tran·

887 1792 919 1818 ⁴⁴
953 1787 1248 1852 quillitatem
1313 1787 1684 1837 reformandam
1750 1799 1891 1835 accc·

885 1871 916 1896 ‘⁴
949 1869 1067 1917 dere
1101 1867 1404 1932 sperabatur,
1441 1881 1582 1931 spem
1603 1864 1742 1930 pacis
1764 1872 1817 1915 et
1836 1864 1892 1914 iu

884 1949 914 1974 ‘⁴
947 1946 1340 2010 desperationem
1395 1946 1764 2006 commutando,
1806 1944 1888 1992 in-
1998 1945 2032 1970 “
2067 1943 2219 1996 etiam
2273 1946 2545 1995 adventum
2607 1945 2761 2010 legati
2824 1945 3006 1996 merito

884 2027 916 2053 ⁴⁴
947 2024 1156 2074 ter-dixit
1177 2031 1430 2089 portantes
1451 2024 1644 2090 vinum,
1665 2024 1888 2084 bladum,
1998 2025 2032 2051 ‘⁴
2066 2022 2305 2074 habentes
2342 2031 2639 2088 suspectum,
2678 2023 2727 2074 ei
2762 2032 3005 2088 negantes

882 2104 914 2129 ‘⁴
947 2107 999 2151 et
1041 2099 1327 2163 hujusmodi
1369 2099 1621 2156 victualia,
1655 2098 1889 2149 humanm
1997 2104 2028 2130 ‘⁴
2064 2102 2365 2168 ingressum,
2428 2102 2719 2166 praedictam
2786 2103 3005 2169 appella-

881 2182 913 2206 ⁴⁴
947 2179 1064 2228 vitae
1109 2179 1408 2241 necessaria,
1449 2177 1506 2228 in
1543 2191 1756 2243 regnum
1776 2177 1887 2226 An·
1996 2183 2028 2209 ‘⁴
2062 2181 2251 2232 tionem
2289 2183 2578 2246 approbant,
2616 2189 2666 2232 et
2700 2182 2821 2246 quia
2852 2182 3005 2234 totius

879 2261 910 2286 ⁴⁴
943 2259 1077 2322 gliae,
1133 2259 1228 2308 sub
1281 2273 1429 2322 poena
1482 2256 1889 2308 excommunica·
1996 2263 2027 2288 ⁴⁴
2062 2261 2432 2312 communitatis
2470 2275 2551 2311 res
2584 2262 2839 2326 agebatur,
2872 2277 3005 2312 eam-

878 2340 908 2365 “
944 2337 1097 2387 tionis
1135 2337 1426 2396 inhibendo,
1464 2353 1527 2388 ne
1557 2337 1670 2402 quis
1690 2336 1885 2398 vinum,
1994 2339 2028 2367 ‘⁴
2062 2343 2179 2392 dem
2214 2340 2498 2406 sigillorum
2531 2339 2810 2390 munimine
2854 2341 3003 2390 robo-

878 2420 908 2444 ⁴⁴
943 2417 1162 2476 bladum,
1208 2424 1258 2466 et
1301 2417 1401 2466 alia
1443 2416 1774 2467 mercimonia
1828 2413 1883 2464 in
1994 2422 2025 2449 ⁴⁴
2060 2421 2255 2470 rabant.
2324 2419 2399 2469 Ut
2418 2419 2618 2480 dicitur,
2641 2419 2867 2482 apposita
2886 2425 3005 2470 sunt

876 2499 908 2523 ⁴⁴
942 2495 1238 2559 praedictum
1267 2509 1478 2560 regnum
1501 2495 1728 2545 deferret-
1797 2493 1884 2544 Οἱ·
1992 2503 2025 2528 “
2060 2499 2208 2565 sig-na
2263 2499 2498 2550 abbatum
2558 2505 2903 2562 exemptorum
2953 2505 3005 2550 et

875 2576 910 2602 ‘⁴
943 2575 1072 2624 tavit
1106 2575 1311 2638 insuper
1349 2575 1589 2638 quosdam
1625 2573 1885 2637 episcopos
1994 2582 2025 2608 ⁴⁴
2059 2593 2163 2629 non
2187 2585 2553 2642 exemptorum,
2575 2584 2788 2642 excepto
2823 2578 3002 2628 abbate

873 2657 904 2681 ⁴⁴
939 2653 1251 2716 peremtorie,
1271 2661 1328 2702 ut
1349 2659 1692 2716 comparerent
1713 2665 1883 2702 coram

875 2735 906 2760 ‘⁴
941 2747 996 2780 se
1017 2739 1163 2781 extra
1183 2747 1410 2796 regnum,
1443 2730 1668 2796 praefixis
1690 2730 1765 2780 eis
1798 2731 1884 2780 die

872 2814 904 2839 ‘⁴
945 2809 1048 2876 [et]
1075 2811 1187 2860 loco
1202 2825 1350 2876 super
1365 2809 1700 2861 obedientiam
1722 2825 1880 2860 suam.

875 2893 908 2918 ‘⁴
943 2888 1255 2941 Sententiam
1343 2889 1879 2941 excommunicationis

873 2973 906 2997 ⁴⁴
941 2968 1231 3018 fulminavit
1269 2968 1322 3019 in
1365 2968 1602 3019 comitem
1617 2968 1790 3034 Leyc.,
1831 2977 1882 3019 et

876 3051 908 3076 ‘⁴
941 3047 1050 3109 ejus
1093 3048 1242 3110 filios,
1285 3048 1555 3115 Hugonem
1607 3049 1879 3113 Dispensa-

871 3130 904 3153 ‘⁴
937 3132 1112 3189 torem,
1151 3134 1203 3177 et
1239 3142 1414 3177 omnes
1447 3127 1522 3179 eis
1556 3128 1612 3178 in
1651 3127 1880 3189 consilio,

873 3209 903 3234 ‘⁴
938 3206 1150 3268 auxilio,
1210 3213 1262 3257 ct
1326 3207 1514 3266 favore,
1571 3206 1879 3257 habitatores

871 3288 903 3313 ‘⁴
937 3284 1172 3349 Quinque
1215 3284 1462 3335 Portuum
1516 3293 1566 3337 et
1621 3284 1878 3336 civitatem

1995 2661 2027 2686 ⁴⁴
2062 2659 2125 2707 de
2162 2657 2349 2708 Sancto
2371 2657 2589 2718 Albane,
2612 2657 2701 2721 qui
2738 2657 3003 2722 praedictas

1995 2740 2027 2766 ⁴⁴
2060 2735 2417 2800 appellationes
2454 2735 2623 2802 sigillo
2664 2751 2757 2786 suo
2794 2737 3003 2786 minime

1996 2819 2027 2844 ‘⁴
2062 2815 2337 2877 roboravit,
2400 2823 2605 2881 propter
2670 2813 3001 2866 reverentiam

1996 2899 2027 2924 ‘⁴
2061 2894 2194 2945 sedis
2230 2894 2531 2959 apostolieae,
2570 2910 2719 2960 quem
2750 2894 3004 2946 offendere

2012 2976 2026 3001 ⁴
2060 2988 2164 3023 non
2199 2975 2427 3035 audebat,
2462 2973 2611 3023 sicuti
2645 2988 2739 3023 nec
2778 2974 3001 3035 debebat,

2012 3056 2025 3080 ⁴
2059 3053 2179 3103 licet
2200 3066 2231 3103 a
2252 3052 2423 3102 multis
2457 3052 2802 3116 multipliciter
2834 3054 3001 3116 pulsa-

1994 3136 2025 3160 ⁴⁴
2058 3140 2214 3193 retur,
2258 3138 2309 3181 et
2337 3133 2591 3195 iacturam
2628 3140 2733 3183 tam
2768 3132 3001 3195 spiritua-

1996 3214 2025 3239 “
2062 3208 2188 3260 lium
2211 3226 2362 3275 quam
2384 3210 2734 3275 temporalium
2754 3211 3001 3261 bonorum

1995 3293 2025 3317 ‘⁴
2058 3304 2161 3340 una
2204 3304 2321 3340 cum
2366 3289 2717 3355 indignatione
2753 3292 3000 3340 baronum

870 3367 901 3391 ⁴⁴
935 3364 1183 3425 London.,
1295 3378 1444 3429 super
1544 3364 1879 3415 ecclesiastico
1994 3373 2025 3397 ‘⁴
2060 3376 2111 3419 et
2133 3368 2479 3433 episcoporum
2517 3369 3001 3420 irreconciliabiliter

867 3446 900 3471 ‘⁴
934 3444 1192 3509 supposuit
1280 3443 1564 3504 interdicto,
1629 3443 1883 3493 mandatis
1995 3450 2027 3476 ⁴⁴
2062 3448 2319 3497 incurrere
2342 3447 2653 3498 formidabat.
2700 3447 3001 3499 Alexandro

869 3526 900 3552 ⁴⁴
933 3539 1026 3589 per
1078 3524 1270 3574 litteras
1325 3539 1440 3575 suas
1495 3524 1772 3574 Londonim
1830 3529 1879 3573 et
1996 3530 2027 3555 ‘⁴
2064 3541 2195 3591 papa
2246 3526 2470 3577 debitum
2524 3526 2773 3577 universae
2832 3527 3001 3578 carnis

869 3604 901 3630 ‘⁴
934 3602 1214 3667 Wigorniae
1261 3603 1508 3666 episcopis
1550 3609 1602 3652 et
1642 3601 1878 3652 omnibus

867 3684 897 3711 ⁴⁴
932 3681 1044 3730 aliis
1083 3682 1411 3745 suffraganeis
1446 3681 1681 3731 Cantuar.
1717 3681 1875 3731 eccle·

871 3764 903 3788 ‘⁴
936 3760 1041 3818 sioe,
1081 3768 1133 3810 et
1169 3759 1320 3811 dictis
1351 3760 1583 3826 Wigorn.
1623 3768 1674 3809 et
1709 3760 1873 3809 Lond.

869 3842 900 3867 ‘⁴
934 3838 1207 3903 injungens
1251 3838 1372 3889 viva
1413 3854 1552 3898 voce,
1592 3846 1642 3889 et
1691 3838 1875 3889 virtute

869 3922 900 3946 ⁴⁴
935 3917 1232 3969 obedientiae
1279 3917 1592 3982 praecipiens,
1641 3916 1876 3981 quatinus

864 3998 896 4026 ‘⁴
931 3996 1092 4047 dictos
1147 3996 1605 4047 excommunicatos
1657 3996 1880 4048 vitarent

865 4079 898 4105 ⁴⁴
932 4076 988 4125 in
1027 4076 1276 4138 omnibus,
1315 4084 1366 4127 et
1387 4076 1547 4127 dictas
1583 4090 1874 4126 excommu-

868 4158 899 4183 ⁴⁴
931 4155 1201 4206 nicationis
1217 4155 1491 4206 sententias
1507 4162 1876 4216 conservarent,

867 4239 899 4263 ⁴⁴
933 4241 985 4285 ct
1019 4235 1243 4284 facerent
1273 4233 1486 4299 singulis
1519 4233 1622 4284 suis
1655 4233 1875 4284 civitati-

863 4316 895 4342 “
928 4315 1023 4364 bus
1037 4321 1088 4365 et
1104 4313 1384 4365 diocesibus
1397 4312 1664 4364 observari.
1713 4312 1877 4363 Porro

865 4397 897 4423 ‘⁴
931 4393 1300 4445 communicato
1323 4392 1530 4443 consilio
1553 4392 1776 4457 episcopi
1798 4400 1871 4443 at·

867 4476 898 4503 ‘⁴
931 4474 1208 4533 tendentes,
1241 4472 1533 4523 sententiam
1571 4470 1787 4535 priorem
1820 4478 1870 4521 et

864 4558 895 4583 ⁴⁴
929 4560 1106 4604 contra
1152 4550 1401 4615 justitiam
1454 4550 1662 4611 illatam,
1717 4550 1869 4599 modo

863 4635 897 4662 ‘⁴
927 4632 1222 4695 subscripto,
1277 4628 1604 4694 appellarunt.
1689 4627 1867 4679 Omni-

861 4720 893 4746 “
927 4717 1021 4768 bus
1065 4713 1255 4768 Christi
1297 4711 1546 4775 fidelibus,
1598 4712 1691 4763 διο.
1759 4710 1869 4764 Ista

1993 3609 2023 3633 ⁴⁴
2060 3606 2388 3669 persolvente,
2410 3606 2574 3657 dictus
2610 3606 2821 3672 legatus,
2849 3608 3000 3657 modo

1992 3686 2022 3712 ⁴⁴
2054 3685 2296 3747 praedicto
2384 3699 2645 3749 perpessus
2732 3684 2997 3749 repulsam,

1990 3766 2019 3791 ‘⁴
2057 3777 2301 3826 remeans,
2336 3763 2391 3813 in
2426 3778 2675 3813 summum
2710 3762 2998 3827 pontificem

1990 3844 2021 3869 ‘⁴
2055 3840 2227 3892 extitit
2312 3842 2513 3903 electus,
2589 3841 2827 3892 videlicet
2912 3842 2997 3892 die

1990 3922 2021 3947 ‘⁴
2056 3918 2257 3971 Sanctae
2290 3920 2513 3986 Agathoe
2537 3920 2789 3985 Virginis,
2824 3928 2875 3971 et
2910 3921 2994 3971 die

1989 4001 2020 4026 ‘⁴
2053 3998 2308 4049 dominica
2351 4006 2467 4050 ante
2509 3998 2871 4065 carniprivium
2915 4000 2995 4051 in·

1988 4079 2019 4106 ‘⁴
2052 4078 2231 4143 signiis
2266 4079 2527 4144 papalibus
2555 4078 2829 4129 honorifice
2863 4078 2994 4129 redi·

1990 4159 2020 4186 ‘⁴
2055 4157 2221 4219 mitus,
2244 4158 2332 4223 qui
2354 4165 2526 4223 postea
2548 4158 2855 4209 Ottobonum
2878 4172 2992 4209 car-

1988 4240 2019 4265 ⁴⁴
2055 4237 2277 4287 dinalem
2310 4236 2595 4302 apostolicae
2618 4237 2748 4287 sedis
2770 4237 2993 4301 legatum

1986 4320 2017 4345 ‘⁴
2049 4316 2105 4365 in
2150 4316 2397 4381 Angliam
2440 4316 2643 4378 direxit,
2676 4316 2739 4367 de
2778 4330 2879 4380 quo
2913 4313 2993 4366 in·

1986 4398 2017 4424 ⁴‘
2050 4394 2207 4446 serius
2231 4392 2472 4445 dicetur.”

2053 4473 2166 4523 The
2214 4473 2482 4525 cardinal’s
2523 4487 2639 4523 own
2682 4480 2896 4523 account
2938 4474 3000 4525 of

1986 4552 2066 4603 his
2108 4552 2319 4603 mission
2363 4552 2467 4603 will
2508 4554 2571 4603 be
2614 4552 2769 4602 found
2813 4552 2867 4601 in
2907 4552 2991 4603 his

1983 4632 2143 4696 Epist.
2180 4632 2367 4684 xxxiii.
2409 4646 2520 4683 cxc.
2591 4630 2837 4696 Compare
2880 4632 2989 4682 also

1984 4710 2179 4763 cxlviii.
