3517 5750
540 886 733 975 vm]
1178 898 1675 951 oommmmm
1718 898 1974 949 swmr.
2513 882 2645 951 465

544 1078 803 1146 Deinde
865 1077 1234 1145 Priscianus
1300 1074 1465 1143 dicit
1532 1077 1709 1163 quod
1782 1076 1922 1163 ipse
1995 1074 2266 1142 omnino
2338 1075 2648 1142 imitatur

541 1183 817 1260 Graeoo8,
908 1186 979 1247 et
1064 1180 1255 1268 ponit
1342 1180 1562 1268 ipsum
1638 1179 1942 1245 Graecum
2031 1178 2350 1266 scriptum
2435 1179 2646 1245 literis

541 1282 787 1351 Graecis
830 1283 905 1348 in
948 1304 1193 1371 magna
1252 1284 1451 1370 copia,
1499 1282 1832 1348 adducens
1889 1285 2188 1349 auctores
2249 1287 2319 1349 et
2362 1284 2648 1348 auctori-

539 1390 713 1452 tates
758 1386 1021 1453 Graecas
1092 1386 1167 1450 in
1240 1406 1361 1451 suo
1433 1384 1774 1453 volumine
1841 1383 2272 1463 abundanter,
2350 1406 2646 1452 asserens

541 1488 719 1574 quod
792 1508 929 1554 non
1000 1492 1221 1575 potest
1292 1486 1445 1553 sciri
1520 1485 1911 1554 Latinorum
1997 1486 2441 1576 grammatica,
2517 1488 2647 1554 nisi

544 1590 775 1657 Graeca
860 1590 1061 1657 fuerit
1148 1590 1319 1657 bene
1406 1593 1583 1655 nota.
1706 1588 1981 1656 Possum
2069 1612 2312 1677 ponere
2384 1589 2652 1657 infinita

543 1693 844 1781 exempla
916 1697 987 1760 et
1060 1694 1348 1760 rationes
1420 1691 1846 1781 particulares
1921 1693 2002 1759 de
2077 1692 2198 1774 his,
2261 1692 2336 1758 in
2411 1694 2652 1779 quibus

542 1795 849 1862 omnibus
892 1800 1069 1862 errat
1112 1796 1354 1884 vulgus
1400 1793 1810 1875 Latinorum,
1856 1815 1988 1860 non
2051 1794 2262 1861 solum
2321 1795 2394 1860 in
2453 1817 2652 1862 sensu

544 1902 613 1963 et
640 1898 1205 1985 interpretatione,
1250 1898 1367 1963 sed
1392 1897 1467 1962 in
1512 1896 1938 1976 derivatione,
1973 1902 2043 1963 et
2086 1896 2648 1985 pronuntiatione,

546 2004 617 2066 et
660 2000 993 2087 scriptura.
1086 1998 1219 2065 Sed
1264 1999 1421 2086 quia
1462 1999 1850 2065 festinamus
1908 2000 1996 2066 ad
2037 1999 2306 2085 maj0ra,
2351 2005 2421 2065 et
2462 2006 2650 2087 patet

546 2101 816 2167 cuilibet
881 2102 1178 2169 studenti
1220 2101 1293 2167 in
1337 2101 1525 2167 libris
1570 2100 1909 2182 Prisciani,
1955 2106 2025 2168 et
2071 2101 2319 2167 Donati
2363 2102 2648 2188 majoris,

552 2209 623 2269 et
668 2204 903 2285 Servii,
952 2210 1021 2271 et
1064 2204 1361 2282 aliorum,
1407 2204 1557 2271 ideo
1602 2204 1988 2291 supersedeo
2031 2197 2140 2269 ad'
2163 2204 2286 2269 hoc
2327 2210 2604 2292 tempus.

640 2306 941 2394 Septima
984 2328 1177 2373 eausa
1218 2312 1321 2373 est
1364 2307 1543 2393 quod
1587 2306 1815 2372 Latini
1857 2305 2114 2371 nullum
2173 2311 2437 2373 textum
2479 2330 2652 2373 oom-
2673 2326 2786 2377 The
2809 2326 2898 2379 *eth

548 2414 925 2496 posuerunt,
974 2408 1221 2475 scilicet
1262 2430 1477 2496 neque
1534 2408 1884 2497 theologiae
1947 2430 2160 2495 neque
2203 2409 2648 2497 philosophiae.

2669 2408 2864 2445 reason.

2671 2460 2755 2511 No
2767 2458 2986 2525 original

552 2512 799 2578 Omnes
840 2516 1067 2578 textus
1126 2511 1287 2578 facti
1330 2516 1489 2577 sunt
1546 2511 1759 2598 primo
1803 2512 1878 2575 in
1939 2510 2228 2577 Hebraeo
2284 2511 2408 2592 bis,
2453 2514 2650 2579 tertio
2673 2528 2854 2587 works,
2877 2540 2944 2575 on

550 2614 623 2680 in
686 2614 931 2693 Graeco,
980 2620 1217 2700 quarto
1282 2614 1356 2679 in
1410 2612 1714 2681 Arabico.
1802 2613 1962 2681 Non
2003 2635 2171 2702 nego
2217 2619 2443 2681 tamen
2488 2615 2656 2703 quin

550 2716 775 2783 Latini
819 2717 1298 2804 composuerint
1332 2716 1447 2803 jus
1505 2716 1887 2782 canonicum
1933 2721 2002 2783 et
2045 2717 2253 2785 civile.
2347 2716 2478 2784 Sed
2513 2718 2658 2785 haee

550 2839 684 2885 non
728 2824 885 2886 sunt
930 2822 1155 2886 textus
1202 2816 1480 2900 dicendi,
1525 2818 1642 2885 sed
1684 2818 2190 2886 constitutiones
2233 2820 2658 2908 praelatorum

553 2928 623 2989 et
694 2922 1078 3009 principum.
1216 2921 1439 2988 Seitur
1526 2921 1730 2987 etiam
1821 2923 1998 3008 quod
2075 2923 2190 3009 jus
2273 2925 2657 2992 canonicum

554 3025 988 3112 compositum
1046 3028 1149 3090 est
1193 3045 1279 3090 ex
1338 3023 1569 3112 glossis
1627 3023 1996 3111 theologiae,
2043 3025 2290 3093 scilicet
2331 3047 2418 3092 ex
2464 3027 2662 3093 dictis

554 3133 922 3194 sanctorum
980 3126 1339 3206 doctorum,
1389 3131 1458 3192 et
1501 3147 1586 3192 ex
1646 3127 2024 3193 auctoribus
2081 3128 2244 3194 novi
2303 3134 2374 3195 et
2416 3131 2662 3196 veteris

554 3229 977 3298 Testamenti.
1044 3228 1135 3294 Et
1180 3228 1329 3296 ideo
1371 3233 1639 3316 propter
1680 3229 2008 3296 rationem
2051 3231 2350 3317 primam,
2381 3253 2517 3297 non
2561 3239 2663 3298 est

554 3337 785 3398 textus
846 3331 961 3397 sed
1003 3331 1251 3424 glossae,
1300 3335 1371 3396 et
1414 3329 1856 3418 expositiones
1915 3335 2336 3413 sanctorum3
2395 3340 2664 3421 propter

556 3434 911 3500 secundam
954 3455 1089 3499 non
1144 3433 1331 3498 aliud
1372 3437 1474 3499 est
1518 3454 1561 3498 a
1602 3437 1800 3500 textu
1845 3431 1991 3500 Dei.
2080 3433 2151 3498 N
2151 3455 2222 3499 ec
2282 3440 2384 3500 est
2441 3435 2664 3521 aliqua

557 3535 884 3624 sapientia
970 3535 1083 3614 ibi,
1164 3557 1363 3622 quam
1438 3555 1587 3621 quae
1660 3534 1734 3599 in
1808 3534 2006 3601 sacris
2081 3533 2292 3601 literis
2358 3536 2661 3617 habetur,

559 3639 733 3719 Quia
788 3659 923 3704 una
982 3637 1309 3724 sapientia
1382 3642 1484 3702 est
1527 3657 1663 3722 qua
1723 3636 1923 3702 debet
1981 3636 2121 3724 regi
2174 3637 2439 3703 eeclesia
2490 3638 2663 3721 Dei3

558 3742 673 3807 sed
725 3741 867 3807 haec
928 3744 1075 3806 tota
1140 3739 1216 3804 in
1260 3738 1459 3806 Sacro
1503 3738 1725 3805 Textu
1787 3739 2182 3820 continetur,
2252 3742 2322 3806 et
2383 3740 2460 3806 in
2509 3740 2662 3827 jure

559 3843 872 3910 canonico
916 3842 991 3908 in
1034 3841 1366 3928 aliquibus
1411 3841 1705 3908 articulis
1750 3841 2132 3928 explicatur.
2243 3841 2458 3908 Civile
2517 3843 2664 3929 qui-

556 3946 709 4011 dem
742 3945 857 4032 jus
903 3944 1123 4010 Italiae
1152 3965 1288 4010 non
1330 3947 1551 4032 potest
1593 3965 1732 4010 esse
1776 3948 2021 4024 textus,
2053 3943 2170 4010 sed
2211 3943 2660 4011 mechanicum

560 4052 861 4134 respectu
923 4046 1353 4134 philosophiae
1411 4047 1693 4129 moralis,
1740 4051 1812 4113 et
1853 4047 2096 4127 laicale,
2153 4046 2326 4114 sicut
2367 4049 2662 4138 superius

558 4155 660 4215 est
678 4147 698 4185 ¹
746 4149 1113 4236 probatum.

650 4250 821 4318 Cum
895 4251 1103 4340 igitur
1176 4254 1361 4316 totus
1434 4254 1663 4316 textus
1734 4249 2078 4337 sapientise
2143 4251 2233 4317 sit
2304 4249 2514 4316 factus
2587 4250 2662 4315 in

558 4353 705 4418 aliis
747 4353 1007 4440 linguis,
1055 4357 1124 4419 et
1186 4351 1439 4418 dulcius
1504 4373 1590 4416 ex
1655 4350 1799 4438 ipso
1864 4352 2048 4418 fonte
2105 4350 2430 4416 bibuntur
2471 4373 2662 4437 aquae

561 4441 760 4541 quam
806 4455 879 4519 in
938 4455 1172 4521 rivulis
1224 4452 1527 4532 turbidis,
1574 4457 1778 4540 atque
1844 4452 2080 4518 vinum
2138 4453 2367 4541 purius
2429 4458 2530 4518 est
2591 4457 2662 4520 et

563 4647 666 4654 ⁴---

1063 4783 1075 4815 ¹
1099 4781 1323 4848 superins
1344 4780 1439 4848 est]
1477 4779 1697 4846 capitulo
1717 4783 1792 4830 4¹⁰
1813 4780 1892 4844 (in
1916 4781 2157 4847 margin).

735 4877 884 4932 vot..
918 4879 961 4932 1.
2274 4875 2320 4926 G
2351 4877 2397 4928 G

2673 2594 2886 2655 science,
2905 2592 2960 2644 in

2673 2659 2842 2712 latin.
