3517 5750
933 930 968 972 ο
1547 923 1706 972 LII-'E
1749 923 1839 972 OF
1884 923 2113 973 Rom-:R
2158 922 2397 972 BAOON.

1019 1219 1140 1308 *ξ
1174 1221 1365 1288 Since
1409 1222 1590 1286 these
1635 1223 1853 1288 sheets
1897 1242 2067 1286 were
2115 1221 2187 1285 in
2232 1221 2346 1285 the
2390 1241 2586 1306 prees,
2636 1219 2672 1284 I
2720 1219 2889 1286 have
2931 1222 3023 1306 by

929 1323 1169 1388 chance
1215 1323 1468 1410 lighted
1512 1344 1598 1389 on
1662 1323 1815 1389 that
1857 1323 2119 1409 portion
2182 1322 2257 1388 of
2294 1321 2565 1387 Bacon’s
2607 1328 2795 1408 great
2838 1322 3026 1388 work

931 1424 1146 1489 which
1213 1426 1517 1491 contains
1579 1425 1696 1491 the
1745 1423 2167 1492 Communia
2216 1422 2730 1503 mathematicae,
2778 1445 2852 1488 or
2912 1423 3026 1489 the

927 1526 1207 1592 relation
1251 1526 1328 1592 of
1360 1527 1819 1594 mathematice
1857 1532 1930 1592 to
1960 1525 2416 1614 metaphysica
2504 1526 2645 1591 The
2688 1525 3027 1612 following

927 1649 1197 1716 passage
1259 1627 1426 1694 from
1489 1628 1604 1696 the
1671 1628 2127 1695 introduction
2170 1629 2309 1694 will
2376 1627 2560 1693 show
2610 1648 2791 1693 more
2854 1627 3028 1713 fully

929 1731 1044 1794 the
1089 1736 1326 1796 nature
1370 1730 1445 1796 of
1479 1730 1595 1796 the
1637 1730 1909 1796 treatise
1939 1754 1953 1795 :

1022 1840 1058 1866 “
1082 1832 1214 1899 Hic
1258 1833 1493 1919 incipit
1523 1832 1835 1898 volumen
1877 1853 2054 1899 verse
2085 1831 2588 1911 mathematicae,
2620 1831 2868 1896 habens
2911 1851 3026 1896 sex

932 1942 966 1968 “
1012 1933 1252 2000 libros:
1297 1934 1550 2020 primus
1593 1939 1696 2000 est
1755 1933 1837 1999 de
1886 1933 2361 2000 Communibus
2408 1933 2911 2011 Mathematicae,
2959 1937 3029 1998 et

932 2043 968 2070 “
1012 2035 1215 2101 habet
1267 2041 1400 2102 tres
1464 2041 1682 2123 partes
1744 2035 2137 2122 principales
2173 2060 2187 2101 :
2250 2036 2464 2122 prima
2522 2057 2672 2122 pars
2730 2034 3027 2100 continet

929 2144 968 2173 “
1013 2137 1314 2223 quaedam
1379 2137 1755 2204 communia
1816 2137 2223 2225 praeambula
2272 2137 2359 2202 ad
2411 2137 2729 2202 interiora
2772 2135 3026 2202 mathe-

933 2246 966 2272 “
1013 2240 1290 2318 maticae,
1358 2245 1426 2305 et
1477 2239 1679 2305 habet
1723 2289 2169 2304 ........
2218 2238 2687 2304 distinctiones.
2804 2237 3029 2302 Prima

932 2349 966 2374 “
1015 2340 1354 2407 distinctio
1421 2347 1755 2428 comparat
1812 2341 2346 2407 mathematicam
2390 2362 2615 2405 veram
2678 2339 2765 2405 ad
2823 2345 3027 2405 meta-

933 2451 966 2477 “
1011 2441 1352 2528 physicam
1413 2449 1482 2508 et
1549 2447 1811 2530 separat
1880 2465 2025 2508 eam
2092 2465 2133 2506 a
2194 2441 2359 2507 falsa
2420 2441 2903 2522 mathematica,
2958 2445 3027 2506 et

931 2552 967 2578 “
1013 2544 1130 2609 dat
1175 2546 1616 2610 intentionem
1679 2545 1822 2630 ejus
1868 2548 1936 2610 et
1980 2543 2184 2608 libros
2226 2542 2339 2629 huj
2347 2565 2425 2608 us
2484 2543 2774 2609 scientiae
2820 2542 3028 2608 totius

933 2653 969 2679 “
1016 2645 1426 2724 determinat,
1475 2651 1544 2710 et
1573 2667 1798 2710 causas
1826 2645 2226 2710 universales
2272 2667 2563 2710 errorum
2592 2645 3027 2709 humanorum

933 2754 968 2779 “
1024 2747 1100 2809 in
1143 2746 1269 2811 hac
1313 2747 1609 2826 scientia,
1677 2747 1847 2812 sicut
1892 2747 1965 2810 in
2026 2747 2173 2810 aliis
2219 2747 2527 2812 excludit.
2622 2747 2762 2811 Dat
2824 2746 3027 2810 etiam

934 2853 972 2884 “
1019 2847 1502 2913 mathemati&
1575 2847 1801 2914 laudes
1892 2853 1963 2914 et
2029 2847 2358 2914 utilitates
2446 2869 2563 2935 per
2635 2847 2798 2913 duas
2868 2847 3026 2927 vias,

935 2956 972 2985 “
1016 2970 1358 3015 reservans
1419 2949 1721 3017 secundae
1782 2950 2194 3017 distinctioni
2256 2955 2325 3016 et
2386 2951 2531 3015 aliis
2590 2956 2825 3017 caetera
2882 2971 3029 3035 quae

937 3058 976 3087 “
1019 3051 1107 3116 ad
1135 3051 1358 3117 laudes
1402 3058 1472 3117 et
1502 3052 1833 3118 utilitates
1876 3052 2362 3119 mathematicae
2406 3052 2847 3138 requiruntur.
2940 3052 3032 3117 Et

937 3161 971 3188 “
1017 3154 1156 3219 haec
1200 3153 1540 3219 distinctio
1584 3155 1801 3240 prima
1857 3153 2061 3219 habet
2101 3155 2220 3219 vii.
2284 3154 2586 3240 capitula.
2677 3154 2764 3217 In
2820 3153 3031 3239 primo

938 3262 974 3289 “
1018 3260 1177 3320 sunt
1220 3255 1370 3333 tria,
1404 3278 1554 3342 quae
1600 3255 1670 3320 in
1701 3255 2024 3343 principio
2069 3256 2389 3321 enarravi.
2481 3254 2659 3320 Nam
2704 3255 2775 3319 in
2817 3256 3031 3340 primo

939 3364 974 3391 “
1019 3378 1320 3444 comparo
1382 3355 1921 3423 mathematicam
1992 3357 2078 3422 ad
2146 3354 2705 3443 metaphysicam3
2751 3356 3032 3422 secundo

935 3465 972 3495 “
1017 3459 1106 3523 ad
1163 3459 1531 3545 magicam3
1576 3459 1778 3524 tertio
1837 3480 2185 3523 numerum
2246 3462 2315 3523 et
2374 3458 2670 3523 ordinem
2712 3457 3030 3523 librorum

939 3566 975 3593 “
1021 3560 1136 3645 qui
1182 3560 1264 3624 de
1307 3559 1696 3647 integritate
1743 3559 1939 3625 istius
1997 3560 2287 3625 scientiae
2330 3564 2828 3646 componuntur.
2920 3560 3031 3625 Sic

938 3668 974 3695 “
1019 3668 1241 3725 autem
1287 3682 1403 3747 per
1445 3666 1665 3727 totum
1717 3660 1901 3726 istud
1946 3661 2271 3739 volumen,
2320 3660 2490 3726 sicut
2549 3661 2620 3724 in
2680 3661 2826 3725 aliis
2870 3661 3035 3726 meis

939 3770 974 3795 “
1019 3761 1466 3827 voluminibus
1511 3761 1955 3849 philosophiae,
1989 3763 2142 3827 volo
2174 3763 2533 3841 observare,
2578 3769 2658 3827 ut
2701 3768 2920 3849 partes
2964 3770 3033 3829 et

938 3870 975 3897 “
1021 3863 1478 3929 distinctiones
1510 3869 1578 3929 et
1623 3864 1913 3950 capitula
1956 3886 2108 3929 cum
2138 3864 2544 3951 expositione
2588 3863 2777 3930 brevi
2805 3886 3029 3930 eorum

941 3972 975 3998 ‘⁴
1021 3986 1168 4049 quae
1236 3964 1308 4028 in
1383 3964 1512 4029 illis
1586 3966 2013 4031 continentur
2103 3966 2627 4053 praescribantur,
2708 3972 3031 4052 quatenus

940 4074 975 4099 “
1021 4065 1224 4130 lector
1268 4065 1524 4131 facilius
1583 4068 1917 4154 intelligat
1978 4090 2125 4154 quae
2184 4073 2594 4147 tractantur3
2642 4074 2709 4133 et
2769 4068 2856 4134 ad
2900 4068 3034 4133 evi—

938 4172 977 4203 “
1023 4167 1318 4232 dentiam
1391 4168 1706 4254 majorem
1774 4169 1925 4234 volo
1992 4171 2067 4235 in
2142 4170 2445 4255 capitulis
2521 4170 2795 4257 singulis
2870 4169 3035 4235 illud

941 4278 976 4303 “
1021 4268 1199 4355 quod
1229 4269 1682 4358 principaliter
1710 4272 2014 4358 tangitur
2042 4272 2111 4337 in
2158 4272 2267 4350 eia
2301 4271 2603 4337 inchoavi
2645 4270 3036 4358 capitalibus

940 4378 978 4407 “
1025 4370 1236 4436 literis
1355 4377 1425 4437 et
1531 4372 1605 4436 in
1696 4372 2016 4437 linearum
2135 4374 2475 4459 principiis
2588 4394 2737 4439 cum
2828 4374 3035 4438 minio

951 4479 988 4508 “
1033 4472 1406 4538 annotavi.”
1441 4472 1458 4509 ¹

2479 4610 3025 4619 ..ἡ-*ο-

1629 4676 1644 4707 ¹
1665 4676 1779 4727 MS.
1804 4675 2001 4738 Sloane,
2026 4682 2171 4739 21⁵6,
2195 4678 2230 4729 f.
2256 4681 2335 4730 74.
