<?xml version="1.0" encoding="UTF-8"?>
<!DOCTYPE html PUBLIC "-//W3C//DTD XHTML 1.0 Transitional//EN"
    "http://www.w3.org/TR/xhtml1/DTD/xhtml1-transitional.dtd">
<html xmlns="http://www.w3.org/1999/xhtml" xml:lang="en" lang="en">
 <head>
  <title>
</title>
<meta http-equiv="Content-Type" content="text/html;charset=utf-8" />
  <meta name='ocr-system' content='tesseract 3.04.00' />
  <meta name='ocr-capabilities' content='ocr_page ocr_carea ocr_par ocr_line ocrx_word'/>
</head>
<body>
  <div class='ocr_page' id='page_1' title='image "./frrogeribaconop00brewgoog_0657.png"; bbox 0 0 3517 5750; ppageno 0'>
   <div class='ocr_carea' id='block_1_1' title="bbox 913 845 3023 934">
    <p class='ocr_par' dir='ltr' id='par_1_1' title="bbox 913 845 3023 934">
     <span class='ocr_line' id='line_1_1' title="bbox 913 845 3023 934; baseline -0 -19"><span class='ocrx_word' id='word_1_1' title='bbox 913 849 1042 916; x_wconf 73' lang='lat'>544</span> <span class='ocrx_word' id='word_1_2' title='bbox 1727 859 2093 912; x_wconf 66' lang='lat' dir='ltr'>uranon</span> <span class='ocrx_word' id='word_1_3' title='bbox 2140 857 2181 912; x_wconf 91' lang='lat'>1.</span> <span class='ocrx_word' id='word_1_4' title='bbox 2830 845 3023 934; x_wconf 73' lang='lat' dir='ltr'>[m.</span> 
     </span>
    </p>
   </div>
   <div class='ocr_carea' id='block_1_2' title="bbox 907 1035 3029 1127">
    <p class='ocr_par' dir='ltr' id='par_1_2' title="bbox 907 1035 3029 1127">
     <span class='ocr_line' id='line_1_2' title="bbox 907 1035 3029 1127; baseline -0.001 -21"><span class='ocrx_word' id='word_1_5' title='bbox 907 1035 1218 1127; x_wconf 78' lang='lat' dir='ltr'>negligit¹</span> <span class='ocrx_word' id='word_1_6' title='bbox 1265 1039 1512 1103; x_wconf 75' lang='lat' dir='ltr'>secreta</span> <span class='ocrx_word' id='word_1_7' title='bbox 1555 1035 1917 1123; x_wconf 80' lang='lat' dir='ltr'>sapientiae,</span> <span class='ocrx_word' id='word_1_8' title='bbox 1949 1043 2021 1102; x_wconf 90' lang='lat' dir='ltr'>et</span> <span class='ocrx_word' id='word_1_9' title='bbox 2064 1037 2276 1102; x_wconf 88' lang='lat' dir='ltr'>nescit</span> <span class='ocrx_word' id='word_1_10' title='bbox 2318 1035 2423 1104; x_wconf 85' lang='lat' dir='ltr'>uti</span> <span class='ocrx_word' id='word_1_11' title='bbox 2464 1036 2665 1103; x_wconf 87' lang='lat' dir='ltr'>rebus</span> <span class='ocrx_word' id='word_1_12' title='bbox 2704 1037 3029 1125; x_wconf 81' lang='lat' dir='ltr'>dignissi-</span> 
     </span>
    </p>
   </div>
   <div class='ocr_carea' id='block_1_3' title="bbox 813 1139 3025 1228">
    <p class='ocr_par' dir='ltr' id='par_1_3' title="bbox 813 1139 3025 1228">
     <span class='ocr_line' id='line_1_3' title="bbox 813 1139 3025 1228; baseline 0.001 -22"><span class='ocrx_word' id='word_1_13' title='bbox 813 1181 826 1192; x_wconf 94' lang='lat'>-</span> <span class='ocrx_word' id='word_1_14' title='bbox 907 1141 1048 1220; x_wconf 88' lang='lat' dir='ltr'>mis,</span> <span class='ocrx_word' id='word_1_15' title='bbox 1078 1147 1282 1228; x_wconf 87' lang='lat' dir='ltr'>atque</span> <span class='ocrx_word' id='word_1_16' title='bbox 1321 1139 1382 1206; x_wconf 83' lang='lat' dir='ltr'>si</span> <span class='ocrx_word' id='word_1_17' title='bbox 1423 1139 1680 1227; x_wconf 86' lang='lat' dir='ltr'>aliquid</span> <span class='ocrx_word' id='word_1_18' title='bbox 1719 1139 2145 1226; x_wconf 83' lang='lat' dir='ltr'>magnificum</span> <span class='ocrx_word' id='word_1_19' title='bbox 2172 1139 2247 1204; x_wconf 91' lang='lat' dir='ltr'>in</span> <span class='ocrx_word' id='word_1_20' title='bbox 2286 1139 2429 1224; x_wconf 89' lang='lat' dir='ltr'>ejus</span> <span class='ocrx_word' id='word_1_21' title='bbox 2466 1139 2777 1206; x_wconf 73' lang='lat' dir='ltr'><strong>notitiam</strong></span> <span class='ocrx_word' id='word_1_22' title='bbox 2822 1141 3025 1208; x_wconf 76' lang='lat' dir='ltr'>eadat</span> 
     </span>
    </p>
   </div>
   <div class='ocr_carea' id='block_1_4' title="bbox 573 1783 794 1836">
    <p class='ocr_par' dir='ltr' id='par_1_4' title="bbox 573 1783 794 1836">
     <span class='ocr_line' id='line_1_4' title="bbox 573 1783 794 1836; baseline 0.014 -3"><span class='ocrx_word' id='word_1_23' title='bbox 573 1783 794 1836; x_wconf 70' lang='lat' dir='ltr'>Van-ion·</span> 
     </span>
    </p>
   </div>
   <div class='ocr_carea' id='block_1_5' title="bbox 573 1919 852 2106">
    <p class='ocr_par' dir='ltr' id='par_1_5' title="bbox 573 1919 852 2106">
     <span class='ocr_line' id='line_1_5' title="bbox 575 1919 840 1984; baseline 0.008 -16"><span class='ocrx_word' id='word_1_24' title='bbox 575 1919 840 1984; x_wconf 79' lang='lat' dir='ltr'>employed</span> 
     </span>
     <span class='ocr_line' id='line_1_6' title="bbox 575 1987 852 2038; baseline 0.014 -4"><span class='ocrx_word' id='word_1_25' title='bbox 575 1992 628 2034; x_wconf 76' lang='lat' dir='ltr'>to</span> <span class='ocrx_word' id='word_1_26' title='bbox 649 1987 852 2038; x_wconf 77' lang='lat' dir='ltr'>conceal</span> 
     </span>
     <span class='ocr_line' id='line_1_7' title="bbox 573 2051 726 2106; baseline 0.02 -3"><span class='ocrx_word' id='word_1_27' title='bbox 573 2051 726 2106; x_wconf 74' lang='lat' dir='ltr'>them.</span> 
     </span>
    </p>
   </div>
   <div class='ocr_carea' id='block_1_6' title="bbox 903 1241 3021 4520">
    <p class='ocr_par' dir='ltr' id='par_1_6' title="bbox 903 1241 3017 1742">
     <span class='ocr_line' id='line_1_8' title="bbox 903 1241 3015 1328; baseline 0 -19"><span class='ocrx_word' id='word_1_28' title='bbox 903 1267 948 1310; x_wconf 89' lang='lat' dir='ltr'>a</span> <span class='ocrx_word' id='word_1_29' title='bbox 1005 1243 1288 1322; x_wconf 85' lang='lat' dir='ltr'>fortuna,</span> <span class='ocrx_word' id='word_1_30' title='bbox 1357 1241 1522 1308; x_wconf 89' lang='lat' dir='ltr'>illud</span> <span class='ocrx_word' id='word_1_31' title='bbox 1599 1241 1835 1328; x_wconf 88' lang='lat' dir='ltr'>perdit,</span> <span class='ocrx_word' id='word_1_32' title='bbox 1902 1247 1975 1308; x_wconf 89' lang='lat' dir='ltr'>et</span> <span class='ocrx_word' id='word_1_33' title='bbox 2034 1263 2113 1308; x_wconf 90' lang='lat' dir='ltr'>eo</span> <span class='ocrx_word' id='word_1_34' title='bbox 2172 1243 2481 1308; x_wconf 88' lang='lat' dir='ltr'>abutitur</span> <span class='ocrx_word' id='word_1_35' title='bbox 2544 1243 2621 1308; x_wconf 93' lang='lat' dir='ltr'>in</span> <span class='ocrx_word' id='word_1_36' title='bbox 2694 1243 3015 1310; x_wconf 87' lang='lat' dir='ltr'>damnum</span> 
     </span>
     <span class='ocr_line' id='line_1_9' title="bbox 905 1345 3017 1433; baseline 0 -21"><span class='ocrx_word' id='word_1_37' title='bbox 905 1345 1256 1432; x_wconf 80' lang='lat' dir='ltr'><strong>multiplex</strong></span> <span class='ocrx_word' id='word_1_38' title='bbox 1303 1365 1732 1433; x_wconf 84' lang='lat' dir='ltr'>personarum</span> <span class='ocrx_word' id='word_1_39' title='bbox 1778 1349 1849 1410; x_wconf 90' lang='lat' dir='ltr'>et</span> <span class='ocrx_word' id='word_1_40' title='bbox 1892 1346 2403 1411; x_wconf 73' lang='lat' dir='ltr'><strong>communitatis.</strong></span> <span class='ocrx_word' id='word_1_41' title='bbox 2492 1345 2587 1410; x_wconf 87' lang='lat' dir='ltr'>Et</span> <span class='ocrx_word' id='word_1_42' title='bbox 2645 1345 2795 1412; x_wconf 89' lang='lat' dir='ltr'>ideo</span> <span class='ocrx_word' id='word_1_43' title='bbox 2834 1347 3017 1412; x_wconf 87' lang='lat' dir='ltr'>insa-</span> 
     </span>
     <span class='ocr_line' id='line_1_10' title="bbox 903 1447 3015 1537; baseline 0 -23"><span class='ocrx_word' id='word_1_44' title='bbox 903 1469 1032 1516; x_wconf 84' lang='lat' dir='ltr'>nus</span> <span class='ocrx_word' id='word_1_45' title='bbox 1075 1455 1178 1515; x_wconf 86' lang='lat' dir='ltr'>est</span> <span class='ocrx_word' id='word_1_46' title='bbox 1228 1449 1346 1535; x_wconf 89' lang='lat' dir='ltr'>qui</span> <span class='ocrx_word' id='word_1_47' title='bbox 1389 1448 1656 1535; x_wconf 79' lang='lat' dir='ltr'>aliquod</span> <span class='ocrx_word' id='word_1_48' title='bbox 1715 1454 2041 1514; x_wconf 86' lang='lat' dir='ltr'>secretum</span> <span class='ocrx_word' id='word_1_49' title='bbox 2100 1449 2332 1514; x_wconf 84' lang='lat' dir='ltr'>scribit</span> <span class='ocrx_word' id='word_1_50' title='bbox 2390 1447 2517 1512; x_wconf 84' lang='lat' dir='ltr'>nisi</span> <span class='ocrx_word' id='word_1_51' title='bbox 2578 1453 2661 1512; x_wconf 88' lang='lat' dir='ltr'>ut</span> <span class='ocrx_word' id='word_1_52' title='bbox 2714 1469 2761 1512; x_wconf 84' lang='lat' dir='ltr'>a</span> <span class='ocrx_word' id='word_1_53' title='bbox 2808 1449 3015 1537; x_wconf 80' lang='lat' dir='ltr'>vulgo</span> 
     </span>
     <span class='ocr_line' id='line_1_11' title="bbox 905 1549 3015 1640; baseline 0 -20"><span class='ocrx_word' id='word_1_54' title='bbox 905 1551 1166 1630; x_wconf 83' lang='lat' dir='ltr'>celetur,</span> <span class='ocrx_word' id='word_1_55' title='bbox 1205 1557 1276 1620; x_wconf 84' lang='lat' dir='ltr'>ot</span> <span class='ocrx_word' id='word_1_56' title='bbox 1317 1555 1400 1618; x_wconf 87' lang='lat' dir='ltr'>ut</span> <span class='ocrx_word' id='word_1_57' title='bbox 1443 1549 1562 1618; x_wconf 83' lang='lat' dir='ltr'>vix</span> <span class='ocrx_word' id='word_1_58' title='bbox 1605 1570 1650 1617; x_wconf 87' lang='lat' dir='ltr'>a</span> <span class='ocrx_word' id='word_1_59' title='bbox 1691 1549 2188 1618; x_wconf 74' lang='lat' dir='ltr'>studiosissimis</span> <span class='ocrx_word' id='word_1_60' title='bbox 2232 1555 2305 1618; x_wconf 87' lang='lat' dir='ltr'>et</span> <span class='ocrx_word' id='word_1_61' title='bbox 2346 1549 2761 1638; x_wconf 71' lang='lat' dir='ltr'>sapientibus</span> <span class='ocrx_word' id='word_1_62' title='bbox 2804 1554 3015 1640; x_wconf 86' lang='lat' dir='ltr'>possit</span> 
     </span>
     <span class='ocr_line' id='line_1_12' title="bbox 905 1653 1208 1742; baseline -0.007 -20"><span class='ocrx_word' id='word_1_63' title='bbox 905 1653 1208 1742; x_wconf 77' lang='lat' dir='ltr'>intelligi.</span> 
     </span>
    </p>

    <p class='ocr_par' dir='ltr' id='par_1_7' title="bbox 905 1756 3021 4520">
     <span class='ocr_line' id='line_1_13' title="bbox 997 1756 3019 1845; baseline 0 -21"><span class='ocrx_word' id='word_1_64' title='bbox 997 1757 1108 1826; x_wconf 83' lang='lat' dir='ltr'>Sic</span> <span class='ocrx_word' id='word_1_65' title='bbox 1145 1759 1322 1824; x_wconf 87' lang='lat' dir='ltr'>enim</span> <span class='ocrx_word' id='word_1_66' title='bbox 1361 1757 1650 1824; x_wconf 70' lang='lat' dir='ltr'>cucurrit</span> <span class='ocrx_word' id='word_1_67' title='bbox 1689 1761 1837 1823; x_wconf 87' lang='lat' dir='ltr'>tota</span> <span class='ocrx_word' id='word_1_68' title='bbox 1880 1757 2251 1843; x_wconf 88' lang='lat' dir='ltr'>sapientum</span> <span class='ocrx_word' id='word_1_69' title='bbox 2296 1756 2661 1824; x_wconf 87' lang='lat' dir='ltr'>multitudo</span> <span class='ocrx_word' id='word_1_70' title='bbox 2704 1758 2789 1824; x_wconf 88' lang='lat' dir='ltr'>de</span> <span class='ocrx_word' id='word_1_71' title='bbox 2833 1759 3019 1845; x_wconf 81' lang='lat' dir='ltr'>prin·</span> 
     </span>
     <span class='ocr_line' id='line_1_14' title="bbox 907 1859 3017 1950; baseline 0 -22"><span class='ocrx_word' id='word_1_72' title='bbox 907 1861 1092 1950; x_wconf 86' lang='lat' dir='ltr'>cipio,</span> <span class='ocrx_word' id='word_1_73' title='bbox 1137 1866 1210 1928; x_wconf 89' lang='lat' dir='ltr'>et</span> <span class='ocrx_word' id='word_1_74' title='bbox 1255 1861 1484 1926; x_wconf 91' lang='lat' dir='ltr'>multis</span> <span class='ocrx_word' id='word_1_75' title='bbox 1531 1859 1748 1926; x_wconf 89' lang='lat' dir='ltr'>modis</span> <span class='ocrx_word' id='word_1_76' title='bbox 1792 1859 2291 1926; x_wconf 83' lang='lat' dir='ltr'>occultaverunt</span> <span class='ocrx_word' id='word_1_77' title='bbox 2334 1881 2377 1924; x_wconf 90' lang='lat' dir='ltr'>a</span> <span class='ocrx_word' id='word_1_78' title='bbox 2418 1860 2619 1947; x_wconf 84' lang='lat' dir='ltr'>vulgo</span> <span class='ocrx_word' id='word_1_79' title='bbox 2664 1862 3017 1947; x_wconf 79' lang='lat' dir='ltr'>sapientiae</span> 
     </span>
     <span class='ocr_line' id='line_1_15' title="bbox 908 1962 3021 2050; baseline -0 -18"><span class='ocrx_word' id='word_1_80' title='bbox 908 1971 1168 2032; x_wconf 79' lang='lat' dir='ltr'>secreta.</span> <span class='ocrx_word' id='word_1_81' title='bbox 1267 1963 1446 2030; x_wconf 85' lang='lat' dir='ltr'>Nam</span> <span class='ocrx_word' id='word_1_82' title='bbox 1521 1963 1728 2050; x_wconf 78' lang='lat' dir='ltr'>aliqui</span> <span class='ocrx_word' id='word_1_83' title='bbox 1788 1985 1905 2050; x_wconf 89' lang='lat' dir='ltr'>per</span> <span class='ocrx_word' id='word_1_84' title='bbox 1964 1962 2367 2028; x_wconf 71' lang='lat' dir='ltr'>characteres</span> <span class='ocrx_word' id='word_1_85' title='bbox 2426 1969 2501 2028; x_wconf 87' lang='lat' dir='ltr'>et</span> <span class='ocrx_word' id='word_1_86' title='bbox 2554 1965 2851 2029; x_wconf 84' lang='lat' dir='ltr'>earmina</span> <span class='ocrx_word' id='word_1_87' title='bbox 2910 1987 3021 2031; x_wconf 89' lang='lat' dir='ltr'>oc-</span> 
     </span>
     <span class='ocr_line' id='line_1_16' title="bbox 905 2065 3018 2153; baseline -0 -19"><span class='ocrx_word' id='word_1_88' title='bbox 905 2067 1328 2134; x_wconf 79' lang='lat' dir='ltr'>cultaverunt</span> <span class='ocrx_word' id='word_1_89' title='bbox 1371 2065 1600 2146; x_wconf 82' lang='lat' dir='ltr'>multa,</span> <span class='ocrx_word' id='word_1_90' title='bbox 1647 2065 1765 2132; x_wconf 88' lang='lat' dir='ltr'>alii</span> <span class='ocrx_word' id='word_1_91' title='bbox 1818 2087 1975 2132; x_wconf 86' lang='lat' dir='ltr'>vero</span> <span class='ocrx_word' id='word_1_92' title='bbox 2026 2087 2147 2153; x_wconf 88' lang='lat' dir='ltr'>per</span> <span class='ocrx_word' id='word_1_93' title='bbox 2204 2065 2409 2130; x_wconf 86' lang='lat' dir='ltr'>verba</span> <span class='ocrx_word' id='word_1_94' title='bbox 2466 2067 2885 2152; x_wconf 82' lang='lat' dir='ltr'>aenigmatiea</span> <span class='ocrx_word' id='word_1_95' title='bbox 2946 2075 3018 2134; x_wconf 87' lang='lat' dir='ltr'>et</span> 
     </span>
     <span class='ocr_line' id='line_1_17' title="bbox 905 2167 3017 2258; baseline 0 -22"><span class='ocrx_word' id='word_1_96' title='bbox 905 2169 1278 2258; x_wconf 80' lang='lat' dir='ltr'>figurativa,</span> <span class='ocrx_word' id='word_1_97' title='bbox 1341 2175 1422 2236; x_wconf 87' lang='lat' dir='ltr'>ut</span> <span class='ocrx_word' id='word_1_98' title='bbox 1479 2169 1874 2236; x_wconf 88' lang='lat' dir='ltr'>Aristoteles</span> <span class='ocrx_word' id='word_1_99' title='bbox 1915 2169 2005 2233; x_wconf 82' lang='lat' dir='ltr'>‘in</span> <span class='ocrx_word' id='word_1_100' title='bbox 2070 2167 2240 2234; x_wconf 89' lang='lat' dir='ltr'>libro</span> <span class='ocrx_word' id='word_1_101' title='bbox 2298 2167 2729 2236; x_wconf 83' lang='lat' dir='ltr'>&#39;Secretorum</span> <span class='ocrx_word' id='word_1_102' title='bbox 2788 2170 3017 2237; x_wconf 82' lang='lat' dir='ltr'>dicens</span> 
     </span>
     <span class='ocr_line' id='line_1_18' title="bbox 907 2269 3019 2352; baseline -0.001 -12"><span class='ocrx_word' id='word_1_103' title='bbox 907 2273 1330 2340; x_wconf 78' lang='lat' dir='ltr'>Alexandro:</span> <span class='ocrx_word' id='word_1_104' title='bbox 1397 2281 1434 2308; x_wconf 80' lang='lat'>‘⁴</span> <span class='ocrx_word' id='word_1_105' title='bbox 1465 2273 1524 2338; x_wconf 96' lang='grc' dir='ltr'>Ο</span> <span class='ocrx_word' id='word_1_106' title='bbox 1573 2271 1973 2352; x_wconf 78' lang='lat' dir='ltr'><strong>Alexander,</strong></span> <span class='ocrx_word' id='word_1_107' title='bbox 2026 2273 2181 2336; x_wconf 80' lang='lat' dir='ltr'>volo</span> <span class='ocrx_word' id='word_1_108' title='bbox 2240 2269 2367 2337; x_wconf 90' lang='lat' dir='ltr'>tibi</span> <span class='ocrx_word' id='word_1_109' title='bbox 2418 2272 2759 2338; x_wconf 70' lang='lat' dir='ltr'>ostendere</span> <span class='ocrx_word' id='word_1_110' title='bbox 2810 2295 3019 2338; x_wconf 85' lang='lat' dir='ltr'>secre-</span> 
     </span>
     <span class='ocr_line' id='line_1_19' title="bbox 909 2361 3019 2461; baseline -0.001 -17"><span class='ocrx_word' id='word_1_111' title='bbox 909 2385 944 2412; x_wconf 86' lang='lat'><strong>“</strong></span> <span class='ocrx_word' id='word_1_112' title='bbox 989 2383 1210 2444; x_wconf 86' lang='lat' dir='ltr'>torum</span> <span class='ocrx_word' id='word_1_113' title='bbox 1261 2381 1584 2444; x_wconf 61' lang='lat' dir='ltr'>semotum</span> <span class='ocrx_word' id='word_1_114' title='bbox 1637 2361 2023 2454; x_wconf 79' lang='lat' dir='ltr'>maximum,</span> <span class='ocrx_word' id='word_1_115' title='bbox 2078 2380 2148 2439; x_wconf 87' lang='lat' dir='ltr'>et</span> <span class='ocrx_word' id='word_1_116' title='bbox 2200 2372 2431 2438; x_wconf 84' lang='lat' dir='ltr'>divina</span> <span class='ocrx_word' id='word_1_117' title='bbox 2476 2375 2777 2461; x_wconf 83' lang='lat' dir='ltr'>potentia</span> <span class='ocrx_word' id='word_1_118' title='bbox 2814 2375 3019 2461; x_wconf 85' lang='lat' dir='ltr'>juvet</span> 
     </span>
     <span class='ocr_line' id='line_1_20' title="bbox 909 2477 3019 2566; baseline -0.001 -20"><span class='ocrx_word' id='word_1_119' title='bbox 909 2489 944 2518; x_wconf 85' lang='lat'><strong><em>“</em></strong></span> <span class='ocrx_word' id='word_1_120' title='bbox 991 2485 1060 2546; x_wconf 86' lang='lat' dir='ltr'>te</span> <span class='ocrx_word' id='word_1_121' title='bbox 1105 2481 1194 2546; x_wconf 78' lang='lat' dir='ltr'>ad</span> <span class='ocrx_word' id='word_1_122' title='bbox 1239 2479 1588 2546; x_wconf 87' lang='lat' dir='ltr'>celandum</span> <span class='ocrx_word' id='word_1_123' title='bbox 1639 2499 1973 2556; x_wconf 84' lang='lat' dir='ltr'>arcanum,</span> <span class='ocrx_word' id='word_1_124' title='bbox 2023 2481 2093 2542; x_wconf 86' lang='lat' dir='ltr'>et</span> <span class='ocrx_word' id='word_1_125' title='bbox 2152 2477 2240 2543; x_wconf 86' lang='lat' dir='ltr'>ad</span> <span class='ocrx_word' id='word_1_126' title='bbox 2288 2477 2659 2543; x_wconf 88' lang='lat' dir='ltr'>faciendum</span> <span class='ocrx_word' id='word_1_127' title='bbox 2720 2481 3019 2566; x_wconf 85' lang='lat' dir='ltr'>proposi-</span> 
     </span>
     <span class='ocr_line' id='line_1_21' title="bbox 911 2579 3021 2669; baseline -0.001 -19"><span class='ocrx_word' id='word_1_128' title='bbox 911 2591 946 2620; x_wconf 90' lang='lat'><strong>“</strong></span> <span class='ocrx_word' id='word_1_129' title='bbox 989 2589 1151 2650; x_wconf 90' lang='lat' dir='ltr'>tum.</span> <span class='ocrx_word' id='word_1_130' title='bbox 1266 2582 1508 2668; x_wconf 82' lang='lat' dir='ltr'>Accipe</span> <span class='ocrx_word' id='word_1_131' title='bbox 1583 2582 1793 2669; x_wconf 84' lang='lat' dir='ltr'>igitur</span> <span class='ocrx_word' id='word_1_132' title='bbox 1842 2579 2129 2666; x_wconf 80' lang='lat' dir='ltr'>lapidem</span> <span class='ocrx_word' id='word_1_133' title='bbox 2190 2579 2301 2666; x_wconf 90' lang='lat' dir='ltr'>qui</span> <span class='ocrx_word' id='word_1_134' title='bbox 2361 2601 2495 2644; x_wconf 92' lang='lat' dir='ltr'>non</span> <span class='ocrx_word' id='word_1_135' title='bbox 2554 2585 2657 2646; x_wconf 89' lang='lat' dir='ltr'>est</span> <span class='ocrx_word' id='word_1_136' title='bbox 2706 2579 2888 2668; x_wconf 89' lang='lat' dir='ltr'>lapis,</span> <span class='ocrx_word' id='word_1_137' title='bbox 2950 2589 3021 2648; x_wconf 86' lang='lat' dir='ltr'>et</span> 
     </span>
     <span class='ocr_line' id='line_1_22' title="bbox 913 2682 3015 2772; baseline -0.001 -20"><span class='ocrx_word' id='word_1_138' title='bbox 913 2697 948 2726; x_wconf 84' lang='lat'><strong>“</strong></span> <span class='ocrx_word' id='word_1_139' title='bbox 993 2691 1094 2752; x_wconf 88' lang='lat' dir='ltr'>est</span> <span class='ocrx_word' id='word_1_140' title='bbox 1153 2686 1226 2752; x_wconf 91' lang='lat' dir='ltr'>in</span> <span class='ocrx_word' id='word_1_141' title='bbox 1285 2685 1582 2772; x_wconf 86' lang='lat' dir='ltr'>quolibet</span> <span class='ocrx_word' id='word_1_142' title='bbox 1639 2684 1923 2764; x_wconf 81' lang='lat' dir='ltr'>homino,</span> <span class='ocrx_word' id='word_1_143' title='bbox 1974 2687 2046 2747; x_wconf 89' lang='lat' dir='ltr'>et</span> <span class='ocrx_word' id='word_1_144' title='bbox 2104 2683 2177 2746; x_wconf 89' lang='lat' dir='ltr'>in</span> <span class='ocrx_word' id='word_1_145' title='bbox 2238 2682 2531 2768; x_wconf 87' lang='lat' dir='ltr'>quolibet</span> <span class='ocrx_word' id='word_1_146' title='bbox 2589 2682 2745 2762; x_wconf 86' lang='lat' dir='ltr'>loco,</span> <span class='ocrx_word' id='word_1_147' title='bbox 2808 2688 2881 2749; x_wconf 84' lang='lat' dir='ltr'>et</span> <span class='ocrx_word' id='word_1_148' title='bbox 2938 2684 3015 2750; x_wconf 89' lang='lat' dir='ltr'>in</span> 
     </span>
     <span class='ocr_line' id='line_1_23' title="bbox 913 2785 3013 2877; baseline -0.001 -22"><span class='ocrx_word' id='word_1_149' title='bbox 913 2799 948 2826; x_wconf 86' lang='lat'><strong>“</strong></span> <span class='ocrx_word' id='word_1_150' title='bbox 993 2788 1290 2877; x_wconf 88' lang='lat' dir='ltr'>quolibet</span> <span class='ocrx_word' id='word_1_151' title='bbox 1341 2792 1674 2877; x_wconf 84' lang='lat' dir='ltr'>tempore3</span> <span class='ocrx_word' id='word_1_152' title='bbox 1735 2791 1807 2851; x_wconf 86' lang='lat' dir='ltr'>et</span> <span class='ocrx_word' id='word_1_153' title='bbox 1864 2789 2141 2852; x_wconf 79' lang='lat' dir='ltr'>vocatur</span> <span class='ocrx_word' id='word_1_154' title='bbox 2198 2806 2399 2850; x_wconf 83' lang='lat' dir='ltr'>ovum</span> <span class='ocrx_word' id='word_1_155' title='bbox 2458 2785 3013 2873; x_wconf 85' lang='lat' dir='ltr'>philosophorum,</span> 
     </span>
     <span class='ocr_line' id='line_1_24' title="bbox 911 2888 3014 2959; baseline -0.002 0"><span class='ocrx_word' id='word_1_156' title='bbox 911 2902 946 2931; x_wconf 90' lang='lat'>“</span> <span class='ocrx_word' id='word_1_157' title='bbox 993 2898 1062 2959; x_wconf 88' lang='lat' dir='ltr'>et</span> <span class='ocrx_word' id='word_1_158' title='bbox 1101 2892 1426 2958; x_wconf 87' lang='lat' dir='ltr'>terminus</span> <span class='ocrx_word' id='word_1_159' title='bbox 1464 2888 1634 2957; x_wconf 82' lang='lat' dir='ltr'>ovi.’&#39;</span> <span class='ocrx_word' id='word_1_160' title='bbox 1721 2890 1813 2955; x_wconf 87' lang='lat' dir='ltr'>Et</span> <span class='ocrx_word' id='word_1_161' title='bbox 1851 2890 1944 2955; x_wconf 88' lang='lat' dir='ltr'>sic</span> <span class='ocrx_word' id='word_1_162' title='bbox 1995 2888 2433 2954; x_wconf 85' lang='lat' dir='ltr'>inveniuntur</span> <span class='ocrx_word' id='word_1_163' title='bbox 2480 2891 2554 2953; x_wconf 89' lang='lat' dir='ltr'>in</span> <span class='ocrx_word' id='word_1_164' title='bbox 2600 2890 2788 2957; x_wconf 88' lang='lat' dir='ltr'>libris</span> <span class='ocrx_word' id='word_1_165' title='bbox 2840 2891 3014 2955; x_wconf 90' lang='lat' dir='ltr'>mul-</span> 
     </span>
     <span class='ocr_line' id='line_1_25' title="bbox 909 2990 3013 3070; baseline -0.001 -8"><span class='ocrx_word' id='word_1_166' title='bbox 909 2996 998 3062; x_wconf 87' lang='lat' dir='ltr'>tis</span> <span class='ocrx_word' id='word_1_167' title='bbox 1045 3000 1116 3059; x_wconf 88' lang='lat' dir='ltr'>et</span> <span class='ocrx_word' id='word_1_168' title='bbox 1165 2993 1454 3059; x_wconf 74' lang='lat' dir='ltr'>scientiis</span> <span class='ocrx_word' id='word_1_169' title='bbox 1503 2992 1783 3058; x_wconf 80' lang='lat' dir='ltr'>diversis</span> <span class='ocrx_word' id='word_1_170' title='bbox 1830 2990 2355 3070; x_wconf 78' lang='lat' dir='ltr'>innumerabilia,</span> <span class='ocrx_word' id='word_1_171' title='bbox 2404 2992 2651 3057; x_wconf 84' lang='lat' dir='ltr'>talibus</span> <span class='ocrx_word' id='word_1_172' title='bbox 2696 2996 3013 3059; x_wconf 84' lang='lat' dir='ltr'>sermoni-</span> 
     </span>
     <span class='ocr_line' id='line_1_26' title="bbox 907 3094 3012 3181; baseline -0 -17"><span class='ocrx_word' id='word_1_173' title='bbox 907 3100 1032 3165; x_wconf 86' lang='lat' dir='ltr'>bus</span> <span class='ocrx_word' id='word_1_174' title='bbox 1066 3098 1427 3175; x_wconf 83' lang='lat' dir='ltr'>obscurata,</span> <span class='ocrx_word' id='word_1_175' title='bbox 1469 3100 1550 3161; x_wconf 88' lang='lat' dir='ltr'>ut</span> <span class='ocrx_word' id='word_1_176' title='bbox 1587 3096 1773 3161; x_wconf 91' lang='lat' dir='ltr'>nullo</span> <span class='ocrx_word' id='word_1_177' title='bbox 1812 3094 2009 3162; x_wconf 89' lang='lat' dir='ltr'>modo</span> <span class='ocrx_word' id='word_1_178' title='bbox 2048 3094 2507 3181; x_wconf 75' lang='lat' dir='ltr'>intelligantur</span> <span class='ocrx_word' id='word_1_179' title='bbox 2546 3096 2691 3162; x_wconf 88' lang='lat' dir='ltr'>sine</span> <span class='ocrx_word' id='word_1_180' title='bbox 2728 3095 3012 3163; x_wconf 85' lang='lat' dir='ltr'>doctore.</span> 
     </span>
     <span class='ocr_line' id='line_1_27' title="bbox 907 3196 3011 3284; baseline -0 -17"><span class='ocrx_word' id='word_1_181' title='bbox 907 3202 1132 3268; x_wconf 81' lang='lat' dir='ltr'>Tertio</span> <span class='ocrx_word' id='word_1_182' title='bbox 1175 3198 1371 3265; x_wconf 89' lang='lat' dir='ltr'>modo</span> <span class='ocrx_word' id='word_1_183' title='bbox 1417 3198 1919 3266; x_wconf 82' lang='lat' dir='ltr'>occultaverunt</span> <span class='ocrx_word' id='word_1_184' title='bbox 1958 3218 2077 3284; x_wconf 86' lang='lat' dir='ltr'>per</span> <span class='ocrx_word' id='word_1_185' title='bbox 2114 3196 2343 3263; x_wconf 86' lang='lat' dir='ltr'>modos</span> <span class='ocrx_word' id='word_1_186' title='bbox 2386 3198 2729 3279; x_wconf 85' lang='lat' dir='ltr'>scribendi,</span> <span class='ocrx_word' id='word_1_187' title='bbox 2762 3200 3011 3266; x_wconf 85' lang='lat' dir='ltr'>scilicet</span> 
     </span>
     <span class='ocr_line' id='line_1_28' title="bbox 905 3301 3013 3393; baseline -0.002 -21"><span class='ocrx_word' id='word_1_188' title='bbox 905 3326 1024 3393; x_wconf 89' lang='lat' dir='ltr'>per</span> <span class='ocrx_word' id='word_1_189' title='bbox 1080 3308 1512 3371; x_wconf 66' lang='lat' dir='ltr'>consonantes</span> <span class='ocrx_word' id='word_1_190' title='bbox 1567 3304 1851 3380; x_wconf 83' lang='lat' dir='ltr'>tantum,</span> <span class='ocrx_word' id='word_1_191' title='bbox 1914 3310 1995 3367; x_wconf 88' lang='lat' dir='ltr'>ut</span> <span class='ocrx_word' id='word_1_192' title='bbox 2052 3322 2247 3366; x_wconf 88' lang='lat' dir='ltr'>nemo</span> <span class='ocrx_word' id='word_1_193' title='bbox 2308 3307 2529 3387; x_wconf 87' lang='lat' dir='ltr'>posset</span> <span class='ocrx_word' id='word_1_194' title='bbox 2586 3301 2814 3389; x_wconf 81' lang='lat' dir='ltr'>legere,</span> <span class='ocrx_word' id='word_1_195' title='bbox 2878 3304 3013 3369; x_wconf 80' lang='lat' dir='ltr'>nisi</span> 
     </span>
     <span class='ocr_line' id='line_1_29' title="bbox 907 3402 3007 3495; baseline -0.002 -20"><span class='ocrx_word' id='word_1_196' title='bbox 907 3410 1072 3476; x_wconf 84' lang='lat' dir='ltr'>sciat</span> <span class='ocrx_word' id='word_1_197' title='bbox 1131 3406 1500 3495; x_wconf 83' lang='lat' dir='ltr'>significata</span> <span class='ocrx_word' id='word_1_198' title='bbox 1558 3405 1942 3486; x_wconf 85' lang='lat' dir='ltr'>dictionum,</span> <span class='ocrx_word' id='word_1_199' title='bbox 1993 3404 2165 3469; x_wconf 86' lang='lat' dir='ltr'>sicut</span> <span class='ocrx_word' id='word_1_200' title='bbox 2222 3402 2513 3483; x_wconf 82' lang='lat' dir='ltr'>Hebraei‚</span> <span class='ocrx_word' id='word_1_201' title='bbox 2568 3408 2637 3469; x_wconf 88' lang='lat' dir='ltr'>et</span> <span class='ocrx_word' id='word_1_202' title='bbox 2693 3404 3007 3487; x_wconf 70' lang='lat' dir='ltr'>Chaldaei,</span> 
     </span>
     <span class='ocr_line' id='line_1_30' title="bbox 907 3507 3011 3599; baseline -0.003 -20"><span class='ocrx_word' id='word_1_203' title='bbox 907 3514 976 3579; x_wconf 88' lang='lat' dir='ltr'>et</span> <span class='ocrx_word' id='word_1_204' title='bbox 1007 3512 1180 3599; x_wconf 82' lang='lat' dir='ltr'>Syri,</span> <span class='ocrx_word' id='word_1_205' title='bbox 1229 3515 1298 3575; x_wconf 86' lang='lat' dir='ltr'>ot</span> <span class='ocrx_word' id='word_1_206' title='bbox 1329 3510 1582 3575; x_wconf 82' lang='lat' dir='ltr'>Arabes</span> <span class='ocrx_word' id='word_1_207' title='bbox 1625 3508 1926 3574; x_wconf 86' lang='lat' dir='ltr'>scribunt</span> <span class='ocrx_word' id='word_1_208' title='bbox 1970 3512 2257 3589; x_wconf 83' lang='lat' dir='ltr'>secreta3</span> <span class='ocrx_word' id='word_1_209' title='bbox 2302 3507 2507 3572; x_wconf 89' lang='lat' dir='ltr'>immo</span> <span class='ocrx_word' id='word_1_210' title='bbox 2552 3508 2737 3593; x_wconf 87' lang='lat' dir='ltr'>quasi</span> <span class='ocrx_word' id='word_1_211' title='bbox 2786 3510 3011 3573; x_wconf 89' lang='lat' dir='ltr'>omnia</span> 
     </span>
     <span class='ocr_line' id='line_1_31' title="bbox 905 3608 3012 3703; baseline -0.002 -22"><span class='ocrx_word' id='word_1_212' title='bbox 905 3636 1026 3703; x_wconf 87' lang='lat' dir='ltr'>pro</span> <span class='ocrx_word' id='word_1_213' title='bbox 1085 3612 1318 3699; x_wconf 86' lang='lat' dir='ltr'>majori</span> <span class='ocrx_word' id='word_1_214' title='bbox 1359 3616 1550 3699; x_wconf 75' lang='lat' dir='ltr'>parte</span> <span class='ocrx_word' id='word_1_215' title='bbox 1609 3611 1702 3675; x_wconf 87' lang='lat' dir='ltr'>sic</span> <span class='ocrx_word' id='word_1_216' title='bbox 1759 3609 2097 3689; x_wconf 82' lang='lat' dir='ltr'>scribunt3</span> <span class='ocrx_word' id='word_1_217' title='bbox 2146 3614 2216 3677; x_wconf 91' lang='lat' dir='ltr'>et</span> <span class='ocrx_word' id='word_1_218' title='bbox 2262 3608 2411 3677; x_wconf 90' lang='lat' dir='ltr'>ideo</span> <span class='ocrx_word' id='word_1_219' title='bbox 2456 3616 2561 3677; x_wconf 85' lang='lat' dir='ltr'>est</span> <span class='ocrx_word' id='word_1_220' title='bbox 2612 3632 2855 3698; x_wconf 85' lang='lat' dir='ltr'>magna</span> <span class='ocrx_word' id='word_1_221' title='bbox 2912 3634 3012 3676; x_wconf 82' lang='lat' dir='ltr'>sa-</span> 
     </span>
     <span class='ocr_line' id='line_1_32' title="bbox 905 3712 3011 3806; baseline -0.002 -22"><span class='ocrx_word' id='word_1_222' title='bbox 905 3716 1156 3806; x_wconf 84' lang='lat' dir='ltr'>pientia</span> <span class='ocrx_word' id='word_1_223' title='bbox 1199 3714 1524 3781; x_wconf 83' lang='lat' dir='ltr'>occultata</span> <span class='ocrx_word' id='word_1_224' title='bbox 1567 3712 1746 3800; x_wconf 87' lang='lat' dir='ltr'>apud</span> <span class='ocrx_word' id='word_1_225' title='bbox 1790 3734 1916 3789; x_wconf 87' lang='lat' dir='ltr'>eos,</span> <span class='ocrx_word' id='word_1_226' title='bbox 1968 3716 2041 3778; x_wconf 89' lang='lat' dir='ltr'>et</span> <span class='ocrx_word' id='word_1_227' title='bbox 2086 3712 2377 3777; x_wconf 82' lang='lat' dir='ltr'>maxime</span> <span class='ocrx_word' id='word_1_228' title='bbox 2422 3712 2601 3799; x_wconf 88' lang='lat' dir='ltr'>apud</span> <span class='ocrx_word' id='word_1_229' title='bbox 2648 3712 3011 3795; x_wconf 81' lang='lat' dir='ltr'>Hebraeos3</span> 
     </span>
     <span class='ocr_line' id='line_1_33' title="bbox 907 3814 3011 3908; baseline -0.002 -22"><span class='ocrx_word' id='word_1_230' title='bbox 907 3821 1220 3908; x_wconf 88' lang='lat' dir='ltr'>quoniam</span> <span class='ocrx_word' id='word_1_231' title='bbox 1265 3816 1654 3882; x_wconf 79' lang='lat' dir='ltr'>Aristoteles</span> <span class='ocrx_word' id='word_1_232' title='bbox 1715 3815 1881 3881; x_wconf 87' lang='lat' dir='ltr'>dicit</span> <span class='ocrx_word' id='word_1_233' title='bbox 1936 3814 2109 3881; x_wconf 89' lang='lat' dir='ltr'>libro</span> <span class='ocrx_word' id='word_1_234' title='bbox 2168 3820 2549 3898; x_wconf 82' lang='lat' dir='ltr'>memorate,</span> <span class='ocrx_word' id='word_1_235' title='bbox 2603 3816 2780 3903; x_wconf 90' lang='lat' dir='ltr'>quod</span> <span class='ocrx_word' id='word_1_236' title='bbox 2827 3818 3011 3882; x_wconf 85' lang='lat' dir='ltr'>Deus</span> 
     </span>
     <span class='ocr_line' id='line_1_34' title="bbox 909 3918 3016 4006; baseline -0.002 -19"><span class='ocrx_word' id='word_1_237' title='bbox 909 3922 1164 3987; x_wconf 86' lang='lat' dir='ltr'>dederit</span> <span class='ocrx_word' id='word_1_238' title='bbox 1213 3920 1307 3985; x_wconf 85' lang='lat' dir='ltr'>eis</span> <span class='ocrx_word' id='word_1_239' title='bbox 1370 3940 1632 3985; x_wconf 89' lang='lat' dir='ltr'>omnem</span> <span class='ocrx_word' id='word_1_240' title='bbox 1694 3918 2089 4005; x_wconf 83' lang='lat' dir='ltr'>sapientiam</span> <span class='ocrx_word' id='word_1_241' title='bbox 2132 3924 2489 4005; x_wconf 85' lang='lat' dir='ltr'>antequam</span> <span class='ocrx_word' id='word_1_242' title='bbox 2550 3918 2826 3985; x_wconf 85' lang='lat' dir='ltr'>fuerunt</span> <span class='ocrx_word' id='word_1_243' title='bbox 2868 3919 3016 4006; x_wconf 88' lang='lat' dir='ltr'>phi-</span> 
     </span>
     <span class='ocr_line' id='line_1_35' title="bbox 908 4020 3015 4111; baseline -0.002 -21"><span class='ocrx_word' id='word_1_244' title='bbox 908 4023 1211 4111; x_wconf 89' lang='lat' dir='ltr'>losophi;</span> <span class='ocrx_word' id='word_1_245' title='bbox 1275 4025 1346 4087; x_wconf 90' lang='lat' dir='ltr'>et</span> <span class='ocrx_word' id='word_1_246' title='bbox 1426 4021 1510 4086; x_wconf 87' lang='lat' dir='ltr'>ab</span> <span class='ocrx_word' id='word_1_247' title='bbox 1563 4020 1869 4087; x_wconf 86' lang='lat' dir='ltr'>Hebraeis</span> <span class='ocrx_word' id='word_1_248' title='bbox 1952 4042 2177 4087; x_wconf 87' lang='lat' dir='ltr'>omnes</span> <span class='ocrx_word' id='word_1_249' title='bbox 2253 4022 2557 4087; x_wconf 85' lang='lat' dir='ltr'>nationes</span> <span class='ocrx_word' id='word_1_250' title='bbox 2638 4020 3015 4087; x_wconf 83' lang='lat' dir='ltr'>habuerunt</span> 
     </span>
     <span class='ocr_line' id='line_1_36' title="bbox 907 4122 3010 4216; baseline -0.002 -23"><span class='ocrx_word' id='word_1_251' title='bbox 907 4124 1334 4216; x_wconf 85' lang='lat' dir='ltr'>philosophiae</span> <span class='ocrx_word' id='word_1_252' title='bbox 1391 4124 1806 4211; x_wconf 87' lang='lat' dir='ltr'>principium.</span> <span class='ocrx_word' id='word_1_253' title='bbox 1920 4122 2015 4189; x_wconf 87' lang='lat' dir='ltr'>Et</span> <span class='ocrx_word' id='word_1_254' title='bbox 2072 4123 2475 4189; x_wconf 84' lang='lat' dir='ltr'>Albumasar</span> <span class='ocrx_word' id='word_1_255' title='bbox 2532 4124 2605 4189; x_wconf 86' lang='lat' dir='ltr'>in</span> <span class='ocrx_word' id='word_1_256' title='bbox 2662 4124 2835 4189; x_wconf 91' lang='lat' dir='ltr'>libro</span> <span class='ocrx_word' id='word_1_257' title='bbox 2898 4124 3010 4189; x_wconf 91' lang='lat' dir='ltr'>In-</span> 
     </span>
     <span class='ocr_line' id='line_1_37' title="bbox 908 4225 3015 4315; baseline -0.003 -17"><span class='ocrx_word' id='word_1_258' title='bbox 908 4228 1315 4298; x_wconf 86' lang='lat' dir='ltr'>troductorio</span> <span class='ocrx_word' id='word_1_259' title='bbox 1398 4226 1532 4313; x_wconf 81' lang='lat' dir='ltr'>Maj</span> <span class='ocrx_word' id='word_1_260' title='bbox 1543 4227 1654 4307; x_wconf 89' lang='lat' dir='ltr'>ori,</span> <span class='ocrx_word' id='word_1_261' title='bbox 1735 4230 1807 4292; x_wconf 87' lang='lat' dir='ltr'>et</span> <span class='ocrx_word' id='word_1_262' title='bbox 1887 4226 2004 4291; x_wconf 85' lang='lat' dir='ltr'>alii</span> <span class='ocrx_word' id='word_1_263' title='bbox 2080 4225 2467 4313; x_wconf 84' lang='lat' dir='ltr'>philosophi,</span> <span class='ocrx_word' id='word_1_264' title='bbox 2542 4232 2613 4291; x_wconf 87' lang='lat' dir='ltr'>et</span> <span class='ocrx_word' id='word_1_265' title='bbox 2686 4225 2735 4291; x_wconf 83' lang='lat' dir='ltr'><strong>J</strong></span> <span class='ocrx_word' id='word_1_266' title='bbox 2738 4226 3015 4315; x_wconf 85' lang='lat' dir='ltr'>osephus</span> 
     </span>
     <span class='ocr_line' id='line_1_38' title="bbox 910 4328 3013 4424; baseline -0.002 -25"><span class='ocrx_word' id='word_1_267' title='bbox 910 4336 1122 4424; x_wconf 91' lang='lat' dir='ltr'>primo</span> <span class='ocrx_word' id='word_1_268' title='bbox 1185 4338 1254 4399; x_wconf 93' lang='lat' dir='ltr'>et</span> <span class='ocrx_word' id='word_1_269' title='bbox 1321 4336 1554 4397; x_wconf 85' lang='lat' dir='ltr'>octavo</span> <span class='ocrx_word' id='word_1_270' title='bbox 1621 4328 2128 4415; x_wconf 84' lang='lat' dir='ltr'>Antiquitatum</span> <span class='ocrx_word' id='word_1_271' title='bbox 2203 4328 2389 4393; x_wconf 87' lang='lat' dir='ltr'>libris</span> <span class='ocrx_word' id='word_1_272' title='bbox 2463 4328 2603 4395; x_wconf 87' lang='lat' dir='ltr'>haeo</span> <span class='ocrx_word' id='word_1_273' title='bbox 2668 4328 3013 4395; x_wconf 86' lang='lat' dir='ltr'>manifeste</span> 
     </span>
     <span class='ocr_line' id='line_1_39' title="bbox 909 4432 3015 4520; baseline -0.004 -15"><span class='ocrx_word' id='word_1_274' title='bbox 909 4438 1160 4505; x_wconf 82' lang='lat' dir='ltr'>docent.</span> <span class='ocrx_word' id='word_1_275' title='bbox 1253 4434 1507 4517; x_wconf 82' lang='lat' dir='ltr'>Quarto</span> <span class='ocrx_word' id='word_1_276' title='bbox 1559 4432 1796 4499; x_wconf 74' lang='lat' dir='ltr'>accidit</span> <span class='ocrx_word' id='word_1_277' title='bbox 1846 4432 2199 4499; x_wconf 85' lang='lat' dir='ltr'>occultatio</span> <span class='ocrx_word' id='word_1_278' title='bbox 2258 4454 2377 4520; x_wconf 89' lang='lat' dir='ltr'>per</span> <span class='ocrx_word' id='word_1_279' title='bbox 2426 4432 2819 4499; x_wconf 83' lang='lat' dir='ltr'>mixtionem</span> <span class='ocrx_word' id='word_1_280' title='bbox 2864 4432 3015 4497; x_wconf 85' lang='lat' dir='ltr'>lite—</span> 
     </span>
    </p>
   </div>
   <div class='ocr_carea' id='block_1_7' title="bbox 1311 4753 2623 4827">
    <p class='ocr_par' dir='ltr' id='par_1_8' title="bbox 1311 4753 2623 4827">
     <span class='ocr_line' id='line_1_40' title="bbox 1311 4753 2623 4827; baseline -0.003 -18"><span class='ocrx_word' id='word_1_281' title='bbox 1311 4758 1336 4827; x_wconf 34' lang='lat'>1·</span> <span class='ocrx_word' id='word_1_282' title='bbox 1351 4756 1568 4824; x_wconf 67' lang='grc' dir='ltr'>κεςιίςίε]</span> <span class='ocrx_word' id='word_1_283' title='bbox 1607 4756 1797 4809; x_wconf 80' lang='lat' dir='ltr'>Deerat</span> <span class='ocrx_word' id='word_1_284' title='bbox 1818 4754 1874 4807; x_wconf 89' lang='lat' dir='ltr'>in</span> <span class='ocrx_word' id='word_1_285' title='bbox 1896 4754 1998 4809; x_wconf 78' lang='lat' dir='ltr'>aIio</span> <span class='ocrx_word' id='word_1_286' title='bbox 2020 4768 2233 4819; x_wconf 66' lang='lat' dir='ltr'>exemp„</span> <span class='ocrx_word' id='word_1_287' title='bbox 2256 4754 2341 4815; x_wconf 75' lang='lat' dir='ltr'>E,</span> <span class='ocrx_word' id='word_1_288' title='bbox 2360 4762 2411 4806; x_wconf 81' lang='lat' dir='ltr'>et</span> <span class='ocrx_word' id='word_1_289' title='bbox 2430 4753 2487 4805; x_wconf 87' lang='lat' dir='ltr'>in</span> <span class='ocrx_word' id='word_1_290' title='bbox 2510 4754 2623 4807; x_wconf 76' lang='lat' dir='ltr'>MS.</span> 
     </span>
    </p>
   </div>
  </div>
 </body>
</html>
