<?xml version="1.0" encoding="UTF-8"?>
<!DOCTYPE html PUBLIC "-//W3C//DTD XHTML 1.0 Transitional//EN"
    "http://www.w3.org/TR/xhtml1/DTD/xhtml1-transitional.dtd">
<html xmlns="http://www.w3.org/1999/xhtml" xml:lang="en" lang="en">
 <head>
  <title>
</title>
<meta http-equiv="Content-Type" content="text/html;charset=utf-8" />
  <meta name='ocr-system' content='tesseract 3.04.00' />
  <meta name='ocr-capabilities' content='ocr_page ocr_carea ocr_par ocr_line ocrx_word'/>
</head>
<body>
  <div class='ocr_page' id='page_1' title='image "./frrogeribaconop00brewgoog_0417.png"; bbox 0 0 3517 5750; ppageno 0'>
   <div class='ocr_carea' id='block_1_1' title="bbox 848 824 2944 913">
    <p class='ocr_par' dir='ltr' id='par_1_1' title="bbox 848 824 2944 913">
     <span class='ocr_line' id='line_1_1' title="bbox 848 824 2944 913; baseline -0.003 -17"><span class='ocrx_word' id='word_1_1' title='bbox 848 830 985 897; x_wconf 79' lang='lat'><strong>304</strong></span> <span class='ocrx_word' id='word_1_2' title='bbox 1606 840 1866 893; x_wconf 69' lang='lat' dir='ltr'><strong>nomm</strong></span> <span class='ocrx_word' id='word_1_3' title='bbox 1911 839 2201 891; x_wconf 71' lang='lat' dir='ltr'><strong>nAcoms</strong></span> <span class='ocrx_word' id='word_1_4' title='bbox 2759 824 2944 913; x_wconf 65' lang='lat' dir='ltr'><strong>[cu.</strong></span> 
     </span>
    </p>
   </div>
   <div class='ocr_carea' id='block_1_2' title="bbox 844 1016 2956 1509">
    <p class='ocr_par' dir='ltr' id='par_1_2' title="bbox 844 1016 2956 1509">
     <span class='ocr_line' id='line_1_2' title="bbox 846 1016 2950 1105; baseline -0.003 -17"><span class='ocrx_word' id='word_1_5' title='bbox 846 1020 1167 1102; x_wconf 88' lang='lat' dir='ltr'><strong>altiorem,</strong></span> <span class='ocrx_word' id='word_1_6' title='bbox 1236 1020 1297 1086; x_wconf 90' lang='lat' dir='ltr'><strong>ei</strong></span> <span class='ocrx_word' id='word_1_7' title='bbox 1360 1018 1781 1098; x_wconf 80' lang='lat' dir='ltr'><strong>necessarius,</strong></span> <span class='ocrx_word' id='word_1_8' title='bbox 1851 1024 2173 1105; x_wconf 83' lang='lat' dir='ltr'><strong>tanquam</strong></span> <span class='ocrx_word' id='word_1_9' title='bbox 2241 1038 2470 1083; x_wconf 85' lang='lat' dir='ltr'><strong>servus</strong></span> <span class='ocrx_word' id='word_1_10' title='bbox 2533 1016 2950 1084; x_wconf 72' lang='lat' dir='ltr'>dominatori.</span> 
     </span>
     <span class='ocr_line' id='line_1_3' title="bbox 847 1120 2943 1210; baseline -0.003 -19"><span class='ocrx_word' id='word_1_11' title='bbox 847 1124 1064 1204; x_wconf 86' lang='lat' dir='ltr'><strong>Unde,</strong></span> <span class='ocrx_word' id='word_1_12' title='bbox 1096 1125 1270 1189; x_wconf 88' lang='lat' dir='ltr'><strong>sicut</strong></span> <span class='ocrx_word' id='word_1_13' title='bbox 1312 1121 1724 1210; x_wconf 85' lang='lat' dir='ltr'><strong>philosophia</strong></span> <span class='ocrx_word' id='word_1_14' title='bbox 1769 1122 1841 1186; x_wconf 90' lang='lat' dir='ltr'><strong>in</strong></span> <span class='ocrx_word' id='word_1_15' title='bbox 1883 1122 2032 1186; x_wconf 87' lang='lat' dir='ltr'><strong>aliis</strong></span> <span class='ocrx_word' id='word_1_16' title='bbox 2075 1124 2179 1187; x_wconf 82' lang='lat' dir='ltr'><strong>est</strong></span> <span class='ocrx_word' id='word_1_17' title='bbox 2223 1120 2586 1186; x_wconf 84' lang='lat' dir='ltr'><strong>necessaria</strong></span> <span class='ocrx_word' id='word_1_18' title='bbox 2637 1120 2943 1197; x_wconf 64' lang='lat' dir='ltr'><strong>ecclesiae,</strong></span> 
     </span>
     <span class='ocr_line' id='line_1_4' title="bbox 846 1222 2956 1311; baseline -0.002 -19"><span class='ocrx_word' id='word_1_19' title='bbox 846 1226 939 1293; x_wconf 88' lang='lat' dir='ltr'><strong>sic</strong></span> <span class='ocrx_word' id='word_1_20' title='bbox 981 1226 1271 1292; x_wconf 84' lang='lat' dir='ltr'><strong>maxime</strong></span> <span class='ocrx_word' id='word_1_21' title='bbox 1314 1225 1387 1292; x_wconf 88' lang='lat' dir='ltr'><strong>in</strong></span> <span class='ocrx_word' id='word_1_22' title='bbox 1430 1224 1555 1289; x_wconf 83' lang='lat' dir='ltr'><strong>hac</strong></span> <span class='ocrx_word' id='word_1_23' title='bbox 1596 1230 1826 1311; x_wconf 80' lang='lat' dir='ltr'><strong>parte3</strong></span> <span class='ocrx_word' id='word_1_24' title='bbox 1877 1223 2191 1309; x_wconf 86' lang='lat' dir='ltr'><strong>quoniam</strong></span> <span class='ocrx_word' id='word_1_25' title='bbox 2235 1222 2614 1310; x_wconf 81' lang='lat' dir='ltr'><strong>principalis</strong></span> <span class='ocrx_word' id='word_1_26' title='bbox 2658 1223 2956 1289; x_wconf 85' lang='lat' dir='ltr'><strong>intentio-</strong></span> 
     </span>
     <span class='ocr_line' id='line_1_5' title="bbox 846 1310 2942 1415; baseline -0.003 -18"><span class='ocrx_word' id='word_1_27' title='bbox 846 1329 1129 1397; x_wconf 87' lang='lat' dir='ltr'><strong>ecclesiae</strong></span> <span class='ocrx_word' id='word_1_28' title='bbox 1172 1334 1245 1397; x_wconf 84' lang='lat' dir='ltr'><strong>et</strong></span> <span class='ocrx_word' id='word_1_29' title='bbox 1286 1328 1565 1395; x_wconf 87' lang='lat' dir='ltr'><strong>ultimus</strong></span> <span class='ocrx_word' id='word_1_30' title='bbox 1606 1328 1760 1393; x_wconf 82' lang='lat' dir='ltr'><strong>finis</strong></span> <span class='ocrx_word' id='word_1_31' title='bbox 1805 1333 1905 1393; x_wconf 88' lang='lat' dir='ltr'><strong>est</strong></span> <span class='ocrx_word' id='word_1_32' title='bbox 1951 1350 2114 1415; x_wconf 86' lang='lat' dir='ltr'><strong>opus</strong></span> <span class='ocrx_word' id='word_1_33' title='bbox 2167 1310 2676 1415; x_wconf 59' lang='lat' dir='ltr'><strong>prmdieationiS,</strong></span> <span class='ocrx_word' id='word_1_34' title='bbox 2716 1333 2796 1393; x_wconf 89' lang='lat' dir='ltr'><strong>ut</strong></span> <span class='ocrx_word' id='word_1_35' title='bbox 2841 1329 2942 1391; x_wconf 86' lang='lat' dir='ltr'><strong>in-</strong></span> 
     </span>
     <span class='ocr_line' id='line_1_6' title="bbox 844 1430 2946 1509; baseline -0.001 -10"><span class='ocrx_word' id='word_1_36' title='bbox 844 1434 1071 1499; x_wconf 87' lang='lat' dir='ltr'><strong>fideles</strong></span> <span class='ocrx_word' id='word_1_37' title='bbox 1134 1432 1223 1498; x_wconf 87' lang='lat' dir='ltr'><strong>ad</strong></span> <span class='ocrx_word' id='word_1_38' title='bbox 1294 1431 1496 1497; x_wconf 86' lang='lat' dir='ltr'><strong>fidem</strong></span> <span class='ocrx_word' id='word_1_39' title='bbox 1568 1434 2059 1509; x_wconf 83' lang='lat' dir='ltr'><strong>convertantur,</strong></span> <span class='ocrx_word' id='word_1_40' title='bbox 2129 1434 2199 1497; x_wconf 82' lang='lat' dir='ltr'><strong>et</strong></span> <span class='ocrx_word' id='word_1_41' title='bbox 2261 1430 2488 1496; x_wconf 87' lang='lat' dir='ltr'><strong>fideles</strong></span> <span class='ocrx_word' id='word_1_42' title='bbox 2547 1431 2622 1495; x_wconf 88' lang='lat' dir='ltr'><strong>in</strong></span> <span class='ocrx_word' id='word_1_43' title='bbox 2681 1431 2812 1497; x_wconf 87' lang='lat' dir='ltr'><strong>fide</strong></span> <span class='ocrx_word' id='word_1_44' title='bbox 2873 1436 2946 1496; x_wconf 88' lang='lat' dir='ltr'><strong>et</strong></span> 
     </span>
    </p>
   </div>
   <div class='ocr_carea' id='block_1_3' title="bbox 518 1532 2942 1621">
    <p class='ocr_par' dir='ltr' id='par_1_3' title="bbox 518 1532 2942 1621">
     <span class='ocr_line' id='line_1_7' title="bbox 518 1532 2942 1621; baseline -0.001 -17"><span class='ocrx_word' id='word_1_45' title='bbox 518 1552 786 1619; x_wconf 64' lang='lat' dir='ltr'><strong>Incipidity</strong></span> <span class='ocrx_word' id='word_1_46' title='bbox 848 1536 1141 1602; x_wconf 88' lang='lat' dir='ltr'><strong>moribus</strong></span> <span class='ocrx_word' id='word_1_47' title='bbox 1212 1537 1695 1603; x_wconf 72' lang='lat' dir='ltr'><strong>conserventur.</strong></span> <span class='ocrx_word' id='word_1_48' title='bbox 1809 1532 1946 1601; x_wconf 80' lang='lat' dir='ltr'><strong>Sed</strong></span> <span class='ocrx_word' id='word_1_49' title='bbox 2017 1532 2176 1621; x_wconf 87' lang='lat' dir='ltr'><strong>quia</strong></span> <span class='ocrx_word' id='word_1_50' title='bbox 2247 1538 2600 1619; x_wconf 88' lang='lat' dir='ltr'><strong>utrumque</strong></span> <span class='ocrx_word' id='word_1_51' title='bbox 2673 1534 2942 1601; x_wconf 85' lang='lat' dir='ltr'><strong>modum</strong></span> 
     </span>
    </p>
   </div>
   <div class='ocr_carea' id='block_1_4' title="bbox 516 1620 815 1738">
    <p class='ocr_par' dir='ltr' id='par_1_4' title="bbox 516 1620 815 1738">
     <span class='ocr_line' id='line_1_8' title="bbox 517 1620 815 1687; baseline 0 -16"><span class='ocrx_word' id='word_1_52' title='bbox 517 1622 615 1671; x_wconf 81' lang='lat' dir='ltr'><strong>aud</strong></span> <span class='ocrx_word' id='word_1_53' title='bbox 636 1620 815 1687; x_wconf 76' lang='lat' dir='ltr'><strong>vanity</strong></span> 
     </span>
     <span class='ocr_line' id='line_1_9' title="bbox 516 1688 813 1738; baseline 0 -1"><span class='ocrx_word' id='word_1_54' title='bbox 516 1688 576 1737; x_wconf 84' lang='lat' dir='ltr'><strong>of</strong></span> <span class='ocrx_word' id='word_1_55' title='bbox 590 1702 813 1738; x_wconf 79' lang='lat' dir='ltr'><strong>sermons</strong></span> 
     </span>
    </p>
   </div>
   <div class='ocr_carea' id='block_1_5' title="bbox 848 1636 2944 1725">
    <p class='ocr_par' dir='ltr' id='par_1_5' title="bbox 848 1636 2944 1725">
     <span class='ocr_line' id='line_1_10' title="bbox 848 1636 2944 1725; baseline -0.002 -21"><span class='ocrx_word' id='word_1_56' title='bbox 848 1638 1089 1725; x_wconf 78' lang='lat' dir='ltr'><strong>vulgus</strong></span> <span class='ocrx_word' id='word_1_57' title='bbox 1131 1638 1411 1725; x_wconf 86' lang='lat' dir='ltr'><strong>ignorat,</strong></span> <span class='ocrx_word' id='word_1_58' title='bbox 1456 1636 1607 1703; x_wconf 89' lang='lat' dir='ltr'><strong>ideo</strong></span> <span class='ocrx_word' id='word_1_59' title='bbox 1668 1636 1998 1703; x_wconf 83' lang='lat' dir='ltr'><strong>convertit</strong></span> <span class='ocrx_word' id='word_1_60' title='bbox 2047 1658 2118 1701; x_wconf 89' lang='lat' dir='ltr'><strong>se</strong></span> <span class='ocrx_word' id='word_1_61' title='bbox 2179 1636 2266 1701; x_wconf 83' lang='lat' dir='ltr'><strong>ad</strong></span> <span class='ocrx_word' id='word_1_62' title='bbox 2321 1657 2646 1702; x_wconf 84' lang='lat' dir='ltr'><strong>summam</strong></span> <span class='ocrx_word' id='word_1_63' title='bbox 2707 1641 2778 1702; x_wconf 92' lang='lat' dir='ltr'><strong>et</strong></span> <span class='ocrx_word' id='word_1_64' title='bbox 2843 1637 2944 1699; x_wconf 88' lang='lat' dir='ltr'><strong>in-</strong></span> 
     </span>
    </p>
   </div>
   <div class='ocr_carea' id='block_1_6' title="bbox 518 1736 2948 1825">
    <p class='ocr_par' dir='ltr' id='par_1_6' title="bbox 518 1736 2948 1825">
     <span class='ocr_line' id='line_1_11' title="bbox 518 1736 2948 1825; baseline -0 -22"><span class='ocrx_word' id='word_1_65' title='bbox 518 1755 572 1803; x_wconf 76' lang='lat' dir='ltr'><strong>in</strong></span> <span class='ocrx_word' id='word_1_66' title='bbox 594 1754 807 1805; x_wconf 73' lang='lat' dir='ltr'><strong>Baeon’s</strong></span> <span class='ocrx_word' id='word_1_67' title='bbox 850 1742 1111 1807; x_wconf 83' lang='lat' dir='ltr'><strong>finitam</strong></span> <span class='ocrx_word' id='word_1_68' title='bbox 1184 1738 1647 1817; x_wconf 70' lang='lat' dir='ltr'><strong>curiositatem,</strong></span> <span class='ocrx_word' id='word_1_69' title='bbox 1724 1738 1972 1805; x_wconf 86' lang='lat' dir='ltr'><strong>scilicet</strong></span> <span class='ocrx_word' id='word_1_70' title='bbox 2044 1759 2162 1825; x_wconf 90' lang='lat' dir='ltr'><strong>per</strong></span> <span class='ocrx_word' id='word_1_71' title='bbox 2233 1736 2588 1805; x_wconf 74' lang='lat' dir='ltr'>divisiones</span> <span class='ocrx_word' id='word_1_72' title='bbox 2651 1736 2948 1825; x_wconf 85' lang='lat' dir='ltr'><strong>Porphy-</strong></span> 
     </span>
    </p>
   </div>
   <div class='ocr_carea' id='block_1_7' title="bbox 518 1822 657 1889">
    <p class='ocr_par' dir='ltr' id='par_1_7' title="bbox 518 1822 657 1889">
     <span class='ocr_line' id='line_1_12' title="bbox 518 1822 657 1889; baseline -0.007 -16"><span class='ocrx_word' id='word_1_73' title='bbox 518 1822 657 1889; x_wconf 72' lang='lat' dir='ltr'><strong>days.</strong></span> 
     </span>
    </p>
   </div>
   <div class='ocr_carea' id='block_1_8' title="bbox 844 1840 2954 3980">
    <p class='ocr_par' dir='ltr' id='par_1_8' title="bbox 844 1840 2954 3980">
     <span class='ocr_line' id='line_1_13' title="bbox 850 1840 2946 1930; baseline -0.001 -21"><span class='ocrx_word' id='word_1_74' title='bbox 850 1844 1087 1921; x_wconf 81' lang='lat' dir='ltr'><strong>rianas,</strong></span> <span class='ocrx_word' id='word_1_75' title='bbox 1133 1847 1203 1911; x_wconf 86' lang='lat' dir='ltr'><strong>et</strong></span> <span class='ocrx_word' id='word_1_76' title='bbox 1246 1864 1363 1930; x_wconf 89' lang='lat' dir='ltr'><strong>per</strong></span> <span class='ocrx_word' id='word_1_77' title='bbox 1405 1840 1870 1911; x_wconf 67' lang='lat' dir='ltr'><strong>consonantias</strong></span> <span class='ocrx_word' id='word_1_78' title='bbox 1921 1840 2184 1927; x_wconf 85' lang='lat' dir='ltr'><strong>ineptas</strong></span> <span class='ocrx_word' id='word_1_79' title='bbox 2240 1840 2592 1906; x_wconf 90' lang='lat' dir='ltr'><strong>verborum</strong></span> <span class='ocrx_word' id='word_1_80' title='bbox 2653 1845 2724 1907; x_wconf 89' lang='lat' dir='ltr'><strong>et</strong></span> <span class='ocrx_word' id='word_1_81' title='bbox 2767 1840 2946 1906; x_wconf 85' lang='lat' dir='ltr'><strong>clau-</strong></span> 
     </span>
     <span class='ocr_line' id='line_1_14' title="bbox 848 1942 2946 2032; baseline -0.003 -19"><span class='ocrx_word' id='word_1_82' title='bbox 848 1946 1161 2028; x_wconf 84' lang='lat' dir='ltr'><strong>sularum,</strong></span> <span class='ocrx_word' id='word_1_83' title='bbox 1193 1950 1263 2011; x_wconf 85' lang='lat' dir='ltr'><strong>et</strong></span> <span class='ocrx_word' id='word_1_84' title='bbox 1298 1966 1415 2032; x_wconf 88' lang='lat' dir='ltr'><strong>per</strong></span> <span class='ocrx_word' id='word_1_85' title='bbox 1458 1942 1955 2011; x_wconf 82' lang='lat' dir='ltr'><strong>concordantias</strong></span> <span class='ocrx_word' id='word_1_86' title='bbox 1983 1943 2257 2020; x_wconf 82' lang='lat' dir='ltr'><strong>vocales,</strong></span> <span class='ocrx_word' id='word_1_87' title='bbox 2289 1944 2364 2008; x_wconf 82' lang='lat' dir='ltr'><strong>in</strong></span> <span class='ocrx_word' id='word_1_88' title='bbox 2393 1942 2634 2030; x_wconf 84' lang='lat' dir='ltr'><strong>quibus</strong></span> <span class='ocrx_word' id='word_1_89' title='bbox 2663 1948 2764 2009; x_wconf 89' lang='lat' dir='ltr'><strong>est</strong></span> <span class='ocrx_word' id='word_1_90' title='bbox 2807 1943 2946 2008; x_wconf 82' lang='lat' dir='ltr'><strong>sola</strong></span> 
     </span>
     <span class='ocr_line' id='line_1_15' title="bbox 850 2046 2946 2128; baseline -0.003 -11"><span class='ocrx_word' id='word_1_91' title='bbox 850 2050 1115 2118; x_wconf 83' lang='lat' dir='ltr'><strong>vanitas</strong></span> <span class='ocrx_word' id='word_1_92' title='bbox 1144 2048 1436 2128; x_wconf 85' lang='lat' dir='ltr'><strong>verbosa,</strong></span> <span class='ocrx_word' id='word_1_93' title='bbox 1468 2046 1649 2113; x_wconf 84' lang='lat' dir='ltr'><strong>omni</strong></span> <span class='ocrx_word' id='word_1_94' title='bbox 1692 2068 1920 2115; x_wconf 84' lang='lat' dir='ltr'><strong>carens</strong></span> <span class='ocrx_word' id='word_1_95' title='bbox 1963 2050 2203 2113; x_wconf 83' lang='lat' dir='ltr'><strong>ornatu</strong></span> <span class='ocrx_word' id='word_1_96' title='bbox 2239 2046 2567 2113; x_wconf 87' lang='lat' dir='ltr'><strong>rhetorico</strong></span> <span class='ocrx_word' id='word_1_97' title='bbox 2597 2052 2666 2112; x_wconf 90' lang='lat' dir='ltr'><strong>et</strong></span> <span class='ocrx_word' id='word_1_98' title='bbox 2694 2047 2946 2114; x_wconf 84' lang='lat' dir='ltr'><strong>virtute</strong></span> 
     </span>
     <span class='ocr_line' id='line_1_16' title="bbox 848 2148 2948 2241; baseline -0.003 -22"><span class='ocrx_word' id='word_1_99' title='bbox 848 2153 1301 2241; x_wconf 78' lang='lat' dir='ltr'><strong>persuadendi.</strong></span> <span class='ocrx_word' id='word_1_100' title='bbox 1410 2150 1759 2231; x_wconf 82' lang='lat' dir='ltr'><strong>Quoddam</strong></span> <span class='ocrx_word' id='word_1_101' title='bbox 1803 2148 1981 2214; x_wconf 88' lang='lat' dir='ltr'><strong>enim</strong></span> <span class='ocrx_word' id='word_1_102' title='bbox 2027 2149 2422 2237; x_wconf 72' lang='lat' dir='ltr'><strong>phantasma</strong></span> <span class='ocrx_word' id='word_1_103' title='bbox 2463 2153 2565 2214; x_wconf 89' lang='lat' dir='ltr'><strong>est</strong></span> <span class='ocrx_word' id='word_1_104' title='bbox 2607 2149 2948 2236; x_wconf 86' lang='lat' dir='ltr'><strong>pueriliter</strong></span> 
     </span>
     <span class='ocr_line' id='line_1_17' title="bbox 848 2251 2946 2340; baseline -0.002 -17"><span class='ocrx_word' id='word_1_105' title='bbox 848 2256 1145 2335; x_wconf 83' lang='lat' dir='ltr'><strong>effusum,</strong></span> <span class='ocrx_word' id='word_1_106' title='bbox 1222 2261 1293 2322; x_wconf 92' lang='lat' dir='ltr'><strong>et</strong></span> <span class='ocrx_word' id='word_1_107' title='bbox 1366 2276 1409 2319; x_wconf 86' lang='lat' dir='ltr'><strong>a</strong></span> <span class='ocrx_word' id='word_1_108' title='bbox 1472 2253 1695 2340; x_wconf 88' lang='lat' dir='ltr'><strong>pueris</strong></span> <span class='ocrx_word' id='word_1_109' title='bbox 1777 2251 2230 2329; x_wconf 86' lang='lat' dir='ltr'><strong>adinventum,</strong></span> <span class='ocrx_word' id='word_1_110' title='bbox 2296 2252 2524 2319; x_wconf 85' lang='lat' dir='ltr'><strong>vacuis</strong></span> <span class='ocrx_word' id='word_1_111' title='bbox 2613 2252 2699 2319; x_wconf 87' lang='lat' dir='ltr'><strong>ab</strong></span> <span class='ocrx_word' id='word_1_112' title='bbox 2763 2253 2946 2319; x_wconf 86' lang='lat' dir='ltr'><strong>omni</strong></span> 
     </span>
     <span class='ocr_line' id='line_1_18' title="bbox 846 2354 2948 2445; baseline -0.002 -21"><span class='ocrx_word' id='word_1_113' title='bbox 846 2360 1175 2445; x_wconf 73' lang='lat' dir='ltr'><strong>sapientia</strong></span> <span class='ocrx_word' id='word_1_114' title='bbox 1242 2361 1313 2422; x_wconf 88' lang='lat' dir='ltr'><strong>et</strong></span> <span class='ocrx_word' id='word_1_115' title='bbox 1376 2354 1727 2440; x_wconf 89' lang='lat' dir='ltr'><strong>eloquendi</strong></span> <span class='ocrx_word' id='word_1_116' title='bbox 1795 2358 2142 2441; x_wconf 80' lang='lat' dir='ltr'><strong>potestate,</strong></span> <span class='ocrx_word' id='word_1_117' title='bbox 2207 2358 2288 2419; x_wconf 87' lang='lat' dir='ltr'><strong>ut</strong></span> <span class='ocrx_word' id='word_1_118' title='bbox 2349 2354 2696 2422; x_wconf 87' lang='lat' dir='ltr'><strong>manifeste</strong></span> <span class='ocrx_word' id='word_1_119' title='bbox 2762 2361 2948 2442; x_wconf 85' lang='lat' dir='ltr'><strong>patet</strong></span> 
     </span>
     <span class='ocr_line' id='line_1_19' title="bbox 847 2455 2950 2543; baseline -0.004 -12"><span class='ocrx_word' id='word_1_120' title='bbox 847 2461 1121 2531; x_wconf 84' lang='lat' dir='ltr'><strong>cuilibet</strong></span> <span class='ocrx_word' id='word_1_121' title='bbox 1162 2458 1475 2538; x_wconf 87' lang='lat' dir='ltr'><strong>intuenti,</strong></span> <span class='ocrx_word' id='word_1_122' title='bbox 1506 2457 1677 2524; x_wconf 87' lang='lat' dir='ltr'><strong>sicut</strong></span> <span class='ocrx_word' id='word_1_123' title='bbox 1708 2457 1780 2521; x_wconf 89' lang='lat' dir='ltr'><strong>in</strong></span> <span class='ocrx_word' id='word_1_124' title='bbox 1811 2455 2112 2523; x_wconf 87' lang='lat' dir='ltr'><strong>Secundo</strong></span> <span class='ocrx_word' id='word_1_125' title='bbox 2145 2456 2358 2543; x_wconf 82' lang='lat' dir='ltr'>Opere</span> <span class='ocrx_word' id='word_1_126' title='bbox 2403 2462 2473 2525; x_wconf 89' lang='lat' dir='ltr'><strong>et</strong></span> <span class='ocrx_word' id='word_1_127' title='bbox 2512 2456 2635 2523; x_wconf 85' lang='lat' dir='ltr'><strong>hoc</strong></span> <span class='ocrx_word' id='word_1_128' title='bbox 2654 2456 2673 2494; x_wconf 87' lang='lat'>¹</span> <span class='ocrx_word' id='word_1_129' title='bbox 2725 2458 2950 2523; x_wconf 89' lang='lat' dir='ltr'><strong>Tertio</strong></span> 
     </span>
     <span class='ocr_line' id='line_1_20' title="bbox 848 2558 2946 2649; baseline -0.001 -20"><span class='ocrx_word' id='word_1_130' title='bbox 848 2563 1063 2649; x_wconf 89' lang='lat' dir='ltr'><strong>Opere</strong></span> <span class='ocrx_word' id='word_1_131' title='bbox 1124 2562 1207 2627; x_wconf 83' lang='lat' dir='ltr'><strong>in</strong></span> <span class='ocrx_word' id='word_1_132' title='bbox 1244 2560 1537 2627; x_wconf 81' lang='lat' dir='ltr'><strong>Peccatis</strong></span> <span class='ocrx_word' id='word_1_133' title='bbox 1582 2559 1956 2645; x_wconf 82' lang='lat' dir='ltr'><strong>Theologiae</strong></span> <span class='ocrx_word' id='word_1_134' title='bbox 1999 2558 2348 2626; x_wconf 78' lang='lat' dir='ltr'><strong>declaravi.</strong></span> <span class='ocrx_word' id='word_1_135' title='bbox 2441 2559 2531 2626; x_wconf 89' lang='lat' dir='ltr'><strong>Et</strong></span> <span class='ocrx_word' id='word_1_136' title='bbox 2578 2566 2802 2627; x_wconf 83' lang='lat' dir='ltr'><strong>tamen</strong></span> <span class='ocrx_word' id='word_1_137' title='bbox 2847 2566 2946 2627; x_wconf 83' lang='lat' dir='ltr'><strong>est</strong></span> 
     </span>
     <span class='ocr_line' id='line_1_21' title="bbox 846 2659 2949 2749; baseline -0.002 -18"><span class='ocrx_word' id='word_1_138' title='bbox 846 2665 941 2731; x_wconf 89' lang='lat' dir='ltr'><strong>ibi</strong></span> <span class='ocrx_word' id='word_1_139' title='bbox 988 2664 1281 2731; x_wconf 83' lang='lat' dir='ltr'><strong>maxima</strong></span> <span class='ocrx_word' id='word_1_140' title='bbox 1324 2660 1639 2749; x_wconf 87' lang='lat' dir='ltr'><strong>temporis</strong></span> <span class='ocrx_word' id='word_1_141' title='bbox 1682 2660 2114 2748; x_wconf 78' lang='lat' dir='ltr'><strong>consumptio,</strong></span> <span class='ocrx_word' id='word_1_142' title='bbox 2207 2659 2384 2727; x_wconf 86' lang='lat' dir='ltr'><strong>Nam</strong></span> <span class='ocrx_word' id='word_1_143' title='bbox 2428 2668 2696 2749; x_wconf 87' lang='lat' dir='ltr'><strong>propter</strong></span> <span class='ocrx_word' id='word_1_144' title='bbox 2740 2664 2949 2729; x_wconf 87' lang='lat' dir='ltr'><strong>curio·</strong></span> 
     </span>
     <span class='ocr_line' id='line_1_22' title="bbox 848 2763 2950 2851; baseline 0.001 -19"><span class='ocrx_word' id='word_1_145' title='bbox 848 2766 1068 2833; x_wconf 84' lang='lat' dir='ltr'><strong>sitatis</strong></span> <span class='ocrx_word' id='word_1_146' title='bbox 1130 2764 1660 2851; x_wconf 87' lang='lat' dir='ltr'><strong>superfluitatem</strong></span> <span class='ocrx_word' id='word_1_147' title='bbox 1726 2763 1876 2851; x_wconf 79' lang='lat' dir='ltr'><strong>plus</strong></span> <span class='ocrx_word' id='word_1_148' title='bbox 1935 2763 2010 2829; x_wconf 87' lang='lat' dir='ltr'><strong>in</strong></span> <span class='ocrx_word' id='word_1_149' title='bbox 2063 2763 2334 2851; x_wconf 88' lang='lat' dir='ltr'><strong>decuplo</strong></span> <span class='ocrx_word' id='word_1_150' title='bbox 2395 2763 2698 2832; x_wconf 87' lang='lat' dir='ltr'><strong>laborant</strong></span> <span class='ocrx_word' id='word_1_151' title='bbox 2777 2767 2950 2835; x_wconf 82' lang='lat' dir='ltr'><strong>circa</strong></span> 
     </span>
     <span class='ocr_line' id='line_1_23' title="bbox 846 2865 2954 2955; baseline 0.001 -19"><span class='ocrx_word' id='word_1_152' title='bbox 846 2867 1227 2954; x_wconf 88' lang='lat' dir='ltr'><strong>hujusmodi</strong></span> <span class='ocrx_word' id='word_1_153' title='bbox 1316 2865 1519 2934; x_wconf 87' lang='lat' dir='ltr'><strong>telam</strong></span> <span class='ocrx_word' id='word_1_154' title='bbox 1588 2889 1848 2936; x_wconf 83' lang='lat' dir='ltr'><strong>araneae</strong></span> <span class='ocrx_word' id='word_1_155' title='bbox 1924 2866 2444 2948; x_wconf 73' lang='lat' dir='ltr'><strong>construendam,</strong></span> <span class='ocrx_word' id='word_1_156' title='bbox 2507 2889 2702 2955; x_wconf 84' lang='lat' dir='ltr'><strong>quam</strong></span> <span class='ocrx_word' id='word_1_157' title='bbox 2777 2869 2954 2938; x_wconf 78' lang='lat' dir='ltr'><strong>eirca</strong></span> 
     </span>
     <span class='ocr_line' id='line_1_24' title="bbox 846 2968 2950 3058; baseline 0.001 -20"><span class='ocrx_word' id='word_1_158' title='bbox 846 2970 1247 3038; x_wconf 80' lang='lat' dir='ltr'><strong>sententiam</strong></span> <span class='ocrx_word' id='word_1_159' title='bbox 1322 2970 1654 3038; x_wconf 88' lang='lat' dir='ltr'><strong>sermonis.</strong></span> <span class='ocrx_word' id='word_1_160' title='bbox 1778 2968 2106 3051; x_wconf 80' lang='lat' dir='ltr'><strong>Quoniam</strong></span> <span class='ocrx_word' id='word_1_161' title='bbox 2181 2973 2408 3036; x_wconf 80' lang='lat' dir='ltr'><strong>antem</strong></span> <span class='ocrx_word' id='word_1_162' title='bbox 2479 2969 2642 3038; x_wconf 82' lang='lat' dir='ltr'><strong>libri</strong></span> <span class='ocrx_word' id='word_1_163' title='bbox 2690 2970 2950 3058; x_wconf 83' lang='lat' dir='ltr'><strong>Logicae</strong></span> 
     </span>
     <span class='ocr_line' id='line_1_25' title="bbox 849 3071 2951 3154; baseline -0.001 -12"><span class='ocrx_word' id='word_1_164' title='bbox 849 3072 1237 3142; x_wconf 78' lang='lat' dir='ltr'><strong>Aristotelis</strong></span> <span class='ocrx_word' id='word_1_165' title='bbox 1306 3072 1390 3138; x_wconf 89' lang='lat' dir='ltr'><strong>de</strong></span> <span class='ocrx_word' id='word_1_166' title='bbox 1449 3071 1555 3138; x_wconf 86' lang='lat' dir='ltr'><strong>his</strong></span> <span class='ocrx_word' id='word_1_167' title='bbox 1628 3071 1860 3154; x_wconf 88' lang='lat' dir='ltr'><strong>modis,</strong></span> <span class='ocrx_word' id='word_1_168' title='bbox 1913 3077 1983 3139; x_wconf 88' lang='lat' dir='ltr'><strong>et</strong></span> <span class='ocrx_word' id='word_1_169' title='bbox 2057 3073 2520 3142; x_wconf 80' lang='lat' dir='ltr'><strong>commentarii</strong></span> <span class='ocrx_word' id='word_1_170' title='bbox 2569 3074 2951 3154; x_wconf 84' lang='lat' dir='ltr'><strong>Avioennae,</strong></span> 
     </span>
     <span class='ocr_line' id='line_1_26' title="bbox 850 3173 2946 3262; baseline 0.001 -21"><span class='ocrx_word' id='word_1_171' title='bbox 850 3175 1169 3242; x_wconf 85' lang='lat' dir='ltr'><strong>deficiunt</strong></span> <span class='ocrx_word' id='word_1_172' title='bbox 1208 3176 1387 3262; x_wconf 83' lang='lat' dir='ltr'><strong>apud</strong></span> <span class='ocrx_word' id='word_1_173' title='bbox 1432 3173 1728 3256; x_wconf 71' lang='lat' dir='ltr'><strong>LatinOS,</strong></span> <span class='ocrx_word' id='word_1_174' title='bbox 1777 3179 1847 3241; x_wconf 84' lang='lat' dir='ltr'><strong>et</strong></span> <span class='ocrx_word' id='word_1_175' title='bbox 1888 3197 2098 3262; x_wconf 85' lang='lat' dir='ltr'><strong>pauca</strong></span> <span class='ocrx_word' id='word_1_176' title='bbox 2163 3197 2312 3261; x_wconf 77' lang='lat' dir='ltr'><strong>quae</strong></span> <span class='ocrx_word' id='word_1_177' title='bbox 2377 3174 2704 3242; x_wconf 75' lang='lat' dir='ltr'><strong>translata</strong></span> <span class='ocrx_word' id='word_1_178' title='bbox 2768 3199 2890 3242; x_wconf 89' lang='lat' dir='ltr'><strong>sun</strong></span> <span class='ocrx_word' id='word_1_179' title='bbox 2898 3183 2946 3258; x_wconf 86' lang='lat' dir='ltr'><strong>t,</strong></span> 
     </span>
     <span class='ocr_line' id='line_1_27' title="bbox 852 3276 2950 3364; baseline -0.001 -18"><span class='ocrx_word' id='word_1_180' title='bbox 852 3279 927 3346; x_wconf 89' lang='lat' dir='ltr'><strong>in</strong></span> <span class='ocrx_word' id='word_1_181' title='bbox 972 3299 1099 3344; x_wconf 87' lang='lat' dir='ltr'><strong>usu</strong></span> <span class='ocrx_word' id='word_1_182' title='bbox 1142 3299 1278 3344; x_wconf 87' lang='lat' dir='ltr'><strong>non</strong></span> <span class='ocrx_word' id='word_1_183' title='bbox 1322 3277 1655 3342; x_wconf 82' lang='lat' dir='ltr'><strong>habentur</strong></span> <span class='ocrx_word' id='word_1_184' title='bbox 1698 3298 1822 3344; x_wconf 88' lang='lat' dir='ltr'><strong>nec</strong></span> <span class='ocrx_word' id='word_1_185' title='bbox 1861 3277 2194 3364; x_wconf 85' lang='lat' dir='ltr'><strong>leguntur,</strong></span> <span class='ocrx_word' id='word_1_186' title='bbox 2241 3276 2394 3344; x_wconf 90' lang='lat' dir='ltr'><strong>ideo</strong></span> <span class='ocrx_word' id='word_1_187' title='bbox 2433 3299 2570 3344; x_wconf 83' lang='lat' dir='ltr'><strong>non</strong></span> <span class='ocrx_word' id='word_1_188' title='bbox 2615 3283 2718 3344; x_wconf 81' lang='lat' dir='ltr'><strong>est</strong></span> <span class='ocrx_word' id='word_1_189' title='bbox 2759 3278 2950 3344; x_wconf 79' lang='lat' dir='ltr'><strong>facile</strong></span> 
     </span>
     <span class='ocr_line' id='line_1_28' title="bbox 850 3378 2940 3467; baseline 0 -21"><span class='ocrx_word' id='word_1_190' title='bbox 850 3382 1217 3467; x_wconf 81' lang='lat' dir='ltr'><strong>exprimere</strong></span> <span class='ocrx_word' id='word_1_191' title='bbox 1262 3379 1423 3467; x_wconf 88' lang='lat' dir='ltr'><strong>quid</strong></span> <span class='ocrx_word' id='word_1_192' title='bbox 1490 3382 1798 3466; x_wconf 82' lang='lat' dir='ltr'><strong>oporteat</strong></span> <span class='ocrx_word' id='word_1_193' title='bbox 1863 3378 1936 3444; x_wconf 88' lang='lat' dir='ltr'><strong>in</strong></span> <span class='ocrx_word' id='word_1_194' title='bbox 1981 3378 2106 3445; x_wconf 87' lang='lat' dir='ltr'><strong>hac</strong></span> <span class='ocrx_word' id='word_1_195' title='bbox 2171 3385 2380 3465; x_wconf 63' lang='lat' dir='ltr'><strong>pas-te.</strong></span> <span class='ocrx_word' id='word_1_196' title='bbox 2475 3380 2670 3462; x_wconf 80' lang='lat' dir='ltr'><strong>Quod</strong></span> <span class='ocrx_word' id='word_1_197' title='bbox 2719 3386 2940 3448; x_wconf 86' lang='lat' dir='ltr'><strong>autem</strong></span> 
     </span>
     <span class='ocr_line' id='line_1_29' title="bbox 848 3480 2944 3571; baseline 0 -20"><span class='ocrx_word' id='word_1_198' title='bbox 848 3483 1237 3551; x_wconf 80' lang='lat' dir='ltr'><strong>Aristoteles</strong></span> <span class='ocrx_word' id='word_1_199' title='bbox 1299 3482 1456 3549; x_wconf 90' lang='lat' dir='ltr'><strong>fecit</strong></span> <span class='ocrx_word' id='word_1_200' title='bbox 1523 3482 1686 3547; x_wconf 89' lang='lat' dir='ltr'><strong>duos</strong></span> <span class='ocrx_word' id='word_1_201' title='bbox 1760 3480 1964 3546; x_wconf 86' lang='lat' dir='ltr'><strong>libros</strong></span> <span class='ocrx_word' id='word_1_202' title='bbox 2033 3481 2295 3568; x_wconf 83' lang='lat' dir='ltr'><strong>Logicae</strong></span> <span class='ocrx_word' id='word_1_203' title='bbox 2371 3481 2454 3548; x_wconf 90' lang='lat' dir='ltr'><strong>de</strong></span> <span class='ocrx_word' id='word_1_204' title='bbox 2517 3483 2640 3550; x_wconf 87' lang='lat' dir='ltr'><strong>hoc</strong></span> <span class='ocrx_word' id='word_1_205' title='bbox 2705 3506 2944 3571; x_wconf 83' lang='lat' dir='ltr'><strong>genere</strong></span> 
     </span>
     <span class='ocr_line' id='line_1_30' title="bbox 844 3581 2946 3673; baseline 0 -21"><span class='ocrx_word' id='word_1_206' title='bbox 844 3585 1283 3673; x_wconf 84' lang='lat' dir='ltr'><strong>persuasionis</strong></span> <span class='ocrx_word' id='word_1_207' title='bbox 1324 3584 1399 3649; x_wconf 86' lang='lat' dir='ltr'><strong>in</strong></span> <span class='ocrx_word' id='word_1_208' title='bbox 1442 3589 1621 3650; x_wconf 82' lang='lat' dir='ltr'><strong>secta</strong></span> <span class='ocrx_word' id='word_1_209' title='bbox 1664 3588 1735 3648; x_wconf 91' lang='lat' dir='ltr'><strong>et</strong></span> <span class='ocrx_word' id='word_1_210' title='bbox 1779 3581 2088 3662; x_wconf 70' lang='lat' dir='ltr'><strong>moribuS,</strong></span> <span class='ocrx_word' id='word_1_211' title='bbox 2135 3583 2555 3652; x_wconf 81' lang='lat' dir='ltr'><strong>manifestavi</strong></span> <span class='ocrx_word' id='word_1_212' title='bbox 2609 3587 2685 3651; x_wconf 86' lang='lat' dir='ltr'><strong>in</strong></span> <span class='ocrx_word' id='word_1_213' title='bbox 2743 3587 2946 3652; x_wconf 86' lang='lat' dir='ltr'><strong>tertia</strong></span> 
     </span>
     <span class='ocr_line' id='line_1_31' title="bbox 848 3684 2946 3776; baseline -0 -21"><span class='ocrx_word' id='word_1_214' title='bbox 848 3695 1035 3775; x_wconf 86' lang='lat' dir='ltr'><strong>parte</strong></span> <span class='ocrx_word' id='word_1_215' title='bbox 1081 3688 1315 3776; x_wconf 85' lang='lat' dir='ltr'><strong>Operis</strong></span> <span class='ocrx_word' id='word_1_216' title='bbox 1361 3685 1653 3771; x_wconf 84' lang='lat' dir='ltr'><strong>Majoris‚</strong></span> <span class='ocrx_word' id='word_1_217' title='bbox 1700 3689 1772 3750; x_wconf 87' lang='lat' dir='ltr'><strong>et</strong></span> <span class='ocrx_word' id='word_1_218' title='bbox 1817 3685 1888 3750; x_wconf 91' lang='lat' dir='ltr'><strong>in</strong></span> <span class='ocrx_word' id='word_1_219' title='bbox 1931 3684 2252 3774; x_wconf 81' lang='lat' dir='ltr'><strong>septima3</strong></span> <span class='ocrx_word' id='word_1_220' title='bbox 2305 3689 2620 3773; x_wconf 84' lang='lat' dir='ltr'><strong>quoniam</strong></span> <span class='ocrx_word' id='word_1_221' title='bbox 2663 3711 2798 3755; x_wconf 87' lang='lat' dir='ltr'><strong>non</strong></span> <span class='ocrx_word' id='word_1_222' title='bbox 2843 3693 2946 3757; x_wconf 78' lang='lat' dir='ltr'><strong>est</strong></span> 
     </span>
     <span class='ocr_line' id='line_1_32' title="bbox 846 3785 2944 3875; baseline 0.001 -19"><span class='ocrx_word' id='word_1_223' title='bbox 846 3791 1119 3856; x_wconf 89' lang='lat' dir='ltr'><strong>dubium</strong></span> <span class='ocrx_word' id='word_1_224' title='bbox 1183 3789 1345 3874; x_wconf 89' lang='lat' dir='ltr'><strong>quin</strong></span> <span class='ocrx_word' id='word_1_225' title='bbox 1410 3786 1613 3852; x_wconf 85' lang='lat' dir='ltr'><strong>libros</strong></span> <span class='ocrx_word' id='word_1_226' title='bbox 1673 3785 1901 3854; x_wconf 82' lang='lat' dir='ltr'><strong>fecerit</strong></span> <span class='ocrx_word' id='word_1_227' title='bbox 1945 3789 2270 3875; x_wconf 82' lang='lat' dir='ltr'><strong>optimos3</strong></span> <span class='ocrx_word' id='word_1_228' title='bbox 2330 3790 2484 3856; x_wconf 88' lang='lat' dir='ltr'><strong>licet</strong></span> <span class='ocrx_word' id='word_1_229' title='bbox 2529 3791 2763 3857; x_wconf 86' lang='lat' dir='ltr'><strong>Latini</strong></span> <span class='ocrx_word' id='word_1_230' title='bbox 2824 3792 2944 3858; x_wconf 87' lang='lat' dir='ltr'><strong>hos</strong></span> 
     </span>
     <span class='ocr_line' id='line_1_33' title="bbox 844 3889 2945 3980; baseline 0.002 -24"><span class='ocrx_word' id='word_1_231' title='bbox 844 3893 1156 3977; x_wconf 86' lang='lat' dir='ltr'><strong>ignorent</strong></span> <span class='ocrx_word' id='word_1_232' title='bbox 1184 3914 1201 3971; x_wconf 79' lang='lat'><em>3</em></span> <span class='ocrx_word' id='word_1_233' title='bbox 1246 3891 1418 3955; x_wconf 89' lang='lat' dir='ltr'><strong>sicut</strong></span> <span class='ocrx_word' id='word_1_234' title='bbox 1460 3889 1942 3975; x_wconf 85' lang='lat' dir='ltr'><strong>ignoraverunt</strong></span> <span class='ocrx_word' id='word_1_235' title='bbox 1983 3889 2189 3956; x_wconf 88' lang='lat' dir='ltr'><strong>libros</strong></span> <span class='ocrx_word' id='word_1_236' title='bbox 2231 3913 2422 3958; x_wconf 84' lang='lat' dir='ltr'><strong>novae</strong></span> <span class='ocrx_word' id='word_1_237' title='bbox 2463 3892 2738 3980; x_wconf 78' lang='lat' dir='ltr'><strong>Logicae,</strong></span> <span class='ocrx_word' id='word_1_238' title='bbox 2787 3895 2945 3960; x_wconf 90' lang='lat' dir='ltr'><strong>dum</strong></span> 
     </span>
    </p>
   </div>
   <div class='ocr_carea' id='block_1_9' title="bbox 812 3989 2944 4076">
    <p class='ocr_par' dir='ltr' id='par_1_9' title="bbox 812 3989 2944 4076">
     <span class='ocr_line' id='line_1_34' title="bbox 812 3989 2944 4076; baseline 0 -14"><span class='ocrx_word' id='word_1_239' title='bbox 812 3993 1061 4062; x_wconf 72' lang='lat' dir='ltr'><strong>,solum</strong></span> <span class='ocrx_word' id='word_1_240' title='bbox 1128 3995 1421 4058; x_wconf 86' lang='lat' dir='ltr'><strong>veterem</strong></span> <span class='ocrx_word' id='word_1_241' title='bbox 1488 3989 1800 4076; x_wconf 84' lang='lat' dir='ltr'><strong>Logicam</strong></span> <span class='ocrx_word' id='word_1_242' title='bbox 1889 3991 2278 4058; x_wconf 86' lang='lat' dir='ltr'><strong>habuerunt.</strong></span> <span class='ocrx_word' id='word_1_243' title='bbox 2401 3995 2488 4060; x_wconf 90' lang='lat' dir='ltr'><strong>In</strong></span> <span class='ocrx_word' id='word_1_244' title='bbox 2561 3995 2691 4062; x_wconf 87' lang='lat' dir='ltr'><strong>illis</strong></span> <span class='ocrx_word' id='word_1_245' title='bbox 2767 3999 2944 4063; x_wconf 85' lang='lat' dir='ltr'><strong>enim</strong></span> 
     </span>
    </p>
   </div>
   <div class='ocr_carea' id='block_1_10' title="bbox 844 4092 2948 4494">
    <p class='ocr_par' dir='ltr' id='par_1_10' title="bbox 844 4092 2948 4494">
     <span class='ocr_line' id='line_1_35' title="bbox 848 4092 2944 4179; baseline 0.004 -20"><span class='ocrx_word' id='word_1_246' title='bbox 848 4094 1123 4159; x_wconf 86' lang='lat' dir='ltr'><strong>docetur</strong></span> <span class='ocrx_word' id='word_1_247' title='bbox 1166 4093 1491 4179; x_wconf 91' lang='lat' dir='ltr'><strong>quomodo</strong></span> <span class='ocrx_word' id='word_1_248' title='bbox 1535 4092 1705 4158; x_wconf 81' lang='lat' dir='ltr'><strong>fiant</strong></span> <span class='ocrx_word' id='word_1_249' title='bbox 1748 4115 2076 4162; x_wconf 87' lang='lat' dir='ltr'><strong>sermones</strong></span> <span class='ocrx_word' id='word_1_250' title='bbox 2121 4095 2451 4176; x_wconf 87' lang='lat' dir='ltr'><strong>sublimes,</strong></span> <span class='ocrx_word' id='word_1_251' title='bbox 2499 4102 2639 4164; x_wconf 86' lang='lat' dir='ltr'><strong>tam</strong></span> <span class='ocrx_word' id='word_1_252' title='bbox 2682 4100 2759 4165; x_wconf 87' lang='lat' dir='ltr'><strong>in</strong></span> <span class='ocrx_word' id='word_1_253' title='bbox 2787 4123 2944 4167; x_wconf 86' lang='lat' dir='ltr'><strong>voce</strong></span> 
     </span>
     <span class='ocr_line' id='line_1_36' title="bbox 846 4195 2944 4284; baseline 0.004 -23"><span class='ocrx_word' id='word_1_254' title='bbox 846 4217 1047 4284; x_wconf 88' lang='lat' dir='ltr'><strong>quam</strong></span> <span class='ocrx_word' id='word_1_255' title='bbox 1078 4197 1424 4274; x_wconf 84' lang='lat' dir='ltr'><strong>sententia,</strong></span> <span class='ocrx_word' id='word_1_256' title='bbox 1456 4195 1816 4261; x_wconf 85' lang='lat' dir='ltr'><strong>secundum</strong></span> <span class='ocrx_word' id='word_1_257' title='bbox 1863 4219 2087 4264; x_wconf 85' lang='lat' dir='ltr'><strong>omnes</strong></span> <span class='ocrx_word' id='word_1_258' title='bbox 2134 4204 2406 4265; x_wconf 84' lang='lat' dir='ltr'><strong>ornatus</strong></span> <span class='ocrx_word' id='word_1_259' title='bbox 2435 4203 2769 4282; x_wconf 87' lang='lat' dir='ltr'><strong>sermonis,</strong></span> <span class='ocrx_word' id='word_1_260' title='bbox 2803 4209 2944 4270; x_wconf 85' lang='lat' dir='ltr'><strong>tam</strong></span> 
     </span>
     <span class='ocr_line' id='line_1_37' title="bbox 844 4296 2948 4387; baseline 0.004 -23"><span class='ocrx_word' id='word_1_261' title='bbox 844 4298 1115 4364; x_wconf 85' lang='lat' dir='ltr'><strong>metrice</strong></span> <span class='ocrx_word' id='word_1_262' title='bbox 1183 4301 1253 4362; x_wconf 90' lang='lat' dir='ltr'><strong>et</strong></span> <span class='ocrx_word' id='word_1_263' title='bbox 1297 4296 1669 4383; x_wconf 85' lang='lat' dir='ltr'><strong>rhythmice</strong></span> <span class='ocrx_word' id='word_1_264' title='bbox 1731 4320 1934 4384; x_wconf 85' lang='lat' dir='ltr'><strong>quam</strong></span> <span class='ocrx_word' id='word_1_265' title='bbox 1950 4297 1978 4336; x_wconf 75' lang='lat'>²</span> <span class='ocrx_word' id='word_1_266' title='bbox 2043 4311 2353 4387; x_wconf 76' lang='lat' dir='ltr'><strong>prosaice,</strong></span> <span class='ocrx_word' id='word_1_267' title='bbox 2399 4308 2481 4369; x_wconf 89' lang='lat' dir='ltr'><strong>ut</strong></span> <span class='ocrx_word' id='word_1_268' title='bbox 2539 4304 2800 4372; x_wconf 85' lang='lat' dir='ltr'><strong>animus</strong></span> <span class='ocrx_word' id='word_1_269' title='bbox 2859 4307 2948 4372; x_wconf 82' lang='lat' dir='ltr'><strong>ad</strong></span> 
     </span>
     <span class='ocr_line' id='line_1_38' title="bbox 844 4400 2942 4494; baseline 0.003 -26"><span class='ocrx_word' id='word_1_270' title='bbox 844 4401 1137 4489; x_wconf 91' lang='lat' dir='ltr'><strong>id‚quod</strong></span> <span class='ocrx_word' id='word_1_271' title='bbox 1178 4400 1477 4467; x_wconf 80' lang='lat' dir='ltr'><strong>intendit</strong></span> <span class='ocrx_word' id='word_1_272' title='bbox 1524 4421 1902 4488; x_wconf 66' lang='lat' dir='ltr'><strong>persuasor,</strong></span> <span class='ocrx_word' id='word_1_273' title='bbox 1926 4403 2230 4490; x_wconf 83' lang='lat' dir='ltr'><strong>rapiatur</strong></span> <span class='ocrx_word' id='word_1_274' title='bbox 2257 4405 2402 4471; x_wconf 86' lang='lat' dir='ltr'><strong>sine</strong></span> <span class='ocrx_word' id='word_1_275' title='bbox 2429 4409 2839 4494; x_wconf 66' lang='lat' dir='ltr'><strong>praevisione,</strong></span> <span class='ocrx_word' id='word_1_276' title='bbox 2873 4415 2942 4474; x_wconf 87' lang='lat' dir='ltr'><strong>et</strong></span> 
     </span>
    </p>
   </div>
   <div class='ocr_carea' id='block_1_11' title="bbox 2636 4597 2940 4604">
    <p class='ocr_par' dir='ltr' id='par_1_11' title="bbox 2636 4597 2940 4604">
     <span class='ocr_line' id='line_1_39' title="bbox 2636 4597 2940 4604; baseline 0 0"><span class='ocrx_word' id='word_1_277' title='bbox 2636 4597 2901 4604; x_wconf 50' lang='grc' dir='ltr'><strong>..Φ--.ὑ</strong></span> <span class='ocrx_word' id='word_1_278' title='bbox 2932 4599 2940 4604; x_wconf 73' lang='grc'>.</span> 
     </span>
    </p>
   </div>
   <div class='ocr_carea' id='block_1_12' title="bbox 914 4736 2405 4806">
    <p class='ocr_par' dir='ltr' id='par_1_12' title="bbox 914 4736 2405 4806">
     <span class='ocr_line' id='line_1_40' title="bbox 914 4736 2405 4806; baseline -0.007 -17"><span class='ocrx_word' id='word_1_279' title='bbox 914 4736 1291 4803; x_wconf 70' lang='grc' dir='ltr'><strong><em>’1ιοι-]οω.Τ.</em></strong></span> <span class='ocrx_word' id='word_1_280' title='bbox 1875 4736 1888 4806; x_wconf 58' lang='lat' dir='ltr'>fl</span> <span class='ocrx_word' id='word_1_281' title='bbox 2003 4739 2215 4806; x_wconf 55' lang='grc' dir='ltr'><strong>ἔω]</strong></span> <span class='ocrx_word' id='word_1_282' title='bbox 2253 4742 2405 4804; x_wconf 47' lang='lat'><strong>02⁷1,</strong></span> 
     </span>
    </p>
   </div>
  </div>
 </body>
</html>
