3517 5750
517 886 704 974 vnn]
1347 897 1706 950 Arrmrmx
1749 900 1796 952 1.
2488 887 2623 954 543

518 1075 684 1163 gica,
749 1095 900 1141 cum
963 1097 1070 1141 ars
1129 1080 1199 1143 et
1261 1080 1504 1141 natura
1568 1073 1947 1157 sufficiant;
2021 1072 2173 1142 volo
2236 1071 2433 1140 modo
2496 1073 2627 1140 sin·

519 1178 677 1264 gula
718 1200 836 1264 per
881 1177 1176 1244 ordinem
1221 1177 1542 1264 prosequi,
1592 1181 1660 1244 et
1721 1197 1963 1256 causas,
2012 1181 2081 1242 et
2131 1175 2405 1242 modum
2470 1175 2627 1242 dare

519 1280 594 1344 in
655 1279 1062 1368 particulari.
1156 1279 1290 1346 Sed
1333 1279 1670 1346 considero
1717 1279 1894 1366 quod
1938 1279 2012 1344 in
2062 1278 2347 1366 pellibus
2402 1301 2629 1367 capra-

519 1405 669 1447 rum
732 1388 800 1447 et
861 1383 1087 1448 ovium
1153 1403 1287 1446 non
1345 1381 1710 1448 traduntur
1776 1385 2025 1448 secreta
2084 1379 2389 1461 naturae,¹
2456 1386 2538 1447 ut
2588 1405 2630 1448 a

521 1484 816 1571 quolibet
861 1484 1341 1572 intelligantur,
1388 1484 1560 1550 sicut
1601 1483 1841 1548 volunt
1902 1481 2205 1549 Socrates
2256 1487 2325 1550 et
2372 1482 2631 1550 Aristo·-

523 1587 700 1652 teles.
776 1586 1000 1673 Atque
1044 1587 1323 1674 ipsemet
1353 1585 1746 1652 Aristoteles
1792 1585 1957 1651 dicit
2001 1585 2074 1650 in
2118 1585 2289 1651 libro
2333 1583 2630 1652 Secreto-

520 1710 686 1766 rum,
731 1687 908 1774 quod
953 1693 1123 1753 esset
1165 1688 1408 1754 fractor
1450 1687 1650 1774 sigilli
1696 1687 1998 1767 coelestis,
2027 1687 2087 1752 si
2122 1688 2631 1756 communicaret

516 1796 771 1856 secreta
826 1795 1089 1856 naturae
1142 1794 1210 1856 et
1259 1790 1465 1870 artis3
1527 1789 1893 1876 adjungens
1959 1789 2136 1876 quod
2197 1789 2413 1856 multa
2455 1789 2631 1856 mala

522 1897 891 1979 sequuntur
941 1914 1091 1958 eum
1139 1892 1254 1979 qui
1315 1891 1568 1958 revelat
1627 1896 1896 1958 secreta.
1992 1891 2323 1959 Caeterum
2392 1892 2463 1956 in
2508 1891 2631 1958 hoc

523 2015 678 2061 casu
738 1995 905 2061 dicit
949 1996 1028 2060 A.
1077 1992 1336 2062 Gellius
1393 1995 1468 2059 in
1527 1993 1699 2060 libro
1747 1991 2064 2060 Noctium
2117 1993 2493 2060 Atticarum
2546 1994 2629 2060 de

525 2097 872 2164 collatione
918 2097 1311 2185 sapientum,
1377 2095 1556 2183 quod
1603 2095 1886 2163 stultum
1940 2101 2041 2162 est
2096 2096 2279 2162 asino
2338 2095 2629 2184 praebere

524 2199 830 2278 lactucas,
897 2221 1103 2286 quum
1169 2200 1232 2266 ei
1300 2199 1630 2266 sufficiant
1697 2198 1941 2266 cardui.
2056 2198 2283 2285 Atque
2344 2199 2417 2264 in
2454 2199 2629 2266 ‹libro

529 2301 853 2388 Lapidum
898 2302 1222 2380 scribitur,
1275 2301 1450 2388 quod
1495 2323 1716 2368 rerum
1760 2301 2007 2366 minuit
2050 2301 2466 2387 majestatem
2512 2303 2627 2390 qui

525 2403 832 2490 divulgat
875 2404 1157 2489 mystica
1183 2427 1202 2484 ;
1240 2425 1360 2469 nec
1388 2409 1664 2469 manent
1695 2407 1947 2470 secreta
1976 2425 2255 2489 quorum
2286 2403 2485 2470 turba
2528 2412 2631 2471 est

525 2505 794 2572 conscia
905 2505 1014 2570 Ex
1073 2505 1393 2572 divisione
1453 2505 1780 2592 probabili
1837 2511 2059 2592 potest
2118 2506 2357 2594 vulgus
2418 2507 2631 2574 dividi

526 2607 598 2671 in
663 2607 1040 2694 oppositum
1105 2613 1338 2674 contra
1409 2607 1760 2695 sapientes.
1886 2607 2063 2672 Nam
2115 2607 2294 2694 quod
2362 2609 2631 2676 videtur

527 2709 832 2774 omnibus
893 2713 996 2775 est
1054 2730 1302 2788 verum,
1367 2714 1436 2776 et
1497 2710 1674 2797 quod
1738 2709 2147 2796 sapientibus
2192 2711 2511 2789 similiter,
2560 2716 2632 2778 et

526 2811 814 2878 maxime
859 2811 1059 2878 notis.
1154 2810 1332 2900 Ergo
1384 2812 1564 2899 quod
1614 2812 1933 2900 pluribus,
1965 2811 2091 2881 hoc
2134 2817 2237 2881 est
2288 2814 2513 2903 vulgO,
2556 2815 2629 2881 in

527 2920 848 3001 quantum
893 2915 1009 3002 huj
1017 2915 1272 2980 usmodi
1317 2915 1605 2998 videtur,
1672 2920 1937 3003 oportet
1980 2917 2159 3002 quod
2209 2918 2299 2983 sit
2341 2917 2580 2984 falsum
2610 2944 2624 2985 ε

525 3017 606 3083 de
651 3017 854 3104 vulgo
897 3017 1143 3105 loquor,
1188 3018 1366 3104 quod
1409 3022 1640 3085 contra
1682 3018 2012 3105 sapientes
2046 3019 2120 3083 in
2158 3019 2281 3086 hac
2310 3020 2631 3089 divisione

524 3119 852 3207 probabili
903 3120 1355 3208 distinguitur.
1446 3121 1624 3187 Nam
1677 3121 1752 3185 in
1802 3122 2257 3188 communibus
2310 3125 2633 3212 concepti-

524 3222 650 3287 bus
696 3223 902 3287 animi
945 3222 1296 3289 concordat
1339 3244 1487 3289 cum
1541 3223 1970 3310 sapientibus,
2014 3224 2129 3289 sed
2177 3224 2251 3289 in
2296 3226 2633 3313 principiis

521 3324 804 3410 propriis
877 3328 947 3389 et
1021 3323 1546 3389 conclusionibus
1619 3324 1866 3389 artium
1950 3329 2021 3390 et
2093 3325 2517 3391 scientiarum
2590 3350 2633 3393 a

523 3424 932 3512 sapientibus
1008 3424 1356 3505 discordat,
1425 3425 1733 3491 laborans
1750 3424 1779 3462 ²
1846 3426 2015 3491 circa
2079 3428 2499 3512 apparentias
2558 3428 2629 3493 in

523 3526 1053 3614 sophismatibus,
1119 3530 1190 3593 et
1256 3526 1625 3604 inutilibus,
1678 3528 1763 3593 de
1816 3526 2055 3613 quibus
2116 3528 2443 3615 sapientes
2493 3552 2629 3597 non

523 3633 772 3695 curant.
865 3629 950 3694 In
993 3628 1272 3717 propriis
1315 3629 1524 3718 igitur
1551 3628 1660 3697 vel
1711 3630 1977 3695 secretis
2006 3630 2247 3718 vulgus
2293 3637 2513 3715 errat3
2560 3638 2629 3699 et

523 3734 618 3798 sic
691 3732 1016 3797 dividitur
1089 3735 1318 3799 contra
1389 3731 1772 3819 sapientes3
1830 3731 1949 3797 sed
2023 3731 2097 3796 in
2172 3734 2629 3801 communibus

521 3834 729 3899 animi
788 3833 1338 3921 conceptionibus,
1393 3835 1518 3900 sub
1569 3832 1715 3921 lege
1769 3833 2067 3899 omnium
2120 3836 2511 3919 continetur,
2559 3844 2629 3905 et

523 3959 673 4004 cum
717 3936 1127 4023 sapientibus
1170 3936 1538 4002 concordat.
1633 3935 1767 4003 Sed
1812 3936 2185 4003 communia
2226 3940 2419 4025 parvi
2470 3946 2629 4008 sunt

520 4038 784 4119 valoris,
831 4059 952 4104 nec
995 4042 1267 4126 propter
1307 4060 1376 4103 33
1422 4038 1795 4124 quaerenda,
1856 4038 1971 4104 sed
2028 4044 2300 4126 propter
2344 4044 2630 4129 particu-

519 4141 689 4207 laria
731 4146 802 4207 et
844 4141 1120 4228 propria.
1213 4140 1347 4207 Sed
1393 4162 1590 4208 causa
1629 4139 1829 4227 hujus
1874 4140 2171 4208 latentiae
2216 4144 2405 4231 vulgi
2450 4147 2627 4233 apud

523 4264 750 4311 omnes
799 4242 1126 4329 sapientes
1169 4241 1316 4322 fuit,
1366 4244 1524 4330 quia
1573 4243 1814 4331 vulgus
1866 4242 2123 4311 deridet
2166 4246 2508 4333 sapientes,
2556 4253 2629 4314 et

590 4602 842 4670 ιιιιαιιυκε]
879 4604 912 4631 “
933 4600 1113 4652 Defuit
1144 4600 1200 4651 in
1223 4600 1324 4652 alio
1357 4614 1528 4651 exem-
1625 4601 1720 4651 bus
1761 4606 1815 4651 et
1856 4598 2137 4663 inutilibus,
2180 4602 2403 4656 colorant
2452 4620 2627 4659 caum

522 4683 696 4748 plari‚”
717 4682 786 4733 Η.
1625 4676 2029 4745 sophismatibus,
2048 4678 2163 4733 MS.

585 4763 607 4792 ⁸
627 4761 882 4831 laborans]
959 4774 1147 4813 vacans
1207 4756 1521 4825 sophismati-
