3517 5750
638 890 863 984 mm]
1424 910 1601 961 orus
1644 910 1964 960 mmmm.
2611 898 2742 966 279

632 1072 981 1139 Ptolomaei
1052 1074 1183 1139 fuit
1250 1072 1595 1139 undecimo
1640 1073 1979 1141 Kalendas
2043 1074 2312 1161 Aprilis,
2359 1078 2522 1139 tunc
2589 1080 2746 1141 ante

634 1176 803 1241 illud
875 1181 1137 1263 tempus
1210 1174 1343 1241 fuit
1413 1182 1595 1243 retro
1667 1177 1846 1242 hunc
1918 1177 2137 1243 locum
2227 1176 2442 1264 magis
2513 1197 2744 1243 versus

632 1278 953 1365 Aprilem,
1001 1283 1071 1345 et
1114 1277 1265 1345 ideo
1318 1278 1571 1345 decimo
1616 1277 1956 1345 Kalendas
1999 1278 2362 1347 secundum
2407 1277 2744 1365 probatio-

632 1402 782 1447 nem
830 1380 1192 1449 Ptolomaei.
1288 1380 1665 1448 Secundum
1707 1382 1834 1448 hoc
1877 1381 2086 1469 igitur
2129 1402 2267 1447 non
2324 1387 2484 1447 sunt
2541 1382 2745 1469 aequi-

628 1484 857 1551 noctia
898 1488 970 1551 et
1013 1482 1303 1551 solstitia
1352 1483 1511 1565 fixa,
1578 1504 1792 1572 neque
1859 1489 2020 1551 sunt
2087 1482 2230 1551 fixa
2289 1483 2423 1551 illis
2487 1484 2741 1566 diebus,

633 1586 877 1673 quibus
919 1608 1078 1653 usus
1120 1586 1255 1653 fuit
1298 1585 1581 1654 ecclesia.
1670 1585 1741 1651 Ν
1742 1608 1816 1653 ec
1857 1586 1990 1653 fuit
2034 1586 2505 1675 Hippocrates¹
2549 1587 2742 1677 longe

630 1712 677 1755 a
739 1689 1041 1771 veritate,
1109 1710 1489 1777 quanquam
1554 1690 1693 1776 ipse
1775 1688 1907 1756 fuit
1973 1695 2129 1757 ante
2193 1690 2532 1757 Christum
2593 1689 2744 1777 plus

632 1814 831 1879 quam
895 1793 1207 1861 trecentis
1278 1792 1513 1874 annis3
1610 1798 1680 1859 et
1752 1791 1903 1858 ideo
1977 1793 2198 1880 potuit
2270 1793 2741 1880 aequinoctium

630 1895 1037 1984 temporibus
1082 1895 1217 1962 suis
1259 1895 1461 1961 fuisse
1506 1898 1739 1961 octavo
1787 1894 2139 1977 Kalendas,
2187 1896 2296 1961 vel
2357 1917 2576 1983 prope,
2621 1896 2740 1963 sci-

630 1999 788 2067 licet
830 1999 1127 2087 septimo

720 2102 855 2169 Sed
898 2103 1173 2169 tertium
1215 2100 1684 2169 inconveniens
1726 2106 1832 2168 est
1874 2102 2068 2189 longe
2111 2101 2346 2190 majus.
2418 2100 2490 2167 N
2489 2122 2616 2183 am,
2662 2107 2742 2169 ut

631 2205 814 2293 prius
878 2210 1135 2273 tactum
1193 2210 1313 2285 est,
1360 2205 1609 2273 veritas
1660 2210 1766 2271 est
1809 2205 1987 2292 quod
2049 2204 2192 2271 sine
2256 2226 2471 2271 errore
2539 2205 2740 2273 debet

632 2307 892 2377 Pascha
934 2309 1250 2377 celebrari
1293 2309 1403 2376 die
1456 2307 1809 2375 Dominica
1853 2314 2004 2395 post
2067 2313 2374 2395 quartam
2419 2308 2739 2375 decimam

628 2410 856 2477 lunam
944 2434 1095 2500 quae
1182 2412 1525 2479 invenitur
1596 2411 1709 2477 vel
1781 2410 1855 2476 in
1929 2411 2327 2497 aequinoctio
2402 2410 2514 2476 vel
2585 2416 2739 2498 post

630 2515 1099 2603 aequinoctium
1194 2516 1485 2597 vernale,
1578 2518 1848 2603 propter
1951 2513 2481 2581 conformitatem
2575 2513 2740 2601 legis

631 2617 1027 2687 christianae
1119 2618 1207 2685 ad
1296 2619 1509 2707 legem
1630 2618 1992 2704 antiquam,
2078 2622 2345 2705 propter
2471 2616 2738 2685 Paschoe

628 2720 1131 2799 solemnitatem,
1207 2742 1357 2808 quae
1430 2720 1646 2809 primo
1720 2720 1853 2787 fuit
1927 2720 2002 2785 in
2077 2720 2252 2807 Lege
2311 2718 2593 2799 Veteri,¹¹
2669 2726 2739 2786 et

628 2824 961 2912 praecessit
1022 2824 1195 2892 sicut
1267 2824 1485 2912 figura
1562 2844 1754 2890 novae
1776 2821 1804 2860 ⁸
1883 2820 2169 2892 Paschae.
2285 2820 2456 2890 Cum
2529 2821 2739 2910 igitur

629 2927 877 2996 veritas
984 2932 1088 2996 est
1192 2927 1367 3014 quod
1476 2926 1948 3014 aequinoctium
2067 2927 2159 2992 sit
2265 2926 2465 2992 tertio
2573 2925 2736 2992 Idus

630 3028 879 3110 Martii,
948 3035 1019 3097 et
1090 3029 1401 3119 possibile
1458 3034 1565 3096 est
1635 3030 1814 3116 quod
1909 3029 2008 3096 ibi
2091 3029 2184 3098 sit
2263 3030 2424 3096 luna
2498 3033 2739 3116 quarta

630 3131 899 3214 decima,
944 3132 1193 3200 scilicet
1235 3132 1311 3200 in
1355 3137 1593 3219 quarto
1638 3131 1892 3198 decimo
1945 3152 2121 3198 anno
2181 3132 2352 3217 cycli
2417 3132 2736 3198 decenno-

628 3233 813 3315 valis,
880 3240 963 3302 ut
1026 3235 1243 3322 prima
1308 3238 1731 3322 computetur
1805 3233 2018 3321 pridie
2087 3233 2428 3300 Kalendas
2501 3234 2738 3300 Martii

628 3358 823 3424 super
866 3353 909 3404 o
950 3337 1231 3416 literam,
1294 3341 1559 3425 oportet
1621 3335 1801 3424 quod
1867 3336 1978 3402 die
2023 3334 2378 3402 Dominica
2433 3337 2738 3423 proxima

628 3444 781 3526 post
822 3438 1015 3506 illum
1059 3440 1236 3506 diem
1280 3439 1371 3506 sit
1423 3437 1679 3506 Pascha
1735 3438 2096 3504 secundum
2141 3439 2508 3506 veritatem.
2603 3438 2737 3505 Sed

628 3561 766 3607 non
808 3546 1027 3629 potest
1068 3542 1156 3610 ab
1199 3542 1325 3608 hac
1367 3547 1606 3628 quarta
1649 3541 1906 3607 decima
1967 3541 2129 3606 luna
2190 3541 2328 3606 dies
2388 3541 2739 3608 Dominica

628 3643 919 3732 elongari
962 3645 1110 3732 plus
1155 3665 1356 3731 quam
1398 3641 1637 3732 usque⁴
1680 3644 1770 3710 ad
1811 3643 2088 3710 tertium
2117 3643 2442 3710 decimum
2489 3643 2735 3710 Kalen—

628 3745 749 3813 das
790 3747 1059 3834 Aprilis,
1106 3753 1189 3814 ut
1229 3751 1417 3835 patet
1460 3747 1533 3813 in
1578 3746 1978 3814 kalendario
2073 3746 2208 3814 Sed
2251 3747 2376 3814 hoc
2419 3753 2522 3814 est
2581 3753 2736 3815 ante

626 3850 1049 3917 undecimum
1129 3850 1466 3917 Kalendas
1538 3850 1806 3937 Aprilis,
1897 3849 2016 3916 ubi
2103 3851 2391 3936 primum
2479 3849 2739 3917 Pascha

626 3952 913 4020 celebrat
977 3952 1289 4034 ecclesia3
1364 3973 1569 4039 quare
1626 3953 1701 4018 in
1761 3952 1881 4018 illo
1941 3973 2120 4018 anno
2190 3958 2426 4040 quanto
2485 3953 2736 4022 decimo

626 4055 794 4143 cycli
836 4078 973 4123 non
1016 4055 1456 4124 celebrabitur
1519 4055 1772 4121 Pascha
1843 4055 2201 4142 gloriosum
2246 4061 2542 4144 tempore
2599 4078 2733 4126 suo.

632 4157 724 4226 Et
796 4159 975 4227 idem
1040 4159 1283 4226 accidit
1352 4158 1427 4224 in
1490 4158 1694 4224 tertio
1757 4179 1935 4224 anno
1979 4159 2164 4244 cycli,
2228 4164 2309 4225 ut
2373 4165 2561 4248 patet
2617 4183 2737 4248 per

624 4283 899 4330 aureum
941 4283 1291 4328 numerum
1332 4260 1409 4327 in
1452 4257 1780 4327 Kalendis
1824 4261 2068 4328 Martii.
2128 4259 2308 4328 Nam
2349 4262 2735 4330 duodecimo

628 4363 964 4432 Kalendas
1007 4364 1277 4453 Aprilis,
1324 4364 1434 4431 vel
1478 4363 1663 4442 citra,
1726 4363 1857 4430 erit
1900 4361 2166 4430 Pascha.
2259 4363 2352 4430 Et
2419 4365 2734 4450 quoniam

692 4597 707 4632 ¹
730 4596 1091 4668 Ht‘ppocratee]
1128 4597 1427 4666 Hippocras,
1448 4603 1499 4650 et
1519 4611 1604 4648 su-
1797 4596 1817 4627 ³
1837 4594 1998 4662 novoe]
2035 4595 2174 4660 novi,
2197 4595 2259 4646 T.
2287 4597 2350 4648 B.

635 4694 742 4746 pra,
766 4679 828 4730 Τ.
1799 4675 1818 4704 ⁴
1833 4677 1948 4741 plus
1969 4692 2112 4742 quam
2133 4675 2310 4742 nsque]
2348 4675 2466 4741 nisi,
2491 4677 2553 4730 Τ.

692 4759 713 4790 ⁸
730 4757 861 4826 Leye
894 4756 1087 4824 Veteri]
1114 4755 1294 4811 Veteri
1313 4755 1467 4824 Lege,
1483 4755 1545 4810 Τ.
