3517 5750
918 852 1052 919 460
1682 864 1944 915 noenu
1987 864 2282 915 mcoms
2845 850 3035 938 [cAr.

910 1046 981 1109 et
1023 1060 1332 1107 nummus
1399 1040 1709 1129 longatur
1770 1040 1842 1105 in
1887 1040 2102 1128 prima
2166 1040 2443 1125 syllaba,
2507 1046 2586 1106 ut
2645 1042 3032 1108 differentia

910 1142 1121 1229 major
1158 1149 1471 1230 appareat
1514 1143 1691 1209 inter
1732 1141 1866 1221 illa,
1913 1150 1992 1210 ut
2027 1142 2362 1209 habentur
2389 1167 2432 1210 a
2475 1143 2524 1211 J
2525 1165 2775 1211 uvenoo
2817 1146 3030 1211 tertio

908 1246 1079 1313 libro
1122 1266 1317 1332 super
1372 1244 1790 1323 Matthaeum,
1841 1245 1958 1311 ubi
2013 1244 2178 1312 dicit
2221 1246 2363 1311 sie:

975 1402 1015 1433 “
1032 1394 1349 1485 Inspicite
1392 1396 1467 1461 in
1511 1418 1856 1461 nummum
1903 1395 2273 1484 sculptique
2317 1396 2732 1465 nomismatis
2773 1398 2968 1467 tera-'³

912 1548 1003 1615 Et
1047 1546 1358 1615 Sedulius
1402 1547 1473 1613 in
1520 1547 1757 1635 quinto
1803 1546 1974 1613 libro
2023 1546 2238 1636 [4342

1000 1693 1039 1724 “
1058 1688 1221 1755 Tam
1282 1687 1414 1755 diri
1458 1686 1719 1755 seeleris
1771 1694 1876 1755 ter
1919 1688 2092 1753 dena
2133 1688 2534 1756 nomismata
2577 1688 2841 1757 sumis’'

910 1844 1003 1911 Et
1048 1843 1371 1911 Horatius
1430 1842 1504 1909 in
1558 1842 1729 1909 libro
1791 1842 2242 1931 Epistolarum
2289 1842 2388 1930 [ii.
2423 1847 2482 1921 1,
2515 1844 2696 1931 234]
2727 1868 2744 1909 :

1088 1990 1127 2021 “
1148 1983 1409 2051 Retulit
1450 1988 1747 2071 aooeptos
1791 1982 2009 2071 regale
2052 1983 2377 2049 nomisma
2420 1982 2811 2072 Philippos.”

996 2134 1131 2201 Sed
1192 2134 1250 2200 si
1311 2156 1354 2199 a
1411 2153 1683 2198 nummo
1728 2132 2156 2211 derivaretur,
2219 2131 2556 2220 probabile
2606 2137 2776 2199 esset
2837 2136 3024 2220 quod

906 2236 1303 2323 longa-retur,
1366 2235 1537 2301 siout
1588 2256 1918 2301 nummus.
2013 2233 2192 2301 Raro
2259 2234 2436 2301 enim
2501 2234 2704 2302 habet
2745 2234 2854 2301 hio
2911 2236 3021 2301 in-

905 2339 1240 2419 stantiam,
1326 2341 1399 2405 et
1486 2342 1647 2403 tune
1740 2336 1911 2404 ratio
1973 2336 2200 2403 subest
2267 2337 2444 2424 quod
2511 2336 2618 2404 hic
2691 2336 3020 2425 assignari

904 2462 1039 2507 non
1080 2445 1313 2529 potest,
1361 2460 1481 2506 nee
1524 2462 1567 2505 a
1610 2438 1889 2505 Britone
1931 2440 2324 2527 assignatur.

994 2542 1064 2608 N
1064 2543 1339 2609 omisma
1380 2540 1736 2627 aliquando
1782 2540 2068 2607 sumitur
2111 2562 2231 2627 pro
2277 2540 2560 2619 denario,
2593 2544 2674 2607 ut
2716 2542 2790 2606 in
2819 2562 3020 2608 versu

906 2644 1159 2712 Sedulii
1202 2650 1405 2733 patet,
1467 2665 1599 2729 quo
1656 2643 1954 2729 loquitur
1999 2642 2081 2710 de
2125 2641 2174 2709 J
2175 2643 2328 2723 uda,
2373 2642 2488 2729 qui
2553 2642 2836 2730 triginta
2895 2664 3018 2709 no-

904 2747 1228 2827 mismata,
1273 2745 1347 2811 id
1390 2750 1493 2812 est
1537 2744 1852 2823 denarios,
1907 2749 2242 2833 acceperat
2287 2766 2405 2831 pro
2463 2744 2736 2810 Domini
2782 2746 3016 2811 vendi-

904 2848 1102 2914 tione.
1192 2846 1576 2934 Aliquando
1622 2869 1743 2936 pro
1788 2846 2172 2914 venditione
2231 2851 2304 2914 et
2353 2846 2692 2935 sculptura
2733 2847 3016 2930 nummi,

900 2959 981 3021 ut
1032 2953 1213 3041 apud
1275 2952 1324 3020 J
1326 2975 1699 3034 uveneu1n3
1788 2953 1967 3020 unde
2029 2953 2272 3020 dicitur
2332 2953 2592 3041 proprie
2669 2953 3015 3041 inscriptio

900 3076 1048 3141 quae
1093 3057 1195 3120 est
1238 3053 1309 3118 in
1352 3074 1624 3120 nummo
1654 3080 1671 3134 3
1752 3055 1926 3121 sicut
1971 3059 2159 3142 patet
2203 3053 2276 3119 in
2323 3053 2707 3142 Evangelio,
2749 3059 2822 3122 et
2863 3054 3015 3122 ideo

902 3179 1038 3223 non
1081 3161 1183 3222 est
1225 3155 1467 3222 mirum
1512 3157 1569 3220 si
1614 3155 1739 3222 hoe
1779 3157 1968 3223 Brito
2013 3177 2149 3222 non
2194 3155 2418 3243 potuit
2463 3156 2783 3243 ignorare.

990 3257 1299 3346 Hugutio
1358 3264 1429 3324 et
1474 3257 1666 3323 Brito
1724 3263 1953 3324 errant
2010 3257 2421 3324 horribiliter
2463 3257 2537 3322 in
2580 3257 2704 3324 hoe
2747 3258 3013 3324 nomine

898 3358 1141 3428 idiota.
1232 3358 1487 3426 Dicunt
1546 3360 1723 3426 enim
1782 3359 1960 3444 quod
2019 3358 2264 3425 dieitur
2307 3358 2394 3424 ab
2453 3356 2641 3438 idus,
2688 3359 2863 3445 quod
2907 3367 3012 3426 est

900 3463 1158 3542 divisio,
1200 3467 1270 3530 et
1320 3461 1483 3542 iota,
1515 3460 1692 3547 quod
1738 3466 1840 3526 est
1883 3459 2079 3527 litera
2121 3459 2477 3548 alphabeti,
2525 3459 2716 3546 quasi
2757 3459 3010 3527 divisus

898 3587 941 3629 a
1006 3563 1215 3630 literis
1266 3569 1338 3630 et
1396 3563 1792 3642 illiteratus3
1852 3561 1961 3627 vel
2027 3561 2114 3627 ab
2165 3561 2338 3628 idus
2395 3568 2467 3628 et
2509 3568 2637 3640 ota,
2684 3561 2862 3648 quod
2905 3569 3008 3628 est

898 3665 1089 3743 auris,
1144 3665 1332 3752 quasi
1376 3663 1630 3730 divisus
1690 3663 1777 3728 ab
1822 3685 1999 3744 aure,
2051 3662 2208 3748 quia
2253 3663 2432 3749 quod
2475 3663 2666 3729 audit
2713 3685 2851 3729 non
2901 3664 3005 3730 in-

897 3765 1184 3852 tellig-it3
1231 3766 1341 3831 vel
1386 3767 1471 3831 ab
1522 3764 1715 3847 otkis,
1748 3763 1925 3850 quod
1977 3770 2078 3831 est
2123 3785 2282 3846 moS,
2331 3769 2402 3831 et
2451 3765 2622 3846 idos,
2676 3766 2854 3852 quod
2903 3771 3009 3832 est

897 3868 1255 3953 proprium,
1338 3865 1525 3952 quasi
1602 3867 1918 3952 ignorans
1977 3887 2226 3932 morem
2310 3867 2591 3954 propriae
2665 3873 2860 3933 terrae
2937 3873 3008 3933 et

896 3968 1127 4055 gentis.
1219 3965 1350 4033 Sed
1410 3967 1696 4034 absurda
1742 3973 1903 4033 sunt
1959 3967 2102 4034 haee
2151 3973 2223 4033 et
2272 3967 2450 4034 falsa.
2541 3968 2720 4034 Nam
2761 3967 3000 4036 idiow

897 4073 999 4134 est
1028 4067 1385 4155 proprium,
1418 4090 1461 4134 a
1499 4090 1631 4156 quo
1669 4067 1961 4149 idimna,
1994 4069 2066 4134 id
2109 4073 2228 4151 est,
2260 4064 2626 4156 proprietas
2653 4069 2969 4156 loquendi

898 4175 967 4236 et
1025 4168 1287 4250 idiotes,
1344 4169 1458 4255 qui
1518 4170 1808 4235 naturali
1869 4192 2064 4236 sensu
2117 4175 2188 4236 et
2253 4171 2520 4258 propria
2579 4171 2809 4258 lingua
2849 4191 3008 4238 oon-

894 4277 1121 4338 tentus
1164 4276 1284 4351 est,
1330 4275 1401 4336 et
1462 4269 1555 4335 sic
1599 4276 1700 4338 est
1742 4269 1991 4350 idiota,
2057 4272 2230 4337 sieut
2291 4271 2520 4338 scribit
2585 4272 2802 4339 Beda²
2853 4273 3004 4340 Aet.

896 4379 1146 4462 quarto.
1239 4373 1653 4460 Quapropter
1696 4372 1924 4440 idiota
1966 4373 2207 4439 Latino
2270 4395 2450 4440 more
2493 4380 2849 4461 aooeptum,
2903 4381 3008 4442 est

964 4735 978 4766 ¹
1005 4735 1161 4802 idion]
1184 4735 1327 4799 idon,
1350 4735 1463 4788 MS.
1488 4735 1589 4786 and
1610 4735 1787 4787 below.
1895 4733 1908 4802 Ι
2009 4737 2030 4766 ¹
2048 4736 2221 4802 Beda]
2247 4752 2295 4802 p.
2321 4742 2436 4800 9⁵3,
2458 4739 2537 4788 ed.
2563 4737 2756 4805 Migne.
