3517 5750
916 822 1047 887 416
1674 833 1934 885 noenu
1977 832 2272 885 memus
2843 817 3022 907 [eff.

916 1012 1243 1077 Averroes
1286 1010 1355 1075 in
1420 1012 1551 1077 fine
1604 1010 1872 1077 secundi
1919 1010 2352 1099 Physicorum
2377 1009 2431 1076 :¹
2515 1010 2710 1090 Quod
2783 1010 3022 1097 aliquis

914 1118 1263 1179 consuetus
1336 1114 1423 1179 ad
1490 1114 1745 1200 aliquas
1812 1114 2222 1201 operationes
2271 1112 2428 1185 licet
2471 1112 2758 1193 nocivaS,
2823 1118 3020 1179 erunt

916 1216 979 1282 ei
1040 1214 1299 1297 faciles3
1358 1215 1507 1281 ideo
1550 1215 1764 1283 eredit
1816 1238 1928 1282 eas
1978 1238 2116 1281 esse
2175 1216 2392 1283 utiles.
2485 1214 2808 1281 Similiter
2869 1237 3018 1281 cum

914 1322 1219 1383 assuetus
1314 1318 1517 1384 fuerit
1607 1318 1868 1384 eredere
1933 1318 2130 1383 falsos
2213 1338 2546 1383 sermones
2617 1339 2662 1383 a
2734 1318 3020 1405 pueritia

914 1420 1042 1486 erit
1107 1419 1223 1485 illa
1297 1420 1697 1487 consuetudo
1759 1442 1960 1487 causa.
2031 1420 2120 1487 ad
2193 1420 2576 1508 negandum
2618 1420 3018 1499 veritatem3

914 1523 1085 1589 sicut
1146 1522 1415 1609 quidam
1477 1522 1778 1589 consueti
1842 1528 2004 1589 sunt
2047 1522 2382 1591 comedere
2447 1544 2782 1589 venenum
2844 1523 3020 1609 quod

914 1625 1165 1691 factum
1244 1630 1347 1691 est
1426 1626 1517 1691 eis
1592 1626 1794 1693 cibus.
1915 1625 2048 1693 Sed
2127 1648 2355 1692 sensus
2437 1626 2624 1712 vulgi
2704 1626 3018 1713 pessimus

915 1732 1033 1793 est.
1153 1726 1331 1793 Nam
1405 1748 1659 1815 semper
1732 1750 1775 1793 a.
1848 1727 2168 1816 principio
2252 1727 2487 1793 mundi
2561 1726 2802 1814 vulgus
2888 1726 3018 1793 fuit

917 1830 1203 1897 divisum
1278 1852 1321 1895 a
1394 1852 1587 1897 sensu
1678 1836 2074 1911 sanctorum,
2161 1834 2233 1895 et
2323 1829 2876 1917 philosophorum,
2952 1836 3020 1895 et

585 1942 857 2011 Mysten-ie·
916 1934 1317 2020 reliquorum
1376 1932 1768 2019 sapientum.
1869 1932 1964 1999 Et
2009 1954 2232 1999 omnes
2295 1932 2623 2019 sapientes
2683 1936 3018 2019 contemp-

582 2015 861 2131 2212&-
918 2042 1147 2101 serunt
1220 2036 1363 2101 vias
1436 2035 1638 2123 vulgi,
1716 2058 1838 2103 nec
1911 2036 2561 2103 communicaverunt
2635 2035 2838 2122 vulgo
2914 2058 3016 2101 ar-

583 2146 895 2199 caoedtothe
918 2161 1083 2205 cana.
1148 2138 1513 2226 sapientiae,
1573 2138 1731 2225 quia
1793 2138 2034 2225 vulgus
2091 2138 2232 2205 haee
2289 2158 2520 2225 capere
2577 2158 2714 2203 non
2779 2141 3015 2224 potest,

584 2213 779 2281 ''¹¹⁸²''
917 2242 1033 2307 sed
1090 2242 1361 2323 deridet,
1428 2246 1501 2307 et
1568 2240 1958 2307 abuteretur
2017 2240 2094 2305 in
2159 2240 2264 2307 sui
2323 2246 2396 2307 et
2467 2241 2842 2327 sapientum
2887 2240 3018 2305 dis-

916 2344 1230 2432 pendium
1298 2350 1368 2411 et
1429 2365 1802 2431 gravamen.
1926 2342 2100 2424 Quia
2173 2364 2308 2409 non
2393 2347 2553 2408 sunt
2645 2344 3018 2430 margarita}

916 2447 1257 2535 sapientiae
1316 2447 1697 2534 spargendas
1746 2447 1926 2511 inter
1983 2467 2228 2533 porcoS,
2275 2450 2448 2512 teste
2509 2444 2887 2532 Evangeli0,
2949 2450 3019 2511 et

916 2551 1197 2615 stultum
1266 2554 1367 2615 est
1431 2549 1614 2615 asino
1688 2548 1983 2635 praebere
2039 2549 2324 2615 lactucas
2385 2570 2535 2614 cum
2579 2548 2642 2613 ei
2687 2546 3020 2614 sufficiunt

916 2652 1159 2729 cardui,
1208 2656 1285 2716 ut
1346 2650 1415 2716 in
1474 2650 1598 2715 hoc
1648 2672 1844 2716 sensu
1903 2650 2131 2716 scribit
2223 2651 2308 2716 A.
2367 2650 2617 2717 Gellius
2637 2650 2665 2687 ⁹
2717 2650 2790 2715 in
2847 2650 3019 2716 libro

916 2754 1229 2819 Noctium
1312 2752 1701 2819 Atticorum.
1793 2752 1858 2818 N
1863 2776 1974 2819 am
2029 2775 2248 2819 rerum
2307 2753 2718 2839 majestatem
2775 2752 3020 2817 minuit

914 2856 1031 2942 qui
1097 2855 1329 2941 vulgat
1388 2856 1673 2942 mystica
1692 2881 1710 2938 ;
1777 2879 1934 2922 nam
1993 2879 2128 2922 non
2193 2860 2468 2922 manent
2529 2860 2794 2935 secreta,
2861 2878 3022 2943 quo·-

914 2981 1063 3023 rum
1130 2957 1328 3024 turba
1394 2959 1475 3022 fit
1540 2958 1817 3039 conscia,
1861 2963 1944 3025 ut
2010 2959 2083 3024 in
2143 2959 2314 3026 libro
2361 2959 2630 3048 Lapidis
2697 2959 3020 3026 edocetur.

918 3061 1196 3147 Propter
1240 3059 1415 3145 quod
1460 3059 1622 3124 dicit
1666 3060 2061 3128 Aristoteles
2106 3063 2282 3148 quod
2325 3067 2495 3128 esset
2538 3062 2782 3128 fractor
2823 3063 3022 3149 sigilli

916 3163 1196 3228 eoelestis
1256 3163 1313 3227 si
1374 3161 1680 3250 vulgaret
1723 3168 1974 3229 secreta
2033 3164 2394 3252 sapientiae,
2441 3171 2520 3230 ut
2587 3164 2895 3231 scribitur
2947 3167 3020 3230 in

918 3264 1156 3331 Codice
1203 3265 1629 3332 secretorum.
1739 3264 1832 3330 Et
1877 3266 2031 3331 licet
2075 3267 2216 3333 haec
2260 3267 2358 3332 ita
2401 3267 2558 3347 sint,
2615 3271 2841 3332 tamen
2899 3289 3020 3332 nos

914 3389 1167 3455 semper
1218 3367 1632 3454 implicamur
1690 3367 1794 3432 his
1839 3369 2076 3448 tribua,
2137 3375 2208 3434 et
2259 3369 2332 3434 in
2391 3391 2652 3435 omnem
2703 3369 3020 3436 defensio-

914 3493 1066 3536 nem
1142 3471 1377 3535 erroris
1444 3470 1653 3536 nostri
1716 3469 1972 3535 utimur
2017 3471 2118 3536 his
2185 3471 2400 3537 tribus
2465 3471 2764 3558 pessimis
2827 3495 3019 3557 argu-

914 3573 1195 3653 mentis;
1240 3571 1563 3649 videlieet,
1596 3573 1719 3638 hoc
1763 3573 2316 3660 exemplificatum
2361 3579 2479 3653 est,
2523 3573 2646 3640 hoc
2675 3573 3020 3660 vulgatum

914 3679 1033 3755 est,
1102 3675 1225 3741 hoe
1298 3679 1681 3739 consuetum
1754 3679 1872 3753 est,
1889 3676 2174 3762 —igitur
2246 3675 2608 3742 tenendum
2677 3683 2794 3754 est,
2871 3699 3020 3742 cum

913 3783 1139 3844 tamen
1184 3777 1554 3864 oppositum
1600 3777 1980 3861 quaestionis
2023 3779 2322 3864 sequitur
2363 3801 2444 3844 ex
2489 3779 2854 3865 praemissis.

580 3887 693 3938 The
710 3889 863 3939 ‹lx-ead
1008 3876 1359 3942 Effluerem
1402 3876 1833 3944 libentissime
1879 3878 2050 3944 cirea
2106 3881 2237 3946 ista
2281 3879 2412 3946 tria.
2456 3903 2573 3967 per
2615 3881 2832 3948 varias
2875 3903 3020 3946 sen-

579 3956 641 4070 ἓξ
655 3970 859 4071 ’ξρῗ
918 3979 1165 4046 tentias
1231 3984 1605 4046 sanctorum
1650 3987 1719 4046 et
1777 3981 2148 4068 sapientum
2205 3981 2552 4069 theologiae
2611 3987 2681 4048 et
2739 3983 3020 4070 philoso-

581 4037 697 4136 „fit
714 4036 804 4137 tgllle
918 4080 1093 4169 phiae
1138 4081 1197 4146 si
1239 4085 1501 4168 tempus
1564 4089 1772 4162 esset3
1836 4083 1951 4148 sed
1993 4088 2264 4170 cogente
2317 4085 2646 4150 brevitate
2705 4087 3019 4171 temporis

581 4161 811 4270 gazaz}
920 4183 1301 4270 compendio
1348 4189 1669 4250 tractatus
1714 4185 2076 4271 praesentis,
2137 4191 2397 4273 oportet
2457 4186 2562 4251 hic
2605 4187 2690 4251 ad
2735 4209 3019 4273 praesens

580 4287 771 4404 meu
916 4285 1268 4367 subsidere,
1318 4286 1477 4372 quia.
1519 4287 1757 4354 melius
1817 4291 1919 4354 est
1960 4289 2159 4354 modo
2202 4288 2446 4354 multos
2491 4289 2800 4354 articulos
2845 4291 3017 4376 sapi-

988 4602 1003 4634 *
1026 4601 1367 4668 Flamin-orum]
1395 4603 1428 4654 Ε
1454 4607 1535 4663 30,
1552 4603 1602 4652 b.
1676 4603 1792 4653 The
1808 4603 2072 4654 substance
2094 4611 2184 4654 not
2205 4603 2292 4655 the
2313 4605 2477 4654 words
2499 4603 2560 4653 of
2573 4602 2658 4653 the
2673 4602 2945 4672 quotation.

982 4682 1002 4712 ²
1026 4681 1089 4730 A.
1122 4681 1337 4748 Gellius]
1366 4682 1437 4735 iii.
1467 4687 1541 4734 16.
1568 4684 1593 4734 ἲ
