3517 5750
540 884 787 971 nvn]
1330 900 1507 949 orus
1550 900 1870 949 TERTIUM.
2514 878 2642 949 173

542 1075 683 1139 sine
756 1074 1137 1160 praejudicio
1219 1072 1506 1138 melioris
1586 1073 1951 1139 sententiae.
2073 1075 2296 1157 Atque
2371 1071 2644 1136 referam

544 1177 915 1263 opinionem
962 1177 1331 1262 aliquorum
1392 1176 1845 1262 theologorum
1905 1176 2241 1253 famosam,
2287 1174 2396 1239 cui
2441 1175 2642 1239 etiam

545 1280 1013 1365 sapientissimi
1083 1279 1213 1343 viri
1297 1278 1784 1345 concordabant
1873 1300 2035 1364 quos
2108 1277 2414 1354 vidimuS,
2491 1277 2644 1341 licet

548 1382 727 1447 viam
769 1381 1097 1447 universae
1143 1381 1357 1447 carnis
1402 1380 1679 1467 ingressi
1724 1386 1900 1446 sunt.

640 1483 833 1563 Quod
886 1489 1111 1551 autem
1172 1483 1547 1549 substantia
1598 1483 1962 1570 spiritualis
2013 1484 2260 1547 nullam
2323 1481 2643 1547 rationem
2669 1489 2888 1555 Inappli-

552 1586 752 1651 habet
802 1587 890 1651 ad
947 1587 1162 1651 locum
1220 1586 1639 1671 corporalem,
1706 1606 1918 1671 neque
1977 1585 2378 1650 divisibilem
2437 1606 2646 1669 neque
2670 1558 2898 1687 33ᾗῶ

552 1687 1038 1767 indivisibilem,
1102 1687 1534 1775 persuadetur
1592 1689 1701 1753 sic.
1818 1687 2027 1753 Locus
2073 1687 2441 1773 corporalis,
2490 1710 2648 1771 qua·
2673 1689 2881 1769 beipgsz
2905 1692 2980 1741 di·

550 1790 959 1878 litercunque
1027 1790 1459 1878 intelligatur,
1504 1790 1707 1856 habet
1748 1791 2110 1855 necessario
2155 1791 2358 1855 situm
2406 1790 2486 1854 de
2531 1812 2648 1855 suo
2673 1756 2968 1875 333}ng

554 1894 939 1975 intellectu3
1002 1894 1159 1981 quia
1218 1892 1421 1959 etiam
1486 1898 1772 1979 punctus
1834 1894 2040 1958 situm
2071 1892 2289 1971 habet,
2338 1898 2408 1958 et
2453 1892 2644 1972 linea,

557 2002 625 2063 et
696 1996 1083 2083 superficieS,
1160 2000 1231 2061 et
1306 2016 1553 2081 corpus.
1660 1994 1792 2059 Sed
1850 1995 2228 2061 substantia
2287 1995 2648 2081 spiritualis

554 2098 813 2164 nullum
876 2098 1081 2163 situm
1148 2102 1369 2184 potest
1432 2096 1688 2177 habere,
1767 2120 1924 2184 ergo
1999 2098 2248 2163 nullam
2324 2100 2648 2163 rationem

556 2201 757 2267 habet
797 2201 925 2266 loci
968 2202 1326 2287 corporalis.

650 2302 925 2381 Iterum,
972 2302 1348 2368 substantia
1392 2302 1757 2389 spiritualis
1799 2324 2009 2388 neque
2057 2302 2260 2368 habet
2304 2302 2651 2369 divisibili„

558 2412 767 2473 tatem
813 2406 1215 2491 quantitatis
1259 2426 1379 2471 nec
1424 2406 1671 2491 puncti,
1718 2406 1878 2490 quia
1921 2425 2040 2470 sua
2085 2410 2326 2471 natura
2373 2402 2508 2471 est¹
2555 2406 2656 2471 in-

561 2508 949 2587 divisibilis3
993 2530 1205 2593 neque
1251 2513 1353 2572 est
1397 2512 1739 2593 quantum,
1773 2530 1984 2593 neque
2031 2508 2354 2573 terminus
2399 2509 2656 2593 quanti.

561 2612 652 2677 Et
696 2611 793 2677 ita
852 2611 1025 2676 sicut
1069 2610 1491 2675 divisibilitas
1550 2610 1948 2694 quantitatis
2009 2632 2048 2674 a
2109 2611 2486 2675 substantia
2529 2611 2662 2698 spi-

560 2714 787 2779 rituali
854 2718 1170 2778 extranea
1235 2717 1349 2790 est,
1398 2711 1491 2777 sic
1549 2712 2044 2777 indivisibilitas
2110 2713 2385 2778 termini
2451 2736 2658 2799 quan-

563 2817 797 2897 tit-atis,
852 2816 969 2902 qui
1012 2820 1115 2881 est
1168 2818 1468 2902 punctus.
1564 2814 1697 2880 Sed
1760 2836 1909 2900 quae
1969 2838 2102 2882 non
2163 2822 2322 2882 sunt
2365 2816 2657 2903 ejusdem

563 2919 819 3006 generis
886 2940 1020 2984 non
1087 2918 1337 2982 habent
1403 2917 1487 2981 ad
1559 2917 1842 2981 invicem
1917 2920 2468 3004 comparationem
2541 2943 2661 2986 nec

565 3022 1052 3108 proportionem
1079 3045 1094 3100 ;
1142 3025 1222 3085 ut
1251 3040 1385 3084 non
1421 3023 1523 3084 est
1551 3021 1887 3105 proportio
1932 3020 2255 3087 albedinis
2283 3023 2370 3088 ad
2399 3023 2660 3102 lineam,

567 3145 689 3188 nec
750 3123 835 3188 ad
904 3120 1365 3200 substantiam,
1437 3142 1583 3206 quae
1646 3125 1806 3186 sunt
1873 3121 2282 3188 diversorum
2347 3146 2663 3210 generum

566 3224 1243 3313 praedicamentalium
1290 3245 1330 3288 a
1360 3244 1597 3309 genere
1642 3223 2008 3301 albedinis;
2053 3246 2172 3289 nec
2212 3225 2296 3290 ad
2329 3227 2661 3305 musicam,

566 3349 688 3393 nec
754 3328 841 3391 ad
909 3326 1337 3405 dulcedinem,
1408 3346 1555 3410 quae
1618 3330 1776 3390 sunt
1838 3326 1911 3388 in
1978 3326 2254 3390 diversis
2316 3328 2665 3411 generibus

566 3429 965 3495 subalternis
1016 3428 1103 3493 ad
1162 3427 1552 3493 albedinem.
1651 3426 2065 3513 Quapropter
2111 3432 2352 3491 natura
2419 3429 2664 3492 indivi-

566 3531 781 3596 sibilis
846 3530 1209 3617 spiritualis
1271 3529 1519 3594 nullam
1588 3528 2142 3616 comparationem
2217 3550 2336 3593 nec
2397 3551 2662 3615 propor-

568 3633 817 3699 tionem
860 3633 1133 3699 habebit
1178 3633 1263 3698 ad
1306 3630 1717 3697 indivisibile
1763 3630 1867 3696 vel
1919 3630 2250 3696 divisibile
2295 3631 2368 3696 in
2413 3637 2664 3716 quanto

568 3735 899 3822 corporali.

572 3871 575 3876 ·
663 3839 936 3916 Iterum,
982 3837 1105 3903 hoc
1136 3837 1438 3904 videmus
1484 3859 1599 3923 per
1642 3837 1858 3902 locum
1903 3859 1944 3902 a
1971 3836 2246 3923 majori:
2296 3858 2448 3903 nam
2490 3860 2668 3925 quae-

570 3943 723 4006 dam
782 3963 883 4006 res
942 3946 1101 4005 sunt
1160 3941 1538 4026 corporales,
1606 3940 1763 4025 quia
1823 3939 2256 4027 proprietates
2325 3963 2665 4028 corporum

571 4049 745 4124 sunt,
790 4048 859 4109 et
904 4047 1129 4108 tamen
1172 4063 1309 4108 non
1350 4043 1601 4108 habent
1644 4041 1934 4128 aliquam
1981 4046 2536 4130 comparationem
2582 4047 2669 4110 ad

571 4147 784 4212 locum
830 4144 1231 4231 corporalem
1268 4145 1351 4210 de
1395 4145 1499 4210 sui
1544 4149 1802 4225 natura,
1835 4150 1916 4210 ut
1960 4146 2181 4212 unitas
2227 4151 2298 4212 et
2341 4169 2666 4214 numerus

574 4248 728 4314 Non
772 4248 949 4312 enim
995 4247 1327 4333 contingit
1370 4247 1585 4312 dicere
1645 4246 1822 4332 quod
1869 4247 1950 4312 de
1995 4249 2099 4313 sui
2141 4254 2383 4314 natura
2426 4250 2670 4315 alicubi

572 4356 769 4430 sunt3
814 4350 970 4434 quia
1011 4371 1148 4414 non
1190 4348 1441 4414 habent
1485 4350 1689 4413 situm
1734 4370 1854 4414 nec
1899 4349 2306 4436 positionem.
2423 4352 2668 4417 Unitas

574 4453 749 4518 enim
808 4472 943 4516 non
1005 4456 1107 4517 est
1164 4451 1273 4516 hic
1331 4472 1450 4516 nec
1512 4449 1653 4531 ibi;
1722 4471 1936 4536 neque
1998 4450 2210 4515 locum
2271 4451 2668 4517 divisibilem

1442 4787 1459 4817 ²
1493 4785 1589 4854 m]
1628 4799 1726 4836 om.
1748 4785 1810 4836 B.
