3517 5750
554 866 724 954 1.1v.]
1334 876 1511 928 orus
1553 874 1886 926 mmmm.
2529 859 2657 925 205

553 1051 695 1137 ejus
736 1052 1123 1138 expectetur
1167 1048 1477 1116 Salvator
1518 1050 1754 1115 mundi
1782 1071 1800 1130 ;
1844 1068 1966 1114 nec
2005 1052 2178 1135 post,
2225 1046 2396 1111 sicut
2439 1042 2663 1111 Judaei

552 1154 766 1219 adhuc
847 1151 1141 1219 inaniter
1210 1157 1280 1217 et
1346 1174 1615 1219 erronee
1698 1154 2073 1239 expectant.
2197 1149 2290 1215 Et
2355 1146 2664 1214 Saraceni

554 1258 832 1323 credunt
920 1256 1098 1343 quod
1172 1261 1433 1342 tempus
1500 1255 1736 1321 salutis
1811 1252 2060 1340 incepit
2134 1251 2400 1339 quando
2475 1250 2666 1317 venit

556 1360 1023 1426 Machometus.
1116 1358 1578 1424 Necessarium
1624 1356 1834 1445 igitur
1878 1362 1979 1423 est
2023 1356 2214 1421 nobis
2246 1354 2662 1433 Christianis

554 1467 625 1528 et
667 1462 956 1527 maxime
999 1462 1341 1549 theologie,
1389 1466 1471 1526 ut
1514 1482 1631 1549 pro
1690 1465 1923 1525 nostra
1983 1458 2307 1537 utilitate,
2353 1462 2422 1523 et
2466 1456 2662 1522 intel-

555 1564 731 1629 lectu
791 1564 1171 1651 Scripturae,
1234 1568 1306 1628 et
1372 1569 1603 1629 contra
1676 1562 1723 1627 J
1726 1563 1970 1641 udaeos,
2021 1566 2090 1627 et
2137 1559 2515 1638 Saracenos,
2595 1564 2665 1625 et

558 1687 783 1731 omnes
848 1671 1057 1731 sectas
1123 1687 1483 1753 perversae,
1530 1665 1814 1730 sciamus
1879 1663 2240 1730 certificare
2315 1662 2662 1727 historiam

557 1767 725 1833 hanc
768 1790 811 1833 a
855 1768 1179 1855 principio
1223 1788 1429 1854 usque
1472 1768 1559 1833 ad
1620 1766 1980 1833 Christum.
2101 1766 2194 1833 Et
2237 1765 2386 1831 ideo
2431 1771 2665 1851 reputo

559 1891 811 1935 summe
856 1870 1229 1936 notandum
1291 1870 1491 1936 istud.
1606 1869 1741 1937 Sed
1786 1868 2036 1937 Textus
2083 1868 2281 1935 Sacer
2323 1890 2460 1934 non
2513 1890 2663 1934 con-

562 1972 787 2037 tinuat
850 1972 1025 2037 hanc
1091 1972 1457 2052 historiam,
1526 1978 1607 2038 ut
1690 1976 1880 2059 patet
1939 1994 2058 2058 per
2115 1976 2336 2037 totum
2401 1974 2666 2056 tempus

565 2096 607 2139 a
636 2074 1035 2141 Machabaeis
1077 2096 1287 2161 usque
1330 2074 1417 2139 ad
1462 2073 1920 2139 Nativitatem
1965 2073 2236 2139 Domini
2265 2098 2281 2153 ;
2330 2094 2452 2138 nec
2481 2073 2666 2138 chro-

564 2178 750 2257 nicae,
781 2199 903 2243 nec
944 2176 1241 2243 historiae
1280 2181 1658 2243 sanctorum
1689 2180 1759 2242 et
1801 2176 2080 2242 aliorum
2111 2175 2666 2262 historiographo-

564 2301 711 2343 rum
776 2280 1147 2345 certificant
1204 2279 1350 2345 hicz
1420 2300 1577 2344 nam
1623 2283 1899 2366 apparet
1965 2279 2038 2343 in
2082 2278 2176 2343 eis
2236 2278 2668 2344 contrarietas

562 2380 849 2463 infinita,
896 2386 967 2448 et
1024 2380 1493 2449 translationes
1567 2386 1796 2447 textus
1857 2380 2238 2448 discordant
2296 2381 2664 2448 crudeliter.

656 2484 1073 2571 Quapropter
1120 2483 1304 2549 istud
1368 2483 1798 2571 magnificum
1847 2482 2357 2549 fundamentum
2384 2482 2404 2520 ¹
2451 2483 2670 2570 Scrip-

564 2590 737 2651 turae
782 2590 851 2651 et
911 2585 1331 2673 professionis
1390 2585 1545 2651 fidei
1608 2584 2007 2653 Christianae
2070 2606 2207 2652 non
2251 2590 2472 2673 potest
2517 2586 2670 2652 sciri

566 2710 773 2773 usque
844 2690 930 2753 ad
993 2688 1135 2755 haec
1192 2694 1492 2775 tempora
1558 2710 1674 2775 per
1734 2688 1854 2753 has
1916 2688 2076 2753 vias.
2198 2688 2459 2754 Deinde
2531 2709 2668 2754 non

568 2790 780 2856 solum
824 2790 949 2856 hoc
1008 2794 1271 2880 tempus
1344 2792 1691 2880 ignoratur
1765 2796 2092 2879 quantum
2165 2792 2252 2857 ad
2325 2812 2665 2871 summam,

567 2893 683 2959 sed
726 2899 1026 2981 tempora
1070 2895 1483 2982 singularum
1526 2899 1806 2961 aetatum
1853 2899 1922 2960 et
1965 2895 2354 2962 saeculorum
2421 2895 2671 2962 habent

568 2995 900 3062 infinitam
974 2996 1481 3063 dubitationem.
1605 2995 1802 3077 Quod
1886 3019 2045 3064 vero
2117 3019 2296 3064 nunc
2370 2997 2515 3064 dixi
2589 2999 2670 3064 de

569 3118 823 3164 summa
897 3099 1213 3186 temporis
1288 3103 1357 3165 et
1432 3097 1742 3185 partium,
1833 3099 2058 3186 aliqua
2131 3101 2434 3187 exempla
2521 3122 2669 3188 pro-

570 3221 832 3285 ponam.

661 3301 1036 3368 Secundum
1080 3303 1257 3392 quod
1320 3304 1651 3391 reperitur
1692 3305 1764 3368 in
1811 3303 2128 3370 chronicis
2173 3304 2459 3386 Eusebii,
2509 3327 2670 3392 quas
2693 3324 2992 3377 Difficultie·

572 3403 1023 3492 Hieronymus
1097 3405 1461 3484 transtulit,
1537 3411 1606 3472 et
1664 3407 1905 3492 quibus
1963 3407 2252 3472 maxime
2311 3409 2526 3474 utitur
2569 3433 2668 3476 ec·
2693 3393 3004 3524 {hssssology

571 3505 786 3584 clesia,
832 3506 919 3573 ab
964 3507 1183 3572 Adam
1229 3527 1441 3594 usque
1487 3508 1575 3572 ad
1626 3507 2076 3574 Nativitatem
2140 3509 2407 3589 Christi,
2454 3511 2669 3598 primo
2693 3525 2755 3576 of
2768 3525 2940 3592 Serip-

569 3628 745 3672 anno
792 3607 1045 3674 Christi
1088 3608 1363 3691 incluso,
1408 3607 1585 3674 fiunt
1635 3610 1798 3675 anni
1841 3611 2037 3689 5198,
2083 3610 2332 3678 scilicet
2378 3613 2670 3699 quinque
2692 3599 2820 3642 ‘⁰¹⁹'

572 3709 783 3774 millia
842 3716 1109 3777 centum
1162 3712 1535 3798 nonaginta
1594 3717 1756 3778 octo,
1881 3710 2032 3778 Hoc
2093 3719 2320 3780 autem
2383 3715 2673 3782 declarat

570 3810 665 3877 sic
688 3810 747 3875 :²
822 3811 935 3878 Ab
1004 3813 1266 3878 Adamo
1340 3834 1547 3899 usque
1623 3815 1711 3879 ad
1772 3814 2122 3882 Diluvium
2182 3817 2344 3882 anni
2402 3818 2672 3884 fuerunt

572 3914 793 3992 2242;
870 3934 913 3978 a
957 3913 1237 3979 Diluvio
1282 3937 1493 4001 usque
1558 3917 1644 3980 ad
1688 3915 2048 3995 Abraham,
2133 3919 2264 3984 942
2340 3921 2542 4002 anni;
2587 3922 2672 3987 ab

568 4013 909 4080 Abraham
944 4037 1147 4102 usque
1175 4017 1263 4081 ad
1293 4015 1743 4084 Nativitatem
1775 4018 2042 4099 Christi,
2076 4023 2238 4086 anni
2271 4026 2460 4088 2014.
2539 4024 2672 4090 Sed

574 4137 724 4181 cum
768 4122 1085 4203 sequatur
1144 4117 1505 4184 editionem
1568 4119 2016 4208 Septuaginta
2077 4122 2550 4211 Interpretum,
2595 4133 2673 4193 ut

570 4219 843 4304 planum
887 4225 1005 4300 est,
1052 4223 1239 4306 patet
1280 4242 1399 4307 per
1460 4221 1994 4309 aggregationem
2054 4246 2379 4292 annorum
2447 4229 2672 4317 singu·
2771 4291 2782 4302 ,

568 4319 781 4386 larum
833 4323 1351 4408 generationum,
1412 4322 1802 4410 praedictum
1863 4324 2221 4393 Eusebium
2267 4331 2340 4394 in
2385 4332 2673 4397 secunda

571 4427 771 4489 aetate
800 4422 873 4488 in
902 4429 1167 4490 centum
1212 4424 1494 4511 triginta
1536 4425 1726 4492 annis
1773 4447 1910 4492 esse
1955 4428 2374 4497 diminutum.
2475 4433 2669 4514 Quod

634 4693 650 4725 ¹
674 4694 975 4760 nequitiem
1004 4693 1405 4764 fiendas-enum]
1452 4699 1568 4752 stm-
1734 4703 1755 4734 ²
1776 4700 1995 4755 declarat
2011 4703 2112 4771 εἰσ]
2151 4705 2304 4758 Praet.
2331 4707 2588 4764 Auctoris.

566 4772 855 4825 dementum
874 4775 1213 4842 magnificum,
1247 4777 1309 4832 Τ.
