<?xml version="1.0" encoding="UTF-8"?>
<!DOCTYPE html PUBLIC "-//W3C//DTD XHTML 1.0 Transitional//EN"
    "http://www.w3.org/TR/xhtml1/DTD/xhtml1-transitional.dtd">
<html xmlns="http://www.w3.org/1999/xhtml" xml:lang="en" lang="en">
 <head>
  <title>
</title>
<meta http-equiv="Content-Type" content="text/html;charset=utf-8" />
  <meta name='ocr-system' content='tesseract 3.04.00' />
  <meta name='ocr-capabilities' content='ocr_page ocr_carea ocr_par ocr_line ocrx_word'/>
</head>
<body>
  <div class='ocr_page' id='page_1' title='image "./frrogeribaconop00brewgoog_0211.png"; bbox 0 0 3517 5750; ppageno 0'>
   <div class='ocr_carea' id='block_1_1' title="bbox 816 848 2926 937">
    <p class='ocr_par' dir='ltr' id='par_1_1' title="bbox 816 848 2926 937">
     <span class='ocr_line' id='line_1_1' title="bbox 816 848 2926 937; baseline 0.002 -23"><span class='ocrx_word' id='word_1_1' title='bbox 816 852 901 915; x_wconf 83' lang='grc'><strong>98</strong></span> <span class='ocrx_word' id='word_1_2' title='bbox 1564 864 1824 915; x_wconf 67' lang='lat' dir='ltr'><strong>nocam</strong></span> <span class='ocrx_word' id='word_1_3' title='bbox 1871 861 2162 915; x_wconf 62' lang='lat' dir='ltr'><strong>naccum,</strong></span> <span class='ocrx_word' id='word_1_4' title='bbox 2741 848 2926 937; x_wconf 74' lang='lat' dir='ltr'><strong>[cAP.</strong></span> 
     </span>
    </p>
   </div>
   <div class='ocr_carea' id='block_1_2' title="bbox 472 1038 2927 3698">
    <p class='ocr_par' dir='ltr' id='par_1_2' title="bbox 822 1038 2927 1128">
     <span class='ocr_line' id='line_1_2' title="bbox 822 1038 2927 1128; baseline 0.003 -25"><span class='ocrx_word' id='word_1_5' title='bbox 822 1038 1001 1125; x_wconf 93' lang='lat' dir='ltr'><strong>quod</strong></span> <span class='ocrx_word' id='word_1_6' title='bbox 1076 1038 1415 1119; x_wconf 81' lang='lat' dir='ltr'><strong>intendit3</strong></span> <span class='ocrx_word' id='word_1_7' title='bbox 1490 1043 1560 1105; x_wconf 89' lang='lat' dir='ltr'><strong>et</strong></span> <span class='ocrx_word' id='word_1_8' title='bbox 1632 1041 1727 1106; x_wconf 86' lang='lat' dir='ltr'><strong>sic</strong></span> <span class='ocrx_word' id='word_1_9' title='bbox 1803 1043 1904 1105; x_wconf 88' lang='lat' dir='ltr'><strong>est</strong></span> <span class='ocrx_word' id='word_1_10' title='bbox 1979 1039 2110 1105; x_wconf 87' lang='lat' dir='ltr'><strong>hic.</strong></span> <span class='ocrx_word' id='word_1_11' title='bbox 2202 1039 2295 1104; x_wconf 85' lang='lat' dir='ltr'><strong>Et</strong></span> <span class='ocrx_word' id='word_1_12' title='bbox 2353 1061 2470 1128; x_wconf 89' lang='lat' dir='ltr'><strong>per</strong></span> <span class='ocrx_word' id='word_1_13' title='bbox 2512 1040 2683 1107; x_wconf 85' lang='lat' dir='ltr'><strong>hanc</strong></span> <span class='ocrx_word' id='word_1_14' title='bbox 2742 1042 2927 1110; x_wconf 82' lang='lat' dir='ltr'><strong>viam</strong></span> 
     </span>
    </p>

    <p class='ocr_par' dir='ltr' id='par_1_3' title="bbox 815 1142 2920 1224">
     <span class='ocr_line' id='line_1_3' title="bbox 815 1142 2920 1224; baseline 0.002 -17"><span class='ocrx_word' id='word_1_15' title='bbox 815 1142 1167 1207; x_wconf 87' lang='lat' dir='ltr'><strong>verborum</strong></span> <span class='ocrx_word' id='word_1_16' title='bbox 1244 1142 1607 1209; x_wconf 84' lang='lat' dir='ltr'><strong>aestimavit</strong></span> <span class='ocrx_word' id='word_1_17' title='bbox 1660 1142 1916 1209; x_wconf 86' lang='lat' dir='ltr'><strong>Avicen</strong></span> <span class='ocrx_word' id='word_1_18' title='bbox 1924 1164 2010 1207; x_wconf 89' lang='lat' dir='ltr'><strong>na</strong></span> <span class='ocrx_word' id='word_1_19' title='bbox 2063 1142 2134 1207; x_wconf 87' lang='lat' dir='ltr'><strong>in</strong></span> <span class='ocrx_word' id='word_1_20' title='bbox 2183 1147 2374 1208; x_wconf 85' lang='lat' dir='ltr'><strong>sexto</strong></span> <span class='ocrx_word' id='word_1_21' title='bbox 2449 1142 2518 1207; x_wconf 92' lang='lat' dir='ltr'>N</span> <span class='ocrx_word' id='word_1_22' title='bbox 2520 1144 2920 1224; x_wconf 83' lang='lat' dir='ltr'><strong>aturalium,¹</strong></span> 
     </span>
    </p>

    <p class='ocr_par' dir='ltr' id='par_1_4' title="bbox 818 1244 2927 1332">
     <span class='ocr_line' id='line_1_4' title="bbox 818 1244 2927 1332; baseline 0.002 -24"><span class='ocrx_word' id='word_1_23' title='bbox 818 1244 995 1331; x_wconf 92' lang='lat' dir='ltr'><strong>quod</strong></span> <span class='ocrx_word' id='word_1_24' title='bbox 1040 1244 1377 1331; x_wconf 85' lang='lat' dir='ltr'><strong>prophetae</strong></span> <span class='ocrx_word' id='word_1_25' title='bbox 1438 1249 1508 1310; x_wconf 89' lang='lat' dir='ltr'><strong>et</strong></span> <span class='ocrx_word' id='word_1_26' title='bbox 1567 1246 1898 1332; x_wconf 85' lang='lat' dir='ltr'><strong>sapientes</strong></span> <span class='ocrx_word' id='word_1_27' title='bbox 1956 1245 2220 1331; x_wconf 78' lang='lat' dir='ltr'><strong>antiqui</strong></span> <span class='ocrx_word' id='word_1_28' title='bbox 2280 1244 2662 1311; x_wconf 83' lang='lat' dir='ltr'><strong>alterabant</strong></span> <span class='ocrx_word' id='word_1_29' title='bbox 2720 1252 2927 1313; x_wconf 88' lang='lat' dir='ltr'><strong>mate-</strong></span> 
     </span>
    </p>

    <p class='ocr_par' dir='ltr' id='par_1_5' title="bbox 818 1347 2927 1434">
     <span class='ocr_line' id='line_1_5' title="bbox 818 1347 2927 1434; baseline 0.001 -21"><span class='ocrx_word' id='word_1_30' title='bbox 818 1348 987 1413; x_wconf 87' lang='lat' dir='ltr'><strong>riam</strong></span> <span class='ocrx_word' id='word_1_31' title='bbox 1016 1347 1263 1427; x_wconf 88' lang='lat' dir='ltr'><strong>mundi,</strong></span> <span class='ocrx_word' id='word_1_32' title='bbox 1312 1348 1397 1412; x_wconf 88' lang='lat' dir='ltr'><strong>ad</strong></span> <span class='ocrx_word' id='word_1_33' title='bbox 1440 1348 1701 1434; x_wconf 83' lang='lat' dir='ltr'><strong>pluvias</strong></span> <span class='ocrx_word' id='word_1_34' title='bbox 1731 1352 1803 1413; x_wconf 91' lang='lat' dir='ltr'><strong>et</strong></span> <span class='ocrx_word' id='word_1_35' title='bbox 1847 1348 2178 1415; x_wconf 85' lang='lat' dir='ltr'><strong>siccitates</strong></span> <span class='ocrx_word' id='word_1_36' title='bbox 2209 1352 2278 1413; x_wconf 89' lang='lat' dir='ltr'><strong>et</strong></span> <span class='ocrx_word' id='word_1_37' title='bbox 2306 1347 2472 1413; x_wconf 82' lang='lat' dir='ltr'><strong>alias</strong></span> <span class='ocrx_word' id='word_1_38' title='bbox 2505 1347 2927 1417; x_wconf 65' lang='lat' dir='ltr'><strong>alterationes</strong></span> 
     </span>
    </p>

    <p class='ocr_par' dir='ltr' id='par_1_6' title="bbox 482 1444 2926 1563">
     <span class='ocr_line' id='line_1_6' title="bbox 482 1444 2926 1563; baseline 0 -46"><span class='ocrx_word' id='word_1_39' title='bbox 482 1444 753 1563; x_wconf 44' lang='grc' dir='ltr'><strong>ἐξὲξ-01,</strong></span> <span class='ocrx_word' id='word_1_40' title='bbox 820 1450 1007 1517; x_wconf 61' lang='lat' dir='ltr'><strong>aeris.</strong></span> <span class='ocrx_word' id='word_1_41' title='bbox 1098 1450 1191 1516; x_wconf 91' lang='lat' dir='ltr'><strong>Et</strong></span> <span class='ocrx_word' id='word_1_42' title='bbox 1242 1450 1741 1517; x_wconf 81' lang='lat' dir='ltr'><strong>aestimaverunt</strong></span> <span class='ocrx_word' id='word_1_43' title='bbox 1801 1449 2175 1537; x_wconf 79' lang='lat' dir='ltr'><strong>philosophi</strong></span> <span class='ocrx_word' id='word_1_44' title='bbox 2227 1450 2406 1536; x_wconf 93' lang='lat' dir='ltr'><strong>quod</strong></span> <span class='ocrx_word' id='word_1_45' title='bbox 2452 1450 2544 1516; x_wconf 88' lang='lat' dir='ltr'><strong>sic</strong></span> <span class='ocrx_word' id='word_1_46' title='bbox 2596 1452 2926 1539; x_wconf 83' lang='lat' dir='ltr'><strong>contingit</strong></span> 
     </span>
    </p>

    <p class='ocr_par' dir='ltr' id='par_1_7' title="bbox 480 1552 2926 1641">
     <span class='ocr_line' id='line_1_7' title="bbox 480 1552 2926 1641; baseline 0.001 -22"><span class='ocrx_word' id='word_1_47' title='bbox 480 1578 681 1629; x_wconf 69' lang='lat' dir='ltr'><strong>chau-ms</strong></span> <span class='ocrx_word' id='word_1_48' title='bbox 822 1553 1079 1619; x_wconf 86' lang='lat' dir='ltr'><strong>allicere</strong></span> <span class='ocrx_word' id='word_1_49' title='bbox 1136 1554 1434 1621; x_wconf 90' lang='lat' dir='ltr'><strong>homines</strong></span> <span class='ocrx_word' id='word_1_50' title='bbox 1503 1559 1574 1619; x_wconf 91' lang='lat' dir='ltr'><strong>et</strong></span> <span class='ocrx_word' id='word_1_51' title='bbox 1640 1552 1956 1619; x_wconf 85' lang='lat' dir='ltr'><strong>animalia</strong></span> <span class='ocrx_word' id='word_1_52' title='bbox 2031 1553 2250 1635; x_wconf 84' lang='lat' dir='ltr'><strong>bruta,</strong></span> <span class='ocrx_word' id='word_1_53' title='bbox 2313 1558 2382 1618; x_wconf 89' lang='lat' dir='ltr'><strong>et</strong></span> <span class='ocrx_word' id='word_1_54' title='bbox 2457 1558 2807 1641; x_wconf 86' lang='lat' dir='ltr'><strong>serpentes,</strong></span> <span class='ocrx_word' id='word_1_55' title='bbox 2856 1560 2926 1621; x_wconf 90' lang='lat' dir='ltr'><strong>et</strong></span> 
     </span>
    </p>

    <p class='ocr_par' dir='ltr' id='par_1_8' title="bbox 474 1645 2926 1763">
     <span class='ocr_line' id='line_1_8' title="bbox 474 1645 2926 1763; baseline 0.001 -42"><span class='ocrx_word' id='word_1_56' title='bbox 474 1645 750 1763; x_wconf 49' lang='lat' dir='ltr'><strong>fflgofmi·</strong></span> <span class='ocrx_word' id='word_1_57' title='bbox 822 1656 1134 1722; x_wconf 72' lang='lat' dir='ltr'><strong>dracones</strong></span> <span class='ocrx_word' id='word_1_58' title='bbox 1210 1654 1293 1721; x_wconf 90' lang='lat' dir='ltr'><strong>de</strong></span> <span class='ocrx_word' id='word_1_59' title='bbox 1379 1655 1693 1735; x_wconf 83' lang='lat' dir='ltr'><strong>cavernis,</strong></span> <span class='ocrx_word' id='word_1_60' title='bbox 1775 1658 1844 1722; x_wconf 88' lang='lat' dir='ltr'><strong>et</strong></span> <span class='ocrx_word' id='word_1_61' title='bbox 1917 1656 2150 1743; x_wconf 81' lang='lat' dir='ltr'><strong>fugare</strong></span> <span class='ocrx_word' id='word_1_62' title='bbox 2223 1656 2582 1723; x_wconf 87' lang='lat' dir='ltr'><strong>secundum</strong></span> <span class='ocrx_word' id='word_1_63' title='bbox 2655 1657 2926 1723; x_wconf 87' lang='lat' dir='ltr'><strong>libitum</strong></span> 
     </span>
    </p>

    <p class='ocr_par' dir='ltr' id='par_1_9' title="bbox 614 1728 2924 1845">
     <span class='ocr_line' id='line_1_9' title="bbox 614 1728 2924 1845; baseline 0 -21"><span class='ocrx_word' id='word_1_64' title='bbox 614 1728 665 1768; x_wconf 56' lang='grc' dir='ltr'><strong>η’</strong></span> <span class='ocrx_word' id='word_1_65' title='bbox 818 1757 1157 1839; x_wconf 77' lang='lat' dir='ltr'><strong>hominis‚⁹</strong></span> <span class='ocrx_word' id='word_1_66' title='bbox 1186 1763 1256 1825; x_wconf 89' lang='lat' dir='ltr'><strong>et</strong></span> <span class='ocrx_word' id='word_1_67' title='bbox 1286 1759 1387 1824; x_wconf 91' lang='lat' dir='ltr'><strong>uti</strong></span> <span class='ocrx_word' id='word_1_68' title='bbox 1418 1759 1513 1825; x_wconf 88' lang='lat' dir='ltr'><strong>iis.</strong></span> <span class='ocrx_word' id='word_1_69' title='bbox 1607 1758 1700 1823; x_wconf 85' lang='lat' dir='ltr'><strong>Et</strong></span> <span class='ocrx_word' id='word_1_70' title='bbox 1743 1758 1853 1823; x_wconf 90' lang='lat' dir='ltr'><strong>hic</strong></span> <span class='ocrx_word' id='word_1_71' title='bbox 1903 1758 2117 1823; x_wconf 88' lang='lat' dir='ltr'><strong>oritur</strong></span> <span class='ocrx_word' id='word_1_72' title='bbox 2161 1779 2356 1824; x_wconf 87' lang='lat' dir='ltr'><strong>omne</strong></span> <span class='ocrx_word' id='word_1_73' title='bbox 2399 1780 2607 1845; x_wconf 84' lang='lat' dir='ltr'><strong>genus</strong></span> <span class='ocrx_word' id='word_1_74' title='bbox 2649 1758 2924 1825; x_wconf 82' lang='lat' dir='ltr'><strong>fascina-</strong></span> 
     </span>
    </p>

    <p class='ocr_par' dir='ltr' id='par_1_10' title="bbox 820 1860 2924 1949">
     <span class='ocr_line' id='line_1_10' title="bbox 820 1860 2924 1949; baseline 0.001 -23"><span class='ocrx_word' id='word_1_75' title='bbox 820 1861 1064 1942; x_wconf 83' lang='lat' dir='ltr'><strong>tionis3</strong></span> <span class='ocrx_word' id='word_1_76' title='bbox 1126 1882 1261 1927; x_wconf 91' lang='lat' dir='ltr'><strong>non</strong></span> <span class='ocrx_word' id='word_1_77' title='bbox 1306 1862 1483 1949; x_wconf 90' lang='lat' dir='ltr'><strong>quod</strong></span> <span class='ocrx_word' id='word_1_78' title='bbox 1526 1860 1872 1927; x_wconf 74' lang='lat' dir='ltr'><strong>fascinatio</strong></span> <span class='ocrx_word' id='word_1_79' title='bbox 1919 1860 2182 1927; x_wconf 86' lang='lat' dir='ltr'><strong>dicatur</strong></span> <span class='ocrx_word' id='word_1_80' title='bbox 2227 1882 2346 1948; x_wconf 87' lang='lat' dir='ltr'><strong>per</strong></span> <span class='ocrx_word' id='word_1_81' title='bbox 2389 1862 2600 1927; x_wconf 87' lang='lat' dir='ltr'><strong>solum</strong></span> <span class='ocrx_word' id='word_1_82' title='bbox 2646 1862 2924 1929; x_wconf 85' lang='lat' dir='ltr'><strong>verbum</strong></span> 
     </span>
    </p>

    <p class='ocr_par' dir='ltr' id='par_1_11' title="bbox 820 1962 2924 2051">
     <span class='ocr_line' id='line_1_11' title="bbox 820 1962 2924 2051; baseline 0 -22"><span class='ocrx_word' id='word_1_83' title='bbox 820 1963 1174 2030; x_wconf 74' lang='lat' dir='ltr'><strong>casualiter</strong></span> <span class='ocrx_word' id='word_1_84' title='bbox 1224 1963 1573 2051; x_wconf 88' lang='lat' dir='ltr'><strong>prolatum,</strong></span> <span class='ocrx_word' id='word_1_85' title='bbox 1622 1984 1760 2030; x_wconf 93' lang='lat' dir='ltr'><strong>non</strong></span> <span class='ocrx_word' id='word_1_86' title='bbox 1818 1962 1893 2028; x_wconf 89' lang='lat' dir='ltr'><strong>in</strong></span> <span class='ocrx_word' id='word_1_87' title='bbox 1937 1968 2232 2051; x_wconf 88' lang='lat' dir='ltr'><strong>tempore</strong></span> <span class='ocrx_word' id='word_1_88' title='bbox 2281 1962 2523 2031; x_wconf 81' lang='lat' dir='ltr'><strong>debitae</strong></span> <span class='ocrx_word' id='word_1_89' title='bbox 2581 1964 2924 2030; x_wconf 84' lang='lat' dir='ltr'><strong>constella-</strong></span> 
     </span>
    </p>

    <p class='ocr_par' dir='ltr' id='par_1_12' title="bbox 820 2066 2926 2153">
     <span class='ocr_line' id='line_1_12' title="bbox 820 2066 2926 2153; baseline 0.001 -22"><span class='ocrx_word' id='word_1_90' title='bbox 820 2066 1040 2147; x_wconf 83' lang='lat' dir='ltr'><strong>tionis,</strong></span> <span class='ocrx_word' id='word_1_91' title='bbox 1104 2088 1223 2133; x_wconf 85' lang='lat' dir='ltr'><strong>neo</strong></span> <span class='ocrx_word' id='word_1_92' title='bbox 1284 2088 1433 2133; x_wconf 89' lang='lat' dir='ltr'><strong>cum</strong></span> <span class='ocrx_word' id='word_1_93' title='bbox 1499 2066 1663 2132; x_wconf 86' lang='lat' dir='ltr'><strong>forti</strong></span> <span class='ocrx_word' id='word_1_94' title='bbox 1706 2067 2108 2153; x_wconf 80' lang='lat' dir='ltr'><strong>cogitatione</strong></span> <span class='ocrx_word' id='word_1_95' title='bbox 2153 2066 2409 2146; x_wconf 78' lang='lat' dir='ltr'><strong>animae,</strong></span> <span class='ocrx_word' id='word_1_96' title='bbox 2471 2071 2542 2133; x_wconf 91' lang='lat' dir='ltr'><strong>et</strong></span> <span class='ocrx_word' id='word_1_97' title='bbox 2601 2066 2926 2133; x_wconf 88' lang='lat' dir='ltr'><strong>desiderio</strong></span> 
     </span>
    </p>

    <p class='ocr_par' dir='ltr' id='par_1_13' title="bbox 820 2168 2920 2255">
     <span class='ocr_line' id='line_1_13' title="bbox 820 2168 2920 2255; baseline 0 -22"><span class='ocrx_word' id='word_1_98' title='bbox 820 2168 1199 2249; x_wconf 87' lang='lat' dir='ltr'><strong>confidenti,</strong></span> <span class='ocrx_word' id='word_1_99' title='bbox 1232 2174 1303 2235; x_wconf 92' lang='lat' dir='ltr'><strong>et</strong></span> <span class='ocrx_word' id='word_1_100' title='bbox 1348 2168 1721 2235; x_wconf 89' lang='lat' dir='ltr'><strong>intentione</strong></span> <span class='ocrx_word' id='word_1_101' title='bbox 1752 2172 1949 2249; x_wconf 79' lang='lat' dir='ltr'><strong>certa,</strong></span> <span class='ocrx_word' id='word_1_102' title='bbox 1995 2169 2112 2235; x_wconf 90' lang='lat' dir='ltr'><strong>sed</strong></span> <span class='ocrx_word' id='word_1_103' title='bbox 2163 2169 2250 2234; x_wconf 85' lang='lat' dir='ltr'><strong>ad</strong></span> <span class='ocrx_word' id='word_1_104' title='bbox 2291 2173 2531 2235; x_wconf 86' lang='lat' dir='ltr'><strong>nutum</strong></span> <span class='ocrx_word' id='word_1_105' title='bbox 2571 2168 2920 2255; x_wconf 89' lang='lat' dir='ltr'><strong>loquentis,</strong></span> 
     </span>
    </p>

    <p class='ocr_par' dir='ltr' id='par_1_14' title="bbox 818 2270 2920 2359">
     <span class='ocr_line' id='line_1_14' title="bbox 818 2270 2920 2359; baseline 0 -23"><span class='ocrx_word' id='word_1_106' title='bbox 818 2272 909 2337; x_wconf 87' lang='lat' dir='ltr'><strong>sic</strong></span> <span class='ocrx_word' id='word_1_107' title='bbox 967 2276 1071 2338; x_wconf 89' lang='lat' dir='ltr'><strong>est</strong></span> <span class='ocrx_word' id='word_1_108' title='bbox 1142 2274 1351 2339; x_wconf 78' lang='lat' dir='ltr'><strong>stulta</strong></span> <span class='ocrx_word' id='word_1_109' title='bbox 1410 2271 1860 2353; x_wconf 72' lang='lat' dir='ltr'><strong>consideratio,</strong></span> <span class='ocrx_word' id='word_1_110' title='bbox 1923 2276 1992 2337; x_wconf 90' lang='lat' dir='ltr'><strong>et</strong></span> <span class='ocrx_word' id='word_1_111' title='bbox 2051 2270 2322 2359; x_wconf 80' lang='lat' dir='ltr'><strong>magica,</strong></span> <span class='ocrx_word' id='word_1_112' title='bbox 2397 2277 2471 2337; x_wconf 91' lang='lat' dir='ltr'><strong>et</strong></span> <span class='ocrx_word' id='word_1_113' title='bbox 2528 2272 2920 2352; x_wconf 81' lang='lat' dir='ltr'><strong>vetularum,</strong></span> 
     </span>
    </p>

    <p class='ocr_par' dir='ltr' id='par_1_15' title="bbox 818 2376 2918 2463">
     <span class='ocr_line' id='line_1_15' title="bbox 818 2376 2918 2463; baseline 0 -23"><span class='ocrx_word' id='word_1_114' title='bbox 818 2380 888 2440; x_wconf 89' lang='lat' dir='ltr'><strong>et</strong></span> <span class='ocrx_word' id='word_1_115' title='bbox 948 2380 1142 2441; x_wconf 79' lang='lat' dir='ltr'><strong>extra</strong></span> <span class='ocrx_word' id='word_1_116' title='bbox 1186 2376 1774 2442; x_wconf 78' lang='lat' dir='ltr'><strong>considerationem</strong></span> <span class='ocrx_word' id='word_1_117' title='bbox 1835 2378 2227 2463; x_wconf 85' lang='lat' dir='ltr'><strong>sapientum,</strong></span> <span class='ocrx_word' id='word_1_118' title='bbox 2271 2380 2342 2443; x_wconf 85' lang='lat' dir='ltr'><strong>et</strong></span> <span class='ocrx_word' id='word_1_119' title='bbox 2385 2376 2555 2441; x_wconf 81' lang='lat' dir='ltr'><strong>nihil</strong></span> <span class='ocrx_word' id='word_1_120' title='bbox 2598 2381 2918 2463; x_wconf 88' lang='lat' dir='ltr'><strong>operetur,</strong></span> 
     </span>
    </p>

    <p class='ocr_par' dir='ltr' id='par_1_16' title="bbox 817 2478 2919 2566">
     <span class='ocr_line' id='line_1_16' title="bbox 817 2478 2919 2566; baseline 0 -23"><span class='ocrx_word' id='word_1_121' title='bbox 817 2500 936 2543; x_wconf 86' lang='lat' dir='ltr'><strong>nec</strong></span> <span class='ocrx_word' id='word_1_122' title='bbox 980 2479 1062 2544; x_wconf 87' lang='lat' dir='ltr'><strong>fit</strong></span> <span class='ocrx_word' id='word_1_123' title='bbox 1089 2478 1388 2565; x_wconf 59' lang='lat' dir='ltr'><strong>aliquid?</strong></span> <span class='ocrx_word' id='word_1_124' title='bbox 1420 2480 1553 2545; x_wconf 86' lang='lat' dir='ltr'><strong>nisi</strong></span> <span class='ocrx_word' id='word_1_125' title='bbox 1599 2478 1900 2546; x_wconf 88' lang='lat' dir='ltr'><strong>diabolus</strong></span> <span class='ocrx_word' id='word_1_126' title='bbox 1952 2483 2216 2566; x_wconf 76' lang='lat' dir='ltr'><strong>propter</strong></span> <span class='ocrx_word' id='word_1_127' title='bbox 2257 2484 2522 2565; x_wconf 85' lang='lat' dir='ltr'><strong>peccata</strong></span> <span class='ocrx_word' id='word_1_128' title='bbox 2579 2479 2919 2546; x_wconf 89' lang='lat' dir='ltr'><strong>hominum</strong></span> 
     </span>
    </p>

    <p class='ocr_par' dir='ltr' id='par_1_17' title="bbox 818 2578 2921 2669">
     <span class='ocr_line' id='line_1_17' title="bbox 818 2578 2921 2669; baseline 0.002 -24"><span class='ocrx_word' id='word_1_129' title='bbox 818 2585 1123 2667; x_wconf 87' lang='lat' dir='ltr'><strong>operetur</strong></span> <span class='ocrx_word' id='word_1_130' title='bbox 1180 2580 1483 2648; x_wconf 88' lang='lat' dir='ltr'><strong>latenter.</strong></span> <span class='ocrx_word' id='word_1_131' title='bbox 1606 2578 1739 2649; x_wconf 83' lang='lat' dir='ltr'><strong>Sed</strong></span> <span class='ocrx_word' id='word_1_132' title='bbox 1799 2582 1856 2647; x_wconf 88' lang='lat' dir='ltr'><strong>si</strong></span> <span class='ocrx_word' id='word_1_133' title='bbox 1915 2582 2200 2648; x_wconf 84' lang='lat' dir='ltr'><strong>virtutes</strong></span> <span class='ocrx_word' id='word_1_134' title='bbox 2247 2587 2532 2668; x_wconf 89' lang='lat' dir='ltr'><strong>quatuor</strong></span> <span class='ocrx_word' id='word_1_135' title='bbox 2589 2582 2921 2669; x_wconf 76' lang='lat' dir='ltr'><strong>praediotae</strong></span> 
     </span>
    </p>

    <p class='ocr_par' dir='ltr' id='par_1_18' title="bbox 818 2682 2924 2771">
     <span class='ocr_line' id='line_1_18' title="bbox 818 2682 2924 2771; baseline 0.001 -23"><span class='ocrx_word' id='word_1_136' title='bbox 818 2682 1243 2748; x_wconf 67' lang='lat' dir='ltr'><strong>concurrant*</strong></span> <span class='ocrx_word' id='word_1_137' title='bbox 1290 2704 1439 2749; x_wconf 89' lang='lat' dir='ltr'><strong>cum</strong></span> <span class='ocrx_word' id='word_1_138' title='bbox 1489 2684 1780 2771; x_wconf 89' lang='lat' dir='ltr'><strong>quinque</strong></span> <span class='ocrx_word' id='word_1_139' title='bbox 1829 2685 2316 2751; x_wconf 88' lang='lat' dir='ltr'><strong>conditionibus</strong></span> <span class='ocrx_word' id='word_1_140' title='bbox 2355 2685 2619 2764; x_wconf 73' lang='lat' dir='ltr'><strong>enimse,</strong></span> <span class='ocrx_word' id='word_1_141' title='bbox 2675 2685 2924 2751; x_wconf 86' lang='lat' dir='ltr'><strong>scilicet</strong></span> 
     </span>
    </p>

    <p class='ocr_par' dir='ltr' id='par_1_19' title="bbox 819 2783 2922 2873">
     <span class='ocr_line' id='line_1_19' title="bbox 819 2783 2922 2873; baseline 0.003 -25"><span class='ocrx_word' id='word_1_142' title='bbox 819 2783 980 2851; x_wconf 88' lang='lat' dir='ltr'><strong>forti</strong></span> <span class='ocrx_word' id='word_1_143' title='bbox 1026 2786 1445 2873; x_wconf 82' lang='lat' dir='ltr'><strong>cogitatione,</strong></span> <span class='ocrx_word' id='word_1_144' title='bbox 1498 2787 1822 2853; x_wconf 89' lang='lat' dir='ltr'><strong>desiderio</strong></span> <span class='ocrx_word' id='word_1_145' title='bbox 1868 2786 2265 2866; x_wconf 78' lang='lat' dir='ltr'><strong>vehementi,</strong></span> <span class='ocrx_word' id='word_1_146' title='bbox 2315 2786 2689 2853; x_wconf 83' lang='lat' dir='ltr'><strong>intentione</strong></span> <span class='ocrx_word' id='word_1_147' title='bbox 2743 2794 2922 2854; x_wconf 88' lang='lat' dir='ltr'><strong>certa</strong></span> 
     </span>
    </p>

    <p class='ocr_par' dir='ltr' id='par_1_20' title="bbox 820 2887 2918 2977">
     <span class='ocr_line' id='line_1_20' title="bbox 820 2887 2918 2977; baseline 0.001 -23"><span class='ocrx_word' id='word_1_148' title='bbox 820 2887 927 2954; x_wconf 86' lang='lat' dir='ltr'><strong>et⁵</strong></span> <span class='ocrx_word' id='word_1_149' title='bbox 952 2889 1147 2954; x_wconf 84' lang='lat' dir='ltr'><strong>firma</strong></span> <span class='ocrx_word' id='word_1_150' title='bbox 1195 2911 1327 2977; x_wconf 89' lang='lat' dir='ltr'><strong>spe,</strong></span> <span class='ocrx_word' id='word_1_151' title='bbox 1374 2890 1677 2957; x_wconf 86' lang='lat' dir='ltr'><strong>bonitate</strong></span> <span class='ocrx_word' id='word_1_152' title='bbox 1708 2891 1950 2958; x_wconf 74' lang='lat' dir='ltr'><strong>animae</strong></span> <span class='ocrx_word' id='word_1_153' title='bbox 1979 2891 2087 2957; x_wconf 84' lang='lat' dir='ltr'><strong>vel</strong></span> <span class='ocrx_word' id='word_1_154' title='bbox 2119 2891 2394 2971; x_wconf 88' lang='lat' dir='ltr'><strong>malitia,</strong></span> <span class='ocrx_word' id='word_1_155' title='bbox 2443 2894 2513 2955; x_wconf 90' lang='lat' dir='ltr'><strong>et</strong></span> <span class='ocrx_word' id='word_1_156' title='bbox 2554 2913 2704 2956; x_wconf 90' lang='lat' dir='ltr'><strong>cum</strong></span> <span class='ocrx_word' id='word_1_157' title='bbox 2747 2913 2918 2957; x_wconf 90' lang='lat' dir='ltr'><strong>com-</strong></span> 
     </span>
    </p>

    <p class='ocr_par' dir='ltr' id='par_1_21' title="bbox 817 2991 2918 3182">
     <span class='ocr_line' id='line_1_21' title="bbox 817 2991 2918 3080; baseline 0.002 -24"><span class='ocrx_word' id='word_1_158' title='bbox 817 2991 1123 3078; x_wconf 83' lang='lat' dir='ltr'><strong>plexione</strong></span> <span class='ocrx_word' id='word_1_159' title='bbox 1192 2995 1476 3080; x_wconf 90' lang='lat' dir='ltr'><strong>corporis</strong></span> <span class='ocrx_word' id='word_1_160' title='bbox 1519 2993 1697 3059; x_wconf 85' lang='lat' dir='ltr'><strong>mala</strong></span> <span class='ocrx_word' id='word_1_161' title='bbox 1739 2993 1849 3060; x_wconf 82' lang='lat' dir='ltr'><strong>vel</strong></span> <span class='ocrx_word' id='word_1_162' title='bbox 1907 2995 2097 3076; x_wconf 88' lang='lat' dir='ltr'><strong>bona,</strong></span> <span class='ocrx_word' id='word_1_163' title='bbox 2176 2998 2336 3060; x_wconf 88' lang='lat' dir='ltr'><strong>tunc</strong></span> <span class='ocrx_word' id='word_1_164' title='bbox 2411 2993 2538 3059; x_wconf 90' lang='lat' dir='ltr'><strong>erit</strong></span> <span class='ocrx_word' id='word_1_165' title='bbox 2597 2993 2918 3072; x_wconf 85' lang='lat' dir='ltr'><strong>alterati0,</strong></span> 
     </span>
     <span class='ocr_line' id='line_1_22' title="bbox 820 3096 2805 3182; baseline 0.001 -23"><span class='ocrx_word' id='word_1_166' title='bbox 820 3115 1211 3182; x_wconf 88' lang='lat' dir='ltr'><strong>quocunque</strong></span> <span class='ocrx_word' id='word_1_167' title='bbox 1258 3097 1455 3163; x_wconf 89' lang='lat' dir='ltr'><strong>modo</strong></span> <span class='ocrx_word' id='word_1_168' title='bbox 1508 3101 1796 3175; x_wconf 87' lang='lat' dir='ltr'><strong>vocetur,</strong></span> <span class='ocrx_word' id='word_1_169' title='bbox 1849 3117 1968 3164; x_wconf 89' lang='lat' dir='ltr'><strong>seu</strong></span> <span class='ocrx_word' id='word_1_170' title='bbox 2018 3096 2366 3163; x_wconf 76' lang='lat' dir='ltr'><strong>fascinatio</strong></span> <span class='ocrx_word' id='word_1_171' title='bbox 2413 3097 2554 3163; x_wconf 83' lang='lat' dir='ltr'><strong>sive</strong></span> <span class='ocrx_word' id='word_1_172' title='bbox 2605 3097 2805 3163; x_wconf 87' lang='lat' dir='ltr'><strong>aliud.</strong></span> 
     </span>
    </p>

    <p class='ocr_par' dir='ltr' id='par_1_22' title="bbox 481 3198 2920 3267">
     <span class='ocr_line' id='line_1_23' title="bbox 481 3198 2920 3267; baseline 0.005 -11"><span class='ocrx_word' id='word_1_173' title='bbox 481 3205 596 3257; x_wconf 78' lang='lat' dir='ltr'><strong>The</strong></span> <span class='ocrx_word' id='word_1_174' title='bbox 618 3208 736 3258; x_wconf 72' lang='lat' dir='ltr'><strong>sub-</strong></span> <span class='ocrx_word' id='word_1_175' title='bbox 910 3199 1003 3264; x_wconf 85' lang='lat' dir='ltr'><strong>Et</strong></span> <span class='ocrx_word' id='word_1_176' title='bbox 1048 3199 1153 3264; x_wconf 91' lang='lat' dir='ltr'><strong>hic</strong></span> <span class='ocrx_word' id='word_1_177' title='bbox 1197 3199 1411 3265; x_wconf 88' lang='lat' dir='ltr'><strong>oritur</strong></span> <span class='ocrx_word' id='word_1_178' title='bbox 1468 3205 1615 3266; x_wconf 91' lang='lat' dir='ltr'><strong>tota</strong></span> <span class='ocrx_word' id='word_1_179' title='bbox 1674 3198 2113 3266; x_wconf 81' lang='lat' dir='ltr'><strong>consideratio</strong></span> <span class='ocrx_word' id='word_1_180' title='bbox 2173 3199 2541 3266; x_wconf 85' lang='lat' dir='ltr'><strong>carminum</strong></span> <span class='ocrx_word' id='word_1_181' title='bbox 2585 3204 2656 3266; x_wconf 90' lang='lat' dir='ltr'><strong>et</strong></span> <span class='ocrx_word' id='word_1_182' title='bbox 2697 3200 2920 3267; x_wconf 86' lang='lat' dir='ltr'><strong>incan-</strong></span> 
     </span>
    </p>

    <p class='ocr_par' dir='ltr' id='par_1_23' title="bbox 472 3273 2918 3392">
     <span class='ocr_line' id='line_1_24' title="bbox 472 3273 2918 3392; baseline 0.002 -27"><span class='ocrx_word' id='word_1_183' title='bbox 472 3273 794 3392; x_wconf 51' lang='grc' dir='ltr'><strong>ξζζὲξὲᾏω</strong></span> <span class='ocrx_word' id='word_1_184' title='bbox 818 3300 1151 3368; x_wconf 89' lang='lat' dir='ltr'><strong>tationum</strong></span> <span class='ocrx_word' id='word_1_185' title='bbox 1196 3307 1267 3368; x_wconf 93' lang='lat' dir='ltr'><strong>et</strong></span> <span class='ocrx_word' id='word_1_186' title='bbox 1310 3303 1759 3370; x_wconf 86' lang='lat' dir='ltr'><strong>characterum</strong></span> <span class='ocrx_word' id='word_1_187' title='bbox 1787 3327 1806 3385; x_wconf 90' lang='lat'>;</span> <span class='ocrx_word' id='word_1_188' title='bbox 1852 3302 2011 3390; x_wconf 84' lang='lat' dir='ltr'><strong>quia</strong></span> <span class='ocrx_word' id='word_1_189' title='bbox 2053 3301 2456 3368; x_wconf 78' lang='lat' dir='ltr'><strong>characteres</strong></span> <span class='ocrx_word' id='word_1_190' title='bbox 2500 3308 2659 3368; x_wconf 87' lang='lat' dir='ltr'><strong>sunt</strong></span> <span class='ocrx_word' id='word_1_191' title='bbox 2685 3303 2918 3390; x_wconf 73' lang='lat' dir='ltr'><strong>figurae</strong></span> 
     </span>
    </p>

    <p class='ocr_par' dir='ltr' id='par_1_24' title="bbox 481 3378 2917 3492">
     <span class='ocr_line' id='line_1_25' title="bbox 481 3378 2917 3492; baseline -0.001 -20"><span class='ocrx_word' id='word_1_192' title='bbox 481 3421 536 3456; x_wconf 59' lang='grc' dir='ltr'><strong><em>Μ</em></strong></span> <span class='ocrx_word' id='word_1_193' title='bbox 560 3423 671 3472; x_wconf 84' lang='lat' dir='ltr'><strong>per-</strong></span> <span class='ocrx_word' id='word_1_194' title='bbox 745 3378 760 3405; x_wconf 68' lang='lat'><strong><em>⁹</em></strong></span> <span class='ocrx_word' id='word_1_195' title='bbox 818 3403 1159 3471; x_wconf 86' lang='lat' dir='ltr'><strong>literarum</strong></span> <span class='ocrx_word' id='word_1_196' title='bbox 1234 3406 1320 3471; x_wconf 85' lang='lat' dir='ltr'><strong>ad</strong></span> <span class='ocrx_word' id='word_1_197' title='bbox 1380 3405 1664 3472; x_wconf 86' lang='lat' dir='ltr'><strong>invicem</strong></span> <span class='ocrx_word' id='word_1_198' title='bbox 1726 3409 2141 3492; x_wconf 83' lang='lat' dir='ltr'><strong>congregatae</strong></span> <span class='ocrx_word' id='word_1_199' title='bbox 2205 3405 2277 3470; x_wconf 93' lang='lat' dir='ltr'><strong>in</strong></span> <span class='ocrx_word' id='word_1_200' title='bbox 2343 3405 2624 3492; x_wconf 85' lang='lat' dir='ltr'><strong>figuram</strong></span> <span class='ocrx_word' id='word_1_201' title='bbox 2698 3425 2917 3487; x_wconf 88' lang='lat' dir='ltr'><strong>unam,</strong></span> 
     </span>
    </p>

    <p class='ocr_par' dir='ltr' id='par_1_25' title="bbox 478 3477 2918 3608">
     <span class='ocr_line' id='line_1_26' title="bbox 478 3477 2918 3608; baseline 0 -36"><span class='ocrx_word' id='word_1_202' title='bbox 478 3477 659 3608; x_wconf 52' lang='lat' dir='ltr'><strong>{ffgffi</strong></span> <span class='ocrx_word' id='word_1_203' title='bbox 674 3482 727 3527; x_wconf 64' lang='grc' dir='ltr'><strong>ω</strong></span> <span class='ocrx_word' id='word_1_204' title='bbox 818 3509 1179 3573; x_wconf 89' lang='lat' dir='ltr'><strong>secundum</strong></span> <span class='ocrx_word' id='word_1_205' title='bbox 1224 3508 1401 3595; x_wconf 91' lang='lat' dir='ltr'><strong>quod</strong></span> <span class='ocrx_word' id='word_1_206' title='bbox 1447 3509 1685 3596; x_wconf 74' lang='lat' dir='ltr'><strong>aliquae</strong></span> <span class='ocrx_word' id='word_1_207' title='bbox 1728 3509 2035 3574; x_wconf 86' lang='lat' dir='ltr'><strong>nationes</strong></span> <span class='ocrx_word' id='word_1_208' title='bbox 2078 3507 2448 3574; x_wconf 88' lang='lat' dir='ltr'><strong>Orientales</strong></span> <span class='ocrx_word' id='word_1_209' title='bbox 2492 3507 2806 3589; x_wconf 87' lang='lat' dir='ltr'><strong>scribunt,</strong></span> <span class='ocrx_word' id='word_1_210' title='bbox 2837 3511 2918 3576; x_wconf 88' lang='lat' dir='ltr'><strong>ut</strong></span> 
     </span>
    </p>

    <p class='ocr_par' dir='ltr' id='par_1_26' title="bbox 816 3607 2912 3698">
     <span class='ocr_line' id='line_1_27' title="bbox 816 3607 2912 3698; baseline 0.001 -25"><span class='ocrx_word' id='word_1_211' title='bbox 816 3610 890 3673; x_wconf 90' lang='lat' dir='ltr'><strong>in</strong></span> <span class='ocrx_word' id='word_1_212' title='bbox 936 3613 1229 3676; x_wconf 86' lang='lat' dir='ltr'><strong>tractatu</strong></span> <span class='ocrx_word' id='word_1_213' title='bbox 1283 3609 1386 3676; x_wconf 88' lang='lat' dir='ltr'><strong>De</strong></span> <span class='ocrx_word' id='word_1_214' title='bbox 1438 3610 1819 3698; x_wconf 86' lang='lat' dir='ltr'><strong>regionibus</strong></span> <span class='ocrx_word' id='word_1_215' title='bbox 1888 3609 2129 3676; x_wconf 83' lang='lat' dir='ltr'><strong>Mundi</strong></span> <span class='ocrx_word' id='word_1_216' title='bbox 2193 3610 2546 3698; x_wconf 86' lang='lat' dir='ltr'><strong>conscripsi</strong></span> <span class='ocrx_word' id='word_1_217' title='bbox 2562 3607 2590 3646; x_wconf 81' lang='lat'>⁰</span> <span class='ocrx_word' id='word_1_218' title='bbox 2655 3611 2728 3675; x_wconf 89' lang='lat' dir='ltr'><strong>in</strong></span> <span class='ocrx_word' id='word_1_219' title='bbox 2779 3611 2912 3677; x_wconf 87' lang='lat' dir='ltr'><strong>fine</strong></span> 
     </span>
    </p>
   </div>
   <div class='ocr_carea' id='block_1_3' title="bbox 1915 3833 2919 3966">
    <p class='ocr_par' dir='ltr' id='par_1_27' title="bbox 1915 3833 2919 3966">
     <span class='ocr_line' id='line_1_28' title="bbox 1915 3833 2916 3898; baseline -0.001 -13"><span class='ocrx_word' id='word_1_220' title='bbox 1915 3839 1945 3863; x_wconf 82' lang='lat'><strong>‘⁸</strong></span> <span class='ocrx_word' id='word_1_221' title='bbox 1980 3835 2070 3885; x_wconf 85' lang='lat' dir='ltr'><strong>sed</strong></span> <span class='ocrx_word' id='word_1_222' title='bbox 2123 3833 2458 3898; x_wconf 81' lang='lat' dir='ltr'><strong>multiplicant</strong></span> <span class='ocrx_word' id='word_1_223' title='bbox 2522 3835 2680 3885; x_wconf 79' lang='lat' dir='ltr'><strong>lineas</strong></span> <span class='ocrx_word' id='word_1_224' title='bbox 2744 3849 2916 3886; x_wconf 76' lang='lat' dir='ltr'><strong>asceu-</strong></span> 
     </span>
     <span class='ocr_line' id='line_1_29' title="bbox 1917 3913 2919 3966; baseline 0 -1"><span class='ocrx_word' id='word_1_225' title='bbox 1917 3919 1947 3942; x_wconf 89' lang='lat'><strong>“</strong></span> <span class='ocrx_word' id='word_1_226' title='bbox 1979 3915 2158 3966; x_wconf 80' lang='lat' dir='ltr'><strong>dendo.</strong></span> <span class='ocrx_word' id='word_1_227' title='bbox 2259 3913 2458 3966; x_wconf 78' lang='lat' dir='ltr'><strong>Katsiae</strong></span> <span class='ocrx_word' id='word_1_228' title='bbox 2491 3914 2756 3965; x_wconf 77' lang='lat' dir='ltr'><strong>orientales</strong></span> <span class='ocrx_word' id='word_1_229' title='bbox 2793 3914 2919 3965; x_wconf 74' lang='lat' dir='ltr'><strong>scri-</strong></span> 
     </span>
    </p>
   </div>
   <div class='ocr_carea' id='block_1_4' title="bbox 816 3831 1818 3978">
    <p class='ocr_par' dir='ltr' id='par_1_28' title="bbox 816 3831 1818 3978">
     <span class='ocr_line' id='line_1_30' title="bbox 884 3831 1818 3900; baseline 0.003 -17"><span class='ocrx_word' id='word_1_230' title='bbox 884 3832 899 3863; x_wconf 85' lang='lat'>²</span> <span class='ocrx_word' id='word_1_231' title='bbox 923 3831 1269 3900; x_wconf 72' lang='lat' dir='ltr'><strong>Naturalium]</strong></span> <span class='ocrx_word' id='word_1_232' title='bbox 1324 3833 1597 3887; x_wconf 78' lang='lat' dir='ltr'><strong>Otherwise</strong></span> <span class='ocrx_word' id='word_1_233' title='bbox 1628 3834 1818 3886; x_wconf 71' lang='lat' dir='ltr'><strong>known</strong></span> 
     </span>
     <span class='ocr_line' id='line_1_31' title="bbox 816 3912 1483 3978; baseline 0 -14"><span class='ocrx_word' id='word_1_234' title='bbox 816 3927 871 3964; x_wconf 79' lang='lat' dir='ltr'><strong>as</strong></span> <span class='ocrx_word' id='word_1_235' title='bbox 892 3912 973 3964; x_wconf 86' lang='lat' dir='ltr'><strong>De</strong></span> <span class='ocrx_word' id='word_1_236' title='bbox 994 3913 1203 3976; x_wconf 81' lang='lat' dir='ltr'><strong>Anima,</strong></span> <span class='ocrx_word' id='word_1_237' title='bbox 1226 3915 1305 3966; x_wconf 85' lang='lat' dir='ltr'><strong>ch.</strong></span> <span class='ocrx_word' id='word_1_238' title='bbox 1327 3931 1377 3966; x_wconf 78' lang='lat' dir='ltr'><strong>v.</strong></span> <span class='ocrx_word' id='word_1_239' title='bbox 1406 3914 1483 3978; x_wconf 71' lang='grc' dir='ltr'><strong>(Ρ)</strong></span> 
     </span>
    </p>
   </div>
   <div class='ocr_carea' id='block_1_5' title="bbox 812 3991 1818 4772">
    <p class='ocr_par' dir='ltr' id='par_1_29' title="bbox 879 3991 1385 4059">
     <span class='ocr_line' id='line_1_32' title="bbox 879 3991 1385 4059; baseline 0.012 -19"><span class='ocrx_word' id='word_1_240' title='bbox 879 3995 901 4025; x_wconf 83' lang='lat'>²</span> <span class='ocrx_word' id='word_1_241' title='bbox 923 3991 1151 4059; x_wconf 72' lang='lat' dir='ltr'><strong>hominis]</strong></span> <span class='ocrx_word' id='word_1_242' title='bbox 1188 4009 1286 4045; x_wconf 86' lang='lat' dir='ltr'><strong>om.</strong></span> <span class='ocrx_word' id='word_1_243' title='bbox 1322 3993 1385 4046; x_wconf 90' lang='grc' dir='ltr'><strong>Τ.</strong></span> 
     </span>
    </p>

    <p class='ocr_par' dir='ltr' id='par_1_30' title="bbox 879 4071 1582 4138">
     <span class='ocr_line' id='line_1_33' title="bbox 879 4071 1582 4138; baseline -0.003 -15"><span class='ocrx_word' id='word_1_244' title='bbox 879 4075 902 4104; x_wconf 79' lang='lat'>⁸</span> <span class='ocrx_word' id='word_1_245' title='bbox 922 4089 1008 4124; x_wconf 83' lang='lat' dir='ltr'><strong>nec</strong></span> <span class='ocrx_word' id='word_1_246' title='bbox 1028 4075 1103 4136; x_wconf 71' lang='lat' dir='ltr'><strong>fit</strong></span> <span class='ocrx_word' id='word_1_247' title='bbox 1132 4071 1345 4138; x_wconf 70' lang='lat' dir='ltr'><strong>aliquid]</strong></span> <span class='ocrx_word' id='word_1_248' title='bbox 1386 4087 1483 4123; x_wconf 89' lang='lat' dir='ltr'><strong>om.</strong></span> <span class='ocrx_word' id='word_1_249' title='bbox 1518 4072 1582 4124; x_wconf 76' lang='lat' dir='ltr'><strong>T.</strong></span> 
     </span>
    </p>

    <p class='ocr_par' dir='ltr' id='par_1_31' title="bbox 880 4151 1760 4218">
     <span class='ocr_line' id='line_1_34' title="bbox 880 4151 1760 4218; baseline 0 -16"><span class='ocrx_word' id='word_1_250' title='bbox 880 4153 899 4182; x_wconf 84' lang='lat'><strong>⁴</strong></span> <span class='ocrx_word' id='word_1_251' title='bbox 922 4152 1235 4218; x_wconf 68' lang='lat' dir='ltr'><strong>concurrant]</strong></span> <span class='ocrx_word' id='word_1_252' title='bbox 1274 4158 1667 4215; x_wconf 70' lang='lat' dir='ltr'><strong>contram-rant,</strong></span> <span class='ocrx_word' id='word_1_253' title='bbox 1700 4151 1760 4202; x_wconf 84' lang='lat' dir='ltr'><strong>B.</strong></span> 
     </span>
    </p>

    <p class='ocr_par' dir='ltr' id='par_1_32' title="bbox 880 4231 1222 4295">
     <span class='ocr_line' id='line_1_35' title="bbox 880 4231 1222 4295; baseline -0.003 -15"><span class='ocrx_word' id='word_1_254' title='bbox 880 4232 901 4260; x_wconf 79' lang='lat'>⁸</span> <span class='ocrx_word' id='word_1_255' title='bbox 921 4231 993 4295; x_wconf 74' lang='lat' dir='ltr'><strong>et]</strong></span> <span class='ocrx_word' id='word_1_256' title='bbox 1030 4245 1128 4283; x_wconf 87' lang='lat' dir='ltr'><strong>om.</strong></span> <span class='ocrx_word' id='word_1_257' title='bbox 1162 4231 1222 4281; x_wconf 88' lang='lat' dir='ltr'><strong>B.</strong></span> 
     </span>
    </p>

    <p class='ocr_par' dir='ltr' id='par_1_33' title="bbox 812 4309 1818 4772">
     <span class='ocr_line' id='line_1_36' title="bbox 878 4309 1818 4378; baseline 0.003 -19"><span class='ocrx_word' id='word_1_258' title='bbox 878 4309 901 4337; x_wconf 78' lang='lat'>⁸</span> <span class='ocrx_word' id='word_1_259' title='bbox 920 4309 1214 4378; x_wconf 58' lang='lat' dir='ltr'><strong>conscripta]</strong></span> <span class='ocrx_word' id='word_1_260' title='bbox 1289 4315 1319 4340; x_wconf 81' lang='lat'><strong>‘⁸</strong></span> <span class='ocrx_word' id='word_1_261' title='bbox 1342 4309 1544 4361; x_wconf 77' lang='lat' dir='ltr'><strong>Tartari</strong></span> <span class='ocrx_word' id='word_1_262' title='bbox 1592 4311 1818 4362; x_wconf 82' lang='lat' dir='ltr'><strong>scribunt</strong></span> 
     </span>
     <span class='ocr_line' id='line_1_37' title="bbox 814 4390 1818 4452; baseline 0.001 -12"><span class='ocrx_word' id='word_1_263' title='bbox 814 4390 1818 4452; x_wconf 70' lang='lat' dir='ltr'><strong>“asursumindeorsmetasinis·</strong></span> 
     </span>
     <span class='ocr_line' id='line_1_38' title="bbox 815 4469 1818 4534; baseline 0.001 -14"><span class='ocrx_word' id='word_1_264' title='bbox 815 4473 844 4497; x_wconf 81' lang='lat'><strong>‘⁸</strong></span> <span class='ocrx_word' id='word_1_265' title='bbox 877 4477 959 4520; x_wconf 83' lang='lat' dir='ltr'><strong>tra</strong></span> <span class='ocrx_word' id='word_1_266' title='bbox 978 4470 1035 4519; x_wconf 86' lang='lat' dir='ltr'><strong>in</strong></span> <span class='ocrx_word' id='word_1_267' title='bbox 1054 4470 1285 4520; x_wconf 76' lang='lat' dir='ltr'><strong>dextram</strong></span> <span class='ocrx_word' id='word_1_268' title='bbox 1307 4469 1641 4534; x_wconf 82' lang='lat' dir='ltr'><strong>multiplicant</strong></span> <span class='ocrx_word' id='word_1_269' title='bbox 1660 4470 1818 4520; x_wconf 79' lang='lat' dir='ltr'><strong>lineas</strong></span> 
     </span>
     <span class='ocr_line' id='line_1_39' title="bbox 812 4548 1817 4614; baseline 0 -15"><span class='ocrx_word' id='word_1_270' title='bbox 812 4551 843 4575; x_wconf 79' lang='lat'><strong>‘⁸</strong></span> <span class='ocrx_word' id='word_1_271' title='bbox 876 4557 928 4599; x_wconf 86' lang='lat' dir='ltr'><strong>et</strong></span> <span class='ocrx_word' id='word_1_272' title='bbox 958 4549 1148 4614; x_wconf 81' lang='lat' dir='ltr'><strong>legunt.</strong></span> <span class='ocrx_word' id='word_1_273' title='bbox 1214 4548 1411 4601; x_wconf 82' lang='lat' dir='ltr'><strong>Thebet</strong></span> <span class='ocrx_word' id='word_1_274' title='bbox 1440 4548 1665 4600; x_wconf 77' lang='lat' dir='ltr'><strong>scribunt</strong></span> <span class='ocrx_word' id='word_1_275' title='bbox 1688 4549 1817 4600; x_wconf 86' lang='lat' dir='ltr'><strong>sicut</strong></span> 
     </span>
     <span class='ocr_line' id='line_1_40' title="bbox 814 4627 1818 4694; baseline 0.003 -17"><span class='ocrx_word' id='word_1_276' title='bbox 814 4631 847 4656; x_wconf 88' lang='lat'><strong>“</strong></span> <span class='ocrx_word' id='word_1_277' title='bbox 876 4643 970 4678; x_wconf 88' lang='lat' dir='ltr'><strong>nos</strong></span> <span class='ocrx_word' id='word_1_278' title='bbox 1035 4635 1087 4679; x_wconf 88' lang='lat' dir='ltr'><strong>et</strong></span> <span class='ocrx_word' id='word_1_279' title='bbox 1138 4627 1325 4680; x_wconf 81' lang='lat' dir='ltr'><strong>habent</strong></span> <span class='ocrx_word' id='word_1_280' title='bbox 1377 4627 1565 4694; x_wconf 76' lang='lat' dir='ltr'><strong>figuras</strong></span> <span class='ocrx_word' id='word_1_281' title='bbox 1629 4628 1818 4680; x_wconf 80' lang='lat' dir='ltr'><strong>similes</strong></span> 
     </span>
     <span class='ocr_line' id='line_1_41' title="bbox 812 4706 1814 4772; baseline 0.004 -16"><span class='ocrx_word' id='word_1_282' title='bbox 812 4707 845 4733; x_wconf 89' lang='lat'><strong>“</strong></span> <span class='ocrx_word' id='word_1_283' title='bbox 880 4707 1076 4758; x_wconf 76' lang='lat' dir='ltr'><strong>nostris.</strong></span> <span class='ocrx_word' id='word_1_284' title='bbox 1148 4706 1352 4772; x_wconf 77' lang='lat' dir='ltr'><strong>Tangat</strong></span> <span class='ocrx_word' id='word_1_285' title='bbox 1381 4708 1607 4760; x_wconf 80' lang='lat' dir='ltr'><strong>scribunt</strong></span> <span class='ocrx_word' id='word_1_286' title='bbox 1626 4724 1660 4758; x_wconf 81' lang='lat' dir='ltr'><strong>a</strong></span> <span class='ocrx_word' id='word_1_287' title='bbox 1689 4709 1814 4760; x_wconf 84' lang='lat' dir='ltr'><strong>dex·</strong></span> 
     </span>
    </p>
   </div>
   <div class='ocr_carea' id='block_1_6' title="bbox 1821 3992 2920 4775">
    <p class='ocr_par' dir='ltr' id='par_1_34' title="bbox 1821 3992 2920 4775">
     <span class='ocr_line' id='line_1_42' title="bbox 1915 3992 2920 4058; baseline 0 -13"><span class='ocrx_word' id='word_1_288' title='bbox 1915 3999 1943 4022; x_wconf 78' lang='lat'><strong>‘⁶</strong></span> <span class='ocrx_word' id='word_1_289' title='bbox 1977 3995 2104 4045; x_wconf 86' lang='lat' dir='ltr'><strong>bunt</strong></span> <span class='ocrx_word' id='word_1_290' title='bbox 2140 4008 2257 4045; x_wconf 87' lang='lat' dir='ltr'><strong>cum</strong></span> <span class='ocrx_word' id='word_1_291' title='bbox 2277 3992 2538 4058; x_wconf 76' lang='lat' dir='ltr'><strong>punctorio</strong></span> <span class='ocrx_word' id='word_1_292' title='bbox 2575 4008 2674 4057; x_wconf 87' lang='lat' dir='ltr'><strong>quo</strong></span> <span class='ocrx_word' id='word_1_293' title='bbox 2703 3993 2920 4058; x_wconf 77' lang='lat' dir='ltr'><strong>pingunt</strong></span> 
     </span>
     <span class='ocr_line' id='line_1_43' title="bbox 1821 4071 2918 4141; baseline 0.003 -21"><span class='ocrx_word' id='word_1_294' title='bbox 1821 4109 1828 4120; x_wconf 89' lang='lat'><strong>.</strong></span> <span class='ocrx_word' id='word_1_295' title='bbox 1913 4081 1945 4106; x_wconf 77' lang='lat'><strong>‘⁴</strong></span> <span class='ocrx_word' id='word_1_296' title='bbox 1977 4074 2207 4141; x_wconf 62' lang='lat' dir='ltr'><strong>pieton-ee,</strong></span> <span class='ocrx_word' id='word_1_297' title='bbox 2227 4080 2280 4124; x_wconf 85' lang='lat' dir='ltr'><strong>et</strong></span> <span class='ocrx_word' id='word_1_298' title='bbox 2312 4071 2504 4123; x_wconf 63' lang='lat' dir='ltr'><strong>ficiunt</strong></span> <span class='ocrx_word' id='word_1_299' title='bbox 2532 4071 2588 4121; x_wconf 92' lang='lat' dir='ltr'><strong>in</strong></span> <span class='ocrx_word' id='word_1_300' title='bbox 2621 4085 2722 4122; x_wconf 80' lang='lat' dir='ltr'><strong>una</strong></span> <span class='ocrx_word' id='word_1_301' title='bbox 2753 4071 2918 4139; x_wconf 74' lang='lat' dir='ltr'><strong>figura</strong></span> 
     </span>
     <span class='ocr_line' id='line_1_44' title="bbox 1916 4149 2917 4220; baseline -0.001 -16"><span class='ocrx_word' id='word_1_302' title='bbox 1916 4157 1948 4182; x_wconf 71' lang='lat'><strong>‘³</strong></span> <span class='ocrx_word' id='word_1_303' title='bbox 1977 4154 2144 4220; x_wconf 84' lang='lat' dir='ltr'><strong>plures</strong></span> <span class='ocrx_word' id='word_1_304' title='bbox 2209 4149 2375 4204; x_wconf 70' lang='lat' dir='ltr'><strong>literas</strong></span> <span class='ocrx_word' id='word_1_305' title='bbox 2441 4149 2917 4216; x_wconf 80' lang='lat' dir='ltr'><strong>comprehendentes</strong></span> 
     </span>
     <span class='ocr_line' id='line_1_45' title="bbox 1913 4231 2916 4285; baseline -0.003 0"><span class='ocrx_word' id='word_1_306' title='bbox 1913 4239 1942 4262; x_wconf 80' lang='lat'><strong>‘⁴</strong></span> <span class='ocrx_word' id='word_1_307' title='bbox 1975 4247 2128 4285; x_wconf 80' lang='lat' dir='ltr'><strong>unam</strong></span> <span class='ocrx_word' id='word_1_308' title='bbox 2181 4231 2466 4284; x_wconf 81' lang='lat' dir='ltr'><strong>dictionem.</strong></span> <span class='ocrx_word' id='word_1_309' title='bbox 2563 4231 2633 4282; x_wconf 68' lang='lat' dir='ltr'><strong>Et</strong></span> <span class='ocrx_word' id='word_1_310' title='bbox 2685 4245 2754 4282; x_wconf 80' lang='lat' dir='ltr'><strong>ex</strong></span> <span class='ocrx_word' id='word_1_311' title='bbox 2817 4232 2916 4282; x_wconf 83' lang='lat' dir='ltr'><strong>hoc</strong></span> 
     </span>
     <span class='ocr_line' id='line_1_46' title="bbox 1915 4309 2916 4376; baseline -0.002 -12"><span class='ocrx_word' id='word_1_312' title='bbox 1915 4317 1944 4340; x_wconf 76' lang='lat'><strong>‘⁸</strong></span> <span class='ocrx_word' id='word_1_313' title='bbox 1979 4311 2191 4364; x_wconf 76' lang='lat' dir='ltr'><strong>veniunt</strong></span> <span class='ocrx_word' id='word_1_314' title='bbox 2234 4311 2547 4362; x_wconf 74' lang='lat' dir='ltr'><strong>characteres</strong></span> <span class='ocrx_word' id='word_1_315' title='bbox 2589 4309 2678 4376; x_wconf 84' lang='lat' dir='ltr'><strong>qui</strong></span> <span class='ocrx_word' id='word_1_316' title='bbox 2728 4309 2916 4362; x_wconf 75' lang='lat' dir='ltr'><strong>habent</strong></span> 
     </span>
     <span class='ocr_line' id='line_1_47' title="bbox 1914 4389 2917 4442; baseline 0.001 -2"><span class='ocrx_word' id='word_1_317' title='bbox 1914 4395 1944 4420; x_wconf 79' lang='lat'><strong>‘⁶</strong></span> <span class='ocrx_word' id='word_1_318' title='bbox 1975 4391 2160 4442; x_wconf 78' lang='lat' dir='ltr'><strong>multas</strong></span> <span class='ocrx_word' id='word_1_319' title='bbox 2191 4391 2362 4442; x_wconf 72' lang='lat' dir='ltr'><strong>literas</strong></span> <span class='ocrx_word' id='word_1_320' title='bbox 2393 4391 2556 4442; x_wconf 82' lang='lat' dir='ltr'><strong>simul.</strong></span> <span class='ocrx_word' id='word_1_321' title='bbox 2621 4389 2774 4441; x_wconf 85' lang='lat' dir='ltr'><strong>Unde</strong></span> <span class='ocrx_word' id='word_1_322' title='bbox 2805 4391 2917 4441; x_wconf 77' lang='lat' dir='ltr'><strong>veri</strong></span> 
     </span>
     <span class='ocr_line' id='line_1_48' title="bbox 1915 4469 2916 4534; baseline -0.001 -14"><span class='ocrx_word' id='word_1_323' title='bbox 1915 4475 1944 4498; x_wconf 89' lang='lat'>“</span> <span class='ocrx_word' id='word_1_324' title='bbox 1977 4471 2290 4522; x_wconf 76' lang='lat' dir='ltr'><strong>characteres</strong></span> <span class='ocrx_word' id='word_1_325' title='bbox 2335 4477 2386 4521; x_wconf 85' lang='lat' dir='ltr'><strong>et</strong></span> <span class='ocrx_word' id='word_1_326' title='bbox 2435 4469 2764 4534; x_wconf 84' lang='lat' dir='ltr'><strong>philosophici</strong></span> <span class='ocrx_word' id='word_1_327' title='bbox 2797 4477 2916 4520; x_wconf 83' lang='lat' dir='ltr'><strong>sunt</strong></span> 
     </span>
     <span class='ocr_line' id='line_1_49' title="bbox 1915 4549 2916 4614; baseline -0.001 -13"><span class='ocrx_word' id='word_1_328' title='bbox 1915 4555 1943 4580; x_wconf 78' lang='lat'><strong>‘⁴</strong></span> <span class='ocrx_word' id='word_1_329' title='bbox 1977 4549 2237 4614; x_wconf 84' lang='lat' dir='ltr'><strong>compositi</strong></span> <span class='ocrx_word' id='word_1_330' title='bbox 2285 4565 2352 4600; x_wconf 83' lang='lat' dir='ltr'><strong>ex</strong></span> <span class='ocrx_word' id='word_1_331' title='bbox 2401 4549 2573 4610; x_wconf 76' lang='lat' dir='ltr'><strong>literis,</strong></span> <span class='ocrx_word' id='word_1_332' title='bbox 2629 4557 2681 4599; x_wconf 85' lang='lat' dir='ltr'><strong>et</strong></span> <span class='ocrx_word' id='word_1_333' title='bbox 2729 4549 2916 4600; x_wconf 77' lang='lat' dir='ltr'><strong>habent</strong></span> 
     </span>
     <span class='ocr_line' id='line_1_50' title="bbox 1915 4627 2914 4696; baseline -0.003 -15"><span class='ocrx_word' id='word_1_334' title='bbox 1915 4633 1948 4658; x_wconf 90' lang='lat'><strong>“</strong></span> <span class='ocrx_word' id='word_1_335' title='bbox 1982 4645 2183 4680; x_wconf 88' lang='lat' dir='ltr'><strong>sensum</strong></span> <span class='ocrx_word' id='word_1_336' title='bbox 2213 4627 2665 4682; x_wconf 78' lang='lat' dir='ltr'><strong>dictionum.”-R..</strong></span> <span class='ocrx_word' id='word_1_337' title='bbox 2704 4627 2825 4680; x_wconf 76' lang='lat' dir='ltr'><strong>Bac.</strong></span> <span class='ocrx_word' id='word_1_338' title='bbox 2859 4629 2914 4696; x_wconf 81' lang='lat' dir='ltr'><strong>in</strong></span> 
     </span>
     <span class='ocr_line' id='line_1_51' title="bbox 1913 4705 2912 4775; baseline -0.002 -15"><span class='ocrx_word' id='word_1_339' title='bbox 1913 4709 2201 4775; x_wconf 77' lang='lat' dir='ltr'><strong>Geogrsph.</strong></span> <span class='ocrx_word' id='word_1_340' title='bbox 2233 4709 2300 4762; x_wconf 83' lang='lat' dir='ltr'><strong>U.</strong></span> <span class='ocrx_word' id='word_1_341' title='bbox 2335 4707 2414 4763; x_wconf 84' lang='lat' dir='ltr'><strong>cf.</strong></span> <span class='ocrx_word' id='word_1_342' title='bbox 2457 4708 2598 4772; x_wconf 84' lang='lat' dir='ltr'><strong>Opus</strong></span> <span class='ocrx_word' id='word_1_343' title='bbox 2643 4705 2827 4770; x_wconf 71' lang='lat' dir='ltr'><strong>Maius,</strong></span> <span class='ocrx_word' id='word_1_344' title='bbox 2863 4723 2912 4773; x_wconf 83' lang='lat' dir='ltr'><strong>p.</strong></span> 
     </span>
    </p>
   </div>
   <div class='ocr_carea' id='block_1_7' title="bbox 816 4786 2022 4848">
    <p class='ocr_par' dir='ltr' id='par_1_35' title="bbox 816 4786 2022 4848">
     <span class='ocr_line' id='line_1_52' title="bbox 816 4786 2022 4848; baseline 0.007 -15"><span class='ocrx_word' id='word_1_345' title='bbox 816 4789 847 4811; x_wconf 80' lang='lat'><strong>⁴⁴</strong></span> <span class='ocrx_word' id='word_1_346' title='bbox 881 4791 960 4834; x_wconf 82' lang='lat' dir='ltr'><strong>tra</strong></span> <span class='ocrx_word' id='word_1_347' title='bbox 1010 4786 1063 4834; x_wconf 89' lang='lat' dir='ltr'><strong>in</strong></span> <span class='ocrx_word' id='word_1_348' title='bbox 1115 4786 1383 4848; x_wconf 78' lang='lat' dir='ltr'><strong>sinistram,</strong></span> <span class='ocrx_word' id='word_1_349' title='bbox 1432 4787 1561 4838; x_wconf 85' lang='lat' dir='ltr'><strong>sicut</strong></span> <span class='ocrx_word' id='word_1_350' title='bbox 1604 4787 1802 4840; x_wconf 77' lang='lat' dir='ltr'><strong>Arabes</strong></span> <span class='ocrx_word' id='word_1_351' title='bbox 1911 4793 2022 4842; x_wconf 80' lang='lat'><strong><em>235.</em></strong></span> 
     </span>
    </p>
   </div>
  </div>
 </body>
</html>
