3517 5750
522 1039 751 1106 learning

521 1106 642 1157 thau
665 1109 750 1160 the

523 1187 710 1238 young.

864 827 950 893 64
1607 843 1869 894 nocam
1914 841 2207 892 nAcoms
2782 827 2956 916 [car.

857 1016 1197 1083 rationalis
1257 1037 1373 1102 per
1415 1017 1556 1096 hoc,
1602 1017 1779 1102 quod
1838 1038 1971 1082 000
2034 1015 2421 1082 debilitatur
2465 1015 2951 1084 debilitatione¹

855 1119 1156 1205 corporis,
1203 1119 1371 1184 sicut
1427 1119 1648 1183 anima
1691 1117 2025 1198 sensitiva,
2090 1117 2291 1184 immo
2350 1117 2693 1205 vigoratur
2750 1118 2962 1206 magis

858 1222 930 1286 in
986 1221 1213 1302 senio;
1272 1227 1341 1286 et
1410 1221 1532 1286 1100
1590 1221 1781 1286 docet
1846 1219 2101 1286 Tullius
2178 1220 2349 1286 libro
2418 1220 2499 1286 de
2560 1219 2959 1288 Senectute.8

857 1323 1034 1388 Nam
1108 1323 1180 1387 in
1253 1321 1546 1409 antiquis
1621 1329 1721 1390 est
1794 1321 2133 1410 sapientia,
2212 1327 2290 1388 ut
2368 1321 2533 1387 dicit
2624 1321 2960 1408 scriptura.

857 1425 948 1492 Et
1005 1427 1127 1492 1100
1185 1431 1288 1492 001,
1345 1447 1576 1491 verum
1650 1425 2125 1502 universaliter,
2186 1425 2348 1490 dum
2422 1429 2723 1491 senectus
2778 1430 2961 1490 tenet

859 1527 998 1592 vias
1057 1528 1405 1593 naturales.
1543 1525 1674 1592 Sed
1735 1525 2090 1613 aliquando
2148 1526 2479 1612 contingit
2538 1525 2720 1611 quod
2778 1525 2957 1592 laesio

858 1650 1248 1716 organorum
1321 1635 1393 1694 et
1449 1627 1817 1694 virtutum⁸
1890 1627 2128 1694 animas
2187 1627 2440 1694 accidat
2496 1627 2958 1694 innaturaliter

855 1738 1121 1819 propter
1195 1730 1518 1797 defectum
1593 1715 1931 1818 regiminis
2005 1731 2328 1808 sanitatis,
2405 1735 2475 1797 et
2548 1735 2711 1796 tunc
2778 1751 2961 1795 senes

858 1835 1154 1901 delirant.
1276 1833 1418 1900 Nec
1491 1833 1749 1911 mirum,
1813 1853 1961 1898 0010
2038 1837 2304 1919 propter
2376 1831 2776 1898 consimilem
2852 1831 2963 1896 de-

859 1937 1099 2002 fectum
1114 1936 1142 1973 ⁴
1207 1933 1546 2024 regiminis
1604 1933 1911 2000 sanitatis
1977 1933 2255 2020 juvenes
2328 1934 2501 2000 fiunt
2572 1933 2957 2000 multotiens

858 2038 1221 2125 phrenetici
1263 2043 1332 2104 et
1371 2034 1636 2104 stolidi⁵
1680 2042 1750 2102 et
1789 2035 2038 2117 insani3
2083 2042 2153 2104 et
2200 2037 2443 2124 pluries
2487 2036 2789 2102 videmus
2834 2039 2959 2103 hoc

855 2142 930 2206 in
979 2139 1340 2226 juvenibus
1399 2161 1598 2226 quam
1658 2139 1732 2204 in
1792 2138 2057 2205 senibus
2092 2161 2111 2218 3
2170 2137 2329 2225 quia
2394 2138 2675 2225 juvenes
2748 2141 2959 2226 magis

853 2244 1181 2310 excedunt
1223 2240 1678 2329 multipliciter
1722 2241 1796 2306 in
1840 2241 1997 2306 vita.
2090 2239 2274 2306 Sciat
2336 2241 2543 2327 igitur
2602 2262 2721 2326 pro
2780 2247 2957 2306 certo

851 2352 1070 2412 vestra
1117 2345 1454 2434 sapientia,
1504 2343 1682 2431 quod
1727 2343 1783 2408 si
1834 2364 2019 2408 senes
2062 2343 2395 2408 confidant
2441 2347 2512 2408 01,
2555 2343 2769 2408 velint
2820 2365 2955 2408 0000

851 2448 1210 2536 diligentes,
1261 2453 1331 2514 et
1381 2445 1670 2512 habeant
1723 2445 2017 2510 doctores
2064 2445 2163 2510 ita
2206 2444 2413 2510 bonos
2456 2444 2627 2511 sicut
2660 2443 2955 2531 juvenes,

851 2550 1028 2636 quod
1077 2551 1225 2637 plus
1275 2548 1616 2614 addiscent
1667 2547 1740 2612 in
1798 2567 1934 2612 una
1992 2546 2375 2634 septimana,
2430 2567 2629 2632 quam
2680 2548 2957 2633 juvenes

851 2653 1023 2716 infra
1109 2673 1416 2728 mensem,
1507 2650 1590 2715 de
1700 2670 2088 2736 quacunque
2178 2647 2461 2714 scientia.
2614 2647 2793 2714 Nam
2882 2649 2953 2712 in

849 2753 1225 2840 linguarum
1299 2749 1688 2839 cognitione,
1768 2756 1837 2817 et
1901 2751 2279 2839 figurarum,
2358 2754 2429 2816 et
2512 2771 2951 2830 numerorum,

851 2855 1118 2921 videtur
1190 2851 1650 2942 ignorantibus
1709 2876 1787 2919 ea
1847 2853 2023 2940 quod
2096 2853 2185 2919 sit
2244 2873 2483 2940 magna
2554 2853 2955 2940 perplexitas

851 2963 920 3023 et
979 2956 1372 3037 difficultas3
1444 2961 1512 3021 et
1569 2956 1917 3043 vulgatum
1978 2960 2081 3023 est
2155 2955 2333 3041 quod
2381 2954 2663 3042 juvenes
2720 2954 2955 3021 melius

851 3057 1198 3125 addiscunt
1253 3056 1646 3145 hujusmodi.
1769 3056 1903 3123 Sed
1959 3063 2179 3124 certus
2237 3079 2383 3123 sum
2445 3056 2623 3142 quod
2672 3056 2795 3123 hoc
2854 3064 2956 3123 est

849 3160 1128 3242 falsum;
1187 3182 1344 3227 nam
1395 3158 1536 3226 vidi
1587 3180 1774 3225 senes
1824 3159 2019 3247 longe
2072 3158 2283 3247 magis
2342 3157 2652 3245 proficere
2720 3158 2791 3224 in
2852 3160 2953 3224 his

851 3286 1048 3350 quam
1097 3284 1384 3350 unquam
1436 3262 1724 3348 aliquem
1764 3260 2093 3348 juvenem.
2187 3260 2283 3325 Et
2326 3266 2541 3327 certus
2584 3283 2729 3326 sum
2778 3262 2953 3348 quod

850 3368 931 3433 de
977 3388 1362 3454 quacunque
1401 3364 1632 3453 lingua
1678 3362 1846 3429 mihi
1892 3368 1961 3429 et
2004 3362 2117 3429 isti
2154 3361 2385 3449 juveni
2433 3363 2783 3449 proposita,
2834 3384 2954 3451 ego

850 3468 997 3556 plus
1071 3470 1470 3536 addiscerem
1543 3466 1718 3531 infra
1776 3486 1985 3531 unum
2062 3463 2235 3530 diem
2313 3485 2510 3550 quam
2584 3464 2711 3530 iste
2783 3465 2955 3530 infra

852 3570 1330 3658 septimanam3
1384 3576 1453 3636 et
1499 3568 1594 3635 sic
1639 3569 1721 3635 de
1768 3565 2073 3633 omnibus
2119 3588 2267 3652 quae
2313 3566 2691 3653 ignoramus
2742 3567 2951 3634 ambe.

852 3672 1010 3739 Non
1053 3678 1156 3738 est
1195 3672 1360 3737 mihi
1399 3670 1678 3737 dubium
1728 3669 1890 3756 quin
1934 3668 2121 3735 nulla
2149 3667 2240 3734 sit
2284 3668 2637 3735 difficultas
2682 3692 2725 3735 a
2766 3676 2953 3758 parte

851 3772 1086 3851 aetatis,
1140 3794 1261 3839 nec
1307 3794 1349 3838 a
1401 3776 1588 3860 parte
1640 3770 2135 3847 addiscentium,
2201 3770 2257 3835 si
2310 3769 2549 3837 volunt
2606 3770 2951 3851 addiscere,

849 3878 920 3940 et
966 3872 1298 3941 confidant
1337 3877 1406 3939 et
1446 3874 1794 3961 diligentes
1838 3873 1989 3939 sint.
2081 3871 2151 3937 Ν
2153 3894 2224 3938 00
2266 3894 2309 3937 a
2350 3877 2539 3959 parte
2582 3873 2951 3959 linguarum

851 3979 922 4041 01,
971 3974 1412 4052 scientiarum,
1469 3976 1585 4041 sed
1636 3998 1678 4040 a
1728 3981 1917 4062 parte
1970 3975 2324 4051 doctorum,
2382 3974 2495 4060 qui
2547 3974 2785 4040 nolunt
2800 4004 2817 4015 ·
2834 3982 2954 4040 aut

851 4076 1150 4143 00001001,
1202 4077 1441 4145 docere.
1532 4075 1689 4143 Non
1749 4076 1925 4141 enim
1979 4076 2352 4143 invenimus
2404 4076 2699 4141 doctores
2759 4076 2954 4142 utiles

889 4492 904 4523 ¹
925 4486 1274 4553 debilitatione]
1300 4502 1332 4536 a
1347 4479 1702 4543 debilitatione,
1717 4479 1852 4532 Ru.
1900 4470 1912 4577 Ι
2021 4481 2039 4510 ⁴
2061 4476 2345 4528 consimilem
2391 4474 2654 4545 deficiam]
2708 4480 2955 4531 defectum

882 4572 904 4603 ²
925 4571 984 4622 de
1017 4566 1294 4631 Senectute]
1333 4580 1441 4629 cap.
1462 4562 1551 4613 vii.
1955 4557 2284 4619 consimilem,
2318 4555 2382 4607 Τ.

891 4653 912 4681 ⁸
931 4662 1209 4717 omanorum
1243 4652 1290 4696 et
1320 4640 1571 4707 virtutum]
1607 4638 1853 4692 virtutum
2022 4638 2044 4669 ⁸
2054 4634 2327 4702 phrenetici
2380 4644 2429 4687 et
2482 4634 2671 4705 ctoln'dt’]
2708 4638 2875 4691 stolidi
2908 4644 2957 4689 et

861 4736 911 4780 01
925 4741 1244 4794 organorum,
1277 4723 1339 4775 Τ.
1954 4715 2247 4783 phoenetici,
2282 4716 2342 4768 Τ.
