3517 5750
796 828 928 893 254
1552 840 1810 894 nouum
1854 838 2149 891 mcoms
2727 824 2904 910 [cu.

794 1018 1004 1083 credit
1025 1014 1044 1053 ¹
1139 1015 1318 1103 quod
1390 1016 1483 1083 sit
1570 1016 1894 1083 infinitivi
1969 1017 2150 1082 modi
2183 1040 2203 1096 ;
2265 1022 2336 1081 et
2411 1016 2578 1081 bene
2653 1014 2904 1083 literati

794 1120 1072 1187 credunt
1132 1118 1310 1204 quod
1375 1130 1659 1205 utroque
1724 1119 1923 1185 modo
1977 1120 2186 1205 possit
2245 1118 2416 1200 dici3
2461 1118 2579 1185 sed
2621 1139 2761 1183 non
2805 1121 2905 1183 est

794 1244 1041 1287 verum.
1162 1219 1255 1285 Et
1328 1220 1421 1288 sic
1494 1225 1596 1287 est
1686 1222 1768 1287 de
1843 1221 2077 1289 multis
2167 1220 2240 1287 in
2313 1220 2556 1306 quibus
2643 1224 2907 1288 erratur

796 1323 1081 1389 omnino.
1176 1322 1373 1403 Item,
1422 1346 1540 1410 per
1568 1323 1852 1410 ellipsim
1895 1323 1980 1389 fit
2021 1342 2252 1391 versus
2309 1344 2484 1409 saepe
2521 1348 2536 1403 3
2583 1326 2665 1390 ut
2711 1322 2907 1395 Lucoe

797 1426 1047 1497 decimo
1077 1426 1281 1491 tertio
1314 1422 1440 1513 [9.]
1475 1449 1488 1489 :
1540 1434 1574 1461 “
1594 1426 1685 1494 Et
1714 1426 1772 1491 si
1802 1426 2070 1512 quidem
2100 1424 2327 1491 fecerit
2355 1422 2703 1491 fiuctum.”
2797 1422 2906 1496 Ibi

798 1526 1229 1615 proculdubio
1274 1528 1471 1595 debet
1538 1528 1682 1597 fieri
1726 1550 1968 1595 versus.
2061 1528 2241 1595 Nam
2301 1550 2436 1594 non
2481 1528 2909 1595 continuatur

796 1630 1127 1696 sententia
1160 1654 1177 1710 ;
1236 1630 1353 1696 sed
1440 1631 1770 1697 contraria
1857 1631 2190 1701 sententia
2277 1629 2685 1697 subinfertur
2757 1648 2908 1699 cum

798 1730 1057 1809 dicitur,
1124 1740 1159 1767 “
1183 1731 1305 1799 Sin
1350 1738 1590 1809 autem,
1647 1734 1721 1798 in
1781 1734 2099 1814 futurum,
2163 1733 2452 1801 succides
2510 1732 2694 1799 illam
2722 1729 2778 1809 ;”
2838 1736 2909 1798 et

796 1834 944 1901 ideo
990 1834 1427 1921 supplendum
1472 1840 1574 1899 est
1617 1834 1729 1916 ibi,
1772 1836 1942 1901 bene
1987 1841 2213 1901 actum
2257 1839 2374 1913 est,
2409 1834 2520 1902 vel
2560 1833 2907 1921 proemium

798 1936 1090 2024 accipiet,
1138 1936 1249 2005 vel
1292 1958 1431 2003 non
1472 1938 1888 2018 succidetur3
1948 1944 2018 2005 et
2077 1938 2173 2003 sic
2218 1938 2300 2004 de
2345 1959 2544 2024 quam
2588 1936 2904 2024 plurimis

798 2060 947 2125 quae
991 2060 1129 2105 non
1172 2040 1621 2105 observantur.
2861 2062 2866 2067 ’

892 2142 1085 2223 Item,
1134 2141 1398 2228 quando
1444 2148 1673 2209 auctor
1700 2141 2070 2212 introducit
2091 2142 2118 2181 ⁹
2177 2142 2465 2229 aliquem
2508 2142 2906 2227 loquentem,

800 2266 1051 2332 ponens
1096 2243 1217 2311 hoc
1262 2246 1537 2311 verbum
1598 2244 1799 2323 dixit,
1848 2246 1957 2313 vel
2017 2244 2243 2323 simile,
2309 2244 2648 2332 completis
2689 2243 2912 2314 verbis

802 2369 1094 2433 personae
1156 2347 1565 2427 introductae,
1616 2369 1844 2415 versus
1911 2351 2015 2413 est
2059 2348 2410 2425 faciendus,
2457 2347 2588 2412 nisi
2631 2348 2909 2435 impedi-

802 2454 959 2517 atur
1030 2472 1148 2537 per
1234 2450 1527 2536 aliquam
1601 2449 2090 2538 suspensionem
2163 2449 2684 2517 constructionis.
2807 2450 2908 2515 Ut

802 2550 851 2617 J
852 2552 1132 2620 ohanms
1160 2550 1411 2639 primo³
1438 2552 1692 2639 [41.]:‘
1696 2551 2000 2617 ‘Invenit
2029 2551 2138 2619 hic
2154 2552 2368 2639 primo
2387 2551 2661 2617 fratrem
2684 2573 2876 2618 suum
2892 2574 2910 2630 ;

806 2662 841 2689 “
888 2660 958 2719 et
1000 2654 1165 2721 dicit
1192 2654 1273 2732 ei,
1308 2654 1699 2721 Invenimus
1731 2652 2097 2721 Messiam.”
2189 2653 2324 2720 Hic
2351 2653 2434 2719 fit
2462 2674 2707 2732 versus,
2756 2653 2910 2740 quia

796 2754 1124 2821 finiuntur
1167 2757 1373 2823 verba
1432 2778 1727 2843 personne
1780 2758 2178 2823 introductae
2207 2780 2224 2838 3
2270 2760 2339 2821 et
2391 2755 2568 2840 quod
2611 2755 2910 2842 sequitur

796 2856 1071 2925 additur
1168 2858 1255 2924 ab
1352 2863 1634 2939 auctore,
1746 2858 1996 2926 scilicet
2097 2866 2132 2894 “
2163 2858 2338 2945 quod
2433 2858 2910 2946 interpretatur

800 2967 837 2994 ‘⁴
884 2957 1247 3026 Christus?
1356 2961 1425 3026 N
1428 2983 1515 3026 on
1578 2961 1754 3026 enim
1799 2961 2103 3028 Andreas
2176 2961 2300 3026 hoc
2373 2961 2694 3048 exposuit,
2755 2960 2909 3046 quia

798 3059 1035 3128 Petrus
1096 3063 1293 3129 scivit
1356 3061 1659 3150 linguam
1711 3063 2043 3146 Andreae;
2089 3069 2160 3129 et
2231 3063 2382 3128 ideo
2433 3063 2740 3130 additum
2808 3067 2911 3128 est

797 3164 884 3236 ab
928 3164 1352 3250 evangelista
1476 3165 1609 3232 Sed
1677 3165 1920 3253 vulgus
1987 3165 2333 3232 continuat
2397 3165 2471 3230 in
2515 3187 2648 3231 uno
2691 3186 2904 3240 versu,

794 3269 1011 3330 totam
1064 3266 1462 3334 sententiam
1527 3265 1826 3334 debitam
1897 3273 2295 3355 permutans,
2343 3273 2417 3334 et
2446 3321 2450 3323 »
2477 3267 2716 3332 falsum
2759 3289 2907 3333 sen-

795 3368 1105 3448 tentians,
1154 3391 1231 3436 eo
1291 3371 1468 3458 quod
1512 3392 1651 3436 non
1708 3369 1888 3436 dixit
1931 3371 2235 3436 Andreas
2278 3369 2458 3457 quod
2501 3370 2564 3434 ei
2607 3369 2907 3457 imponit-

796 3471 1121 3538 Similiter
1149 3471 1196 3538 J
1199 3473 1476 3538 ohannis
1521 3479 1759 3559 quarto
1783 3472 1950 3559 [25]
1987 3497 2001 3538 :
2086 3481 2121 3508 “
2144 3473 2328 3538 Dicit
2368 3472 2430 3536 ei
2475 3471 2728 3552 mulier,
2761 3471 2908 3537 Scio

796 3580 835 3610 “
882 3574 1040 3660 quia
1085 3575 1358 3644 Messias
1403 3573 1651 3642 venit.”
1726 3573 1837 3641 lbi
1881 3574 2283 3642 terminatur
2312 3575 2566 3640 dictum
2594 3573 2902 3652 mulieriS,

796 3681 865 3742 et
909 3677 1006 3742 ibi
1052 3682 1153 3743 est
1198 3699 1445 3744 versus.
1561 3675 1631 3743 N
1632 3701 1740 3744 am
1819 3679 1994 3764 quod
2038 3678 2353 3763 sequitur,
2435 3685 2472 3712 “
2501 3677 2622 3762 qui
2665 3677 2908 3746 dicitur

799 3785 833 3811 “
883 3776 1245 3857 Christus,”
1312 3801 1449 3844 non
1516 3779 1693 3846 dixit
1756 3781 2010 3859 mulier,
2071 3781 2188 3848 sed
2259 3778 2522 3844 addidit
2544 3777 2568 3814 ⁴
2633 3801 2914 3865 evauge-

792 3876 961 3942 lista.
1040 3878 1132 3945 Et
1176 3881 1389 3946 multa
1433 3881 1677 3948 similia
1720 3881 1884 3946 alibi
1929 3883 2003 3946 in
2031 3881 2078 3946 J
2079 3881 2338 3946 ohanne
2383 3885 2454 3946 et
2482 3881 2712 3946 multis
2753 3881 2912 3946 locis

793 3977 1168 4064 Scripturae.
1264 3980 1397 4046 Sed
1426 3983 1757 4070 contingit
1789 3985 1967 4070 quod
1997 3984 2176 4049 inter
2205 3983 2409 4050 verba
2429 3983 2795 4048 introducti
2826 3982 2910 4048 ad

794 4079 1214 4166 loquendum,
1260 4081 1778 4169 interponuntur
1820 4085 2026 4153 verba
2069 4085 2356 4152 auctoris
2415 4084 2908 4163 introducentis,

794 4188 865 4248 et
916 4187 1077 4248 tunc
1118 4204 1254 4248 non
1314 4184 1433 4252 fiet
1476 4207 1719 4264 versus,
1769 4192 2126 4274 antequam
2187 4187 2641 4274 compleantur
2708 4187 2913 4254 verba

792 4285 1170 4354 introducti.
1262 4285 1367 4353 Ut
1408 4287 1457 4354 J
1459 4287 1737 4356 ohannis
1781 4290 1992 4377 primo
2040 4289 2203 4377 [38]
2235 4315 2250 4354 z
2331 4295 2364 4329 “
2397 4289 2616 4355 Rabbi
2632 4286 2660 4325 ⁵
2703 4288 2911 4377 (quod

860 4573 876 4604 ¹
898 4573 1077 4639 credit]
1114 4573 1297 4634 credat,
1318 4572 1385 4622 Β.
1965 4573 1984 4603 ⁴
2005 4571 2221 4640 addidit]
2260 4574 2414 4637 addit,
2444 4573 2507 4625 Τ.

858 4653 881 4682 ¹
903 4652 1188 4718 introducit]
1226 4652 1453 4712 inti-odit,
1476 4651 1540 4705 Τ.

890 4731 1077 4798 prm]
1115 4731 1327 4795 decimo,
1360 4731 1426 4785 T·
1454 4741 1463 4769 ³
1964 4732 1986 4762 ⁸
2005 4731 2200 4800 Ram]
2233 4747 2338 4788 om.
2361 4733 2456 4796 '1¹03
2489 4731 2656 4800 Baby.
2677 4731 2740 4788 B.
