3517 5750
483 845 610 933 n]
1153 865 1620 920 COMPBRDIUM
1664 871 1919 924 srunn.
2458 869 2590 934 513

479 1033 553 1100 Si
595 1041 822 1103 tamen
864 1043 1056 1106 acuta
1102 1041 1350 1108 dictio¹
1402 1047 1919 1132 monosyllabica
1990 1057 2417 1137 praeponatur
2460 1057 2589 1143 syl-

477 1137 646 1205 labae
699 1145 928 1219 acutae,
991 1147 1152 1210 tunc
1195 1151 1514 1232 gravatur
1561 1155 1831 1236 propter
1876 1156 2413 1239 consequentiam
2457 1159 2591 1226 dic-

479 1241 700 1322 tionis,
749 1265 864 1310 seu
927 1245 1016 1310 sit
1079 1251 1274 1312 acuta
1336 1248 1750 1317 declinabilis
1814 1252 2019 1320 dictio
2071 1258 2590 1344 monosyllabica

473 1365 589 1410 seu
653 1345 1146 1414 indeclinabilis.
1241 1350 1332 1416 Et
1397 1351 1654 1418 faciunt
1701 1353 1932 1421 Latini
2000 1359 2365 1425 secundum
2410 1364 2585 1449 quod

476 1446 852 1514 Priscianus
869 1448 898 1487 ⁸
956 1450 1137 1530 dicit,
1201 1451 1272 1518 in
1331 1452 1502 1520 libro
1577 1456 1660 1522 de
1729 1457 2166 1525 declinatione
2241 1462 2585 1530 duodecim

475 1549 938 1638 principalium
1011 1575 1324 1620 versuum
1393 1556 1681 1645 Virgilii,
1761 1560 1893 1626 nisi
1981 1563 2377 1631 naturaliter
2466 1568 2587 1633 cir·

475 1653 943 1720 cumflectatur.
1048 1655 1248 1723 Unde
1322 1657 1396 1724 in
1471 1659 1604 1747 maj
1612 1662 1711 1726 ori
1773 1663 2109 1730 volumine
2185 1667 2335 1732 vult
2410 1670 2588 1754 quod

473 1777 609 1821 non
681 1757 894 1824 solum
957 1757 1450 1826 indeclinabiles
1527 1769 1758 1845 acutae,
1830 1787 2033 1852 quum
2109 1775 2587 1856 praeponuntur

470 1864 848 1946 gravantur,
913 1860 1069 1927 licet
1134 1862 1216 1928 de
1259 1885 1330 1929 se
1375 1872 1712 1946 acuantur,
1788 1867 1903 1934 sed
1948 1868 2384 1950 declinabiles,
2433 1895 2582 1958 quse

471 1961 554 2028 de
643 1984 712 2028 se
803 1963 1196 2031 naturaliter
1283 1971 1441 2032 sunt
1529 1974 1756 2035 acutae.
1881 1969 2081 2036 Unde
2170 1972 2334 2039 dicit
2402 1975 2582 2060 quod

472 2065 600 2151 qui
650 2065 1002 2132 relativum
1063 2066 1138 2132 in
1203 2069 1498 2136 oratione
1561 2077 1630 2138 et
1688 2072 1967 2138 lectione
2025 2081 2357 2161 gravatur,
2425 2077 2583 2144 licet

470 2168 553 2235 de
615 2190 684 2235 se
749 2175 1038 2250 acuatur,
1089 2177 1160 2237 et
1197 2170 1318 2238 hoc
1371 2178 1488 2251 est,
1558 2173 1616 2238 si
1682 2180 1877 2240 acuta
1932 2175 2187 2261 syllaba
2252 2185 2578 2264 sequatur,

470 2276 566 2353 ut,
631 2271 760 2358 qui
818 2273 942 2341 ait.
1037 2273 1130 2338 Et
1191 2295 1326 2340 non
1385 2275 1598 2340 solum
1659 2277 2127 2362 monosyllabae
2189 2279 2583 2346 naturaliter

470 2382 680 2443 acutae
731 2381 1096 2464 gravantur
1143 2377 1216 2444 in
1267 2377 1560 2444 oratione
1613 2398 1817 2463 quum
1865 2380 2166 2465 sequitur
2208 2387 2419 2461 acuta,
2466 2385 2581 2450 sed

469 2479 724 2546 ultimae
781 2479 1052 2565 syllabae
1110 2478 1478 2545 dictionum
1538 2479 2043 2568 dissyllabarum
2104 2487 2176 2547 et
2226 2483 2578 2571 polysylla-

469 2581 700 2648 barum
777 2586 1047 2670 propter
1120 2581 1656 2667 consequentiam
1739 2583 2064 2664 dictionis,
2140 2584 2310 2652 sicut
2399 2588 2581 2673 prius

471 2682 961 2772 exemplificavi.
1054 2683 1147 2750 Et
1210 2705 1248 2750 e
1316 2705 1628 2750 converso
1693 2686 1918 2772 gravis
1978 2685 2054 2750 in
2116 2693 2377 2752 acutam
2437 2710 2581 2755 ver-

467 2785 654 2869 titur,
703 2790 796 2866 ut,
843 2787 1014 2854 sicut
1057 2785 1220 2866 dixi,
1269 2783 1558 2854 dedokae
1598 2785 1707 2853 ‘mi
1727 2810 1757 2867 ,·
1803 2787 2043 2853 ultima
2086 2788 2339 2876 syllaba
2382 2790 2581 2878 hujus

469 2891 774 2959 dictionis
802 2896 1118 2979 gravatur
1158 2890 1566 2967 naturaliter,
1599 2891 1714 2956 sed
1749 2896 2015 2977 propter
2050 2894 2580 2979 consequentiam

335 3074 346 3087 ι
469 2993 779 3061 dictionis
823 2993 1160 3074 encliticee,
1207 2994 1482 3060 acuitur.
1578 2993 1670 3059 Et
1713 3014 1852 3059 non
1896 2993 2110 3059 solum
2155 3000 2257 3061 est
2314 2997 2439 3063 hoc
2498 2998 2580 3065 de

471 3096 804 3175 encliticis,
851 3096 965 3163 sed
1009 3096 1092 3162 de
1136 3095 1284 3161 aliis
1340 3095 1740 3161 dictionibus
1808 3096 2254 3182 sequentibus,
2302 3121 2579 3185 quarum

469 3200 684 3287 prima
727 3198 982 3285 syllaba
1023 3203 1358 3286 gravatur.
1451 3198 1634 3263 Tunc
1677 3197 1919 3263 ultima
1972 3198 2225 3284 syllaba
2270 3200 2579 3267 dictionis

470 3300 898 3389 praecedentis
959 3300 1217 3369 acuitur
1279 3305 1548 3387 propter
1623 3301 2151 3385 consequentiam
2226 3301 2577 3383 dictionis;

469 3406 626 3491 quia
679 3402 1105 3491 praecedentis
1160 3401 1468 3469 dictionis
1520 3401 1761 3467 ultima
1826 3407 2129 3467 mutatur
2192 3404 2265 3467 in
2323 3409 2578 3469 contra-

465 3508 638 3576 rium
712 3512 1069 3588 accentum,
1127 3528 1202 3572 eo
1277 3504 1452 3591 quod
1518 3505 1593 3569 in
1657 3526 1738 3571 eo
1798 3526 1934 3570 non
1996 3509 2229 3585 statur,
2293 3505 2407 3570 sed
2466 3505 2578 3571 de-

465 3609 712 3700 pendet
753 3631 966 3676 sermo
1011 3613 1082 3675 et
1133 3607 1463 3675 sententia
1523 3608 1610 3672 ad
1671 3606 1855 3672 aliud
1918 3626 2209 3693 sequens,
2256 3611 2577 3693 tanquam

464 3713 554 3781 ad
597 3713 798 3779 finem
838 3734 1032 3779 suum
1076 3718 1144 3779 et
1184 3710 1542 3778 terminum
1586 3731 1723 3776 suae
1769 3709 2266 3797 dependentiae3
2310 3714 2381 3775 et
2422 3710 2578 3775 finis

465 3816 750 3903 imponit
837 3815 1295 3883 necessitatem
1384 3813 1489 3878 his
1580 3833 1728 3898 quae
1803 3817 1961 3877 sunt
2026 3812 2113 3877 ad
2201 3810 2419 3891 finem,
2498 3817 2578 3878 ut

464 3916 895 3987 Aristoteles-‘³
959 3916 1126 3983 dicit
1193 3914 1476 3983 secundo
1545 3913 1993 4002 Physicorum,
2064 3920 2338 4002 propter
2399 3916 2577 4001 quod

465 4022 552 4088 ob
593 4020 1052 4088 necessitatem
1094 4017 1402 4085 dictionis
1447 4018 1779 4106 sequentis
1838 4022 2139 4084 mutatur
2185 4018 2572 4105 praecedens,

467 4124 598 4193 nisi
642 4124 732 4190 sit
775 4120 1286 4190 circumflexum.

559 4225 734 4293 Item
807 4224 1030 4314 gravis
1089 4230 1306 4313 potest
1367 4244 1504 4289 esse
1578 4223 1652 4287 in
1713 4222 1895 4289 omni
1958 4222 2231 4307 syllaba,
2294 4222 2409 4287 sed
2470 4242 2573 4289 ac-

465 4334 694 4396 centus
738 4333 968 4396 acutus
1011 4350 1147 4394 non
1199 4330 1420 4415 potest
1482 4346 1640 4405 esse,
1709 4324 1841 4391 nisi
1897 4324 1971 4389 in
2030 4322 2571 4409 antepenultima,

531 4686 548 4715 ¹
572 4682 746 4752 dni-tio]
771 4685 958 4735 Added
991 4684 1046 4734 in
1068 4684 1154 4737 the
1175 4685 1389 4752 margin.
1607 4688 1628 4719 ⁸
1651 4684 1957 4754 Aristoteles]
1996 4686 2093 4739 See
2112 4702 2161 4751 p.
2186 4692 2299 4739 289.

527 4764 550 4795 ²
568 4760 886 4831 Priscianus]
914 4765 1010 4818 See
1026 4780 1074 4829 p.
1093 4768 1206 4825 2³8.

643 4864 794 4915 vot..
827 4866 878 4921 1.
2157 4868 2209 4921 K
2254 4867 2306 4917 K
