3517 5750
504 3447 779 3504 Electrum.

860 892 999 957 386
1600 906 1861 955 nocam
1907 904 2204 956 BAcoms

844 1081 1074 1167 loquor
1133 1079 1283 1161 hic;
1350 1079 1406 1145 si
1449 1102 1606 1146 vero
1667 1080 1838 1145 bene
1899 1080 2050 1166 plus
2114 1079 2196 1146 de
2255 1080 2526 1166 pulvere
2569 1082 2952 1169 imponatur

843 1184 925 1249 fit
968 1182 1179 1269 magis
1222 1183 1463 1247 durum
1508 1188 1577 1248 ct
1622 1183 2000 1247 coloratum.
2093 1181 2186 1247 Et
2251 1181 2343 1247 sic
2401 1182 2483 1247 fit
2542 1182 2960 1264 orichalcum,

840 1286 1157 1371 quoniam
1224 1286 1295 1349 in
1356 1284 1659 1351 omnibus
1722 1284 1910 1351 libris
1978 1284 2270 1370 antiquis
2333 1284 2576 1351 Bibliae
2651 1291 2722 1351 et
2795 1308 2960 1372 prae-

846 1388 1113 1453 stantiae
1187 1386 1469 1471 majoris,
1548 1392 1618 1453 et
1692 1386 1974 1451 aliorum
2050 1385 2368 1451 librorum
2459 1386 2801 1453 medicinae
2891 1393 2962 1454 et

844 1493 1221 1555 sanctorum
1266 1488 1606 1554 invenitur
1637 1488 2035 1553 orichalcum
2065 1511 2080 1567 ;
2125 1487 2307 1553 unde
2351 1488 2747 1554 auricalcum
2791 1488 2963 1553 nihil

846 1596 993 1669 est3
1036 1590 1152 1655 sed
1217 1614 1334 1677 per
1400 1611 1682 1655 errorem
1750 1612 1793 1654 a
1866 1588 2197 1653 modernis
2266 1589 2359 1655 sic
2427 1590 2693 1657 dictum.
2793 1590 2966 1656 Item

851 1691 1175 1757 Horatius
1196 1687 1215 1726 ¹
1264 1690 1676 1757 versificatur
1720 1691 1852 1755 sic:

1001 1852 1038 1882 “
1060 1846 1251 1911 Tibia
1294 1867 1429 1911 non
1472 1851 1552 1911 ut
1594 1866 1772 1911 nunc
1815 1844 2134 1911 orichalco
2171 1844 2410 1932 juncta
2454 1834 2830 1931 tubaeque‚'⁵

848 2006 963 2092 qui
992 2028 1220 2071 versus
1264 2010 1440 2071 stare
1482 2026 1617 2070 non
1647 2008 1869 2091 potest
1912 2026 2062 2071 cum
2095 2004 2428 2070 auricalco.
2524 2002 2967 2072 orichalcum

846 2108 1023 2173 enim
1092 2108 1397 2173 Graecum
1464 2106 1637 2171 idem
1708 2110 1812 2171 est
1874 2106 2054 2193 quod
2119 2106 2556 2192 splendidum,
2621 2106 2730 2171 vel
2796 2107 2964 2171 bene

846 2209 1109 2275 visibile
1181 2230 1271 2275 aes
1345 2209 1417 2273 in
1492 2208 1782 2287 Latin03
1835 2207 2013 2273 unde
2087 2208 2235 2295 plus
2312 2207 2516 2272 habet
2593 2207 2674 2272 de
2750 2207 2964 2274 colore

849 2312 1189 2398 splendido
1236 2332 1434 2397 quam
1477 2332 1582 2377 aes.
1677 2309 1769 2374 Et
1815 2310 1972 2395 quia
2031 2311 2320 2375 multum
2379 2309 2583 2374 habet
2630 2309 2710 2374 de
2755 2309 2964 2375 colore

849 2418 1163 2500 vergente
1238 2412 1324 2477 ad
1398 2432 1633 2477 aurum
1725 2410 2024 2477 moderni
2112 2412 2494 2497 ignorantes
2569 2410 2962 2477 vocabulum

852 2515 1155 2581 Graecum
1201 2515 1517 2579 dixerunt
1564 2510 2018 2579 auricalcum.
2115 2512 2206 2577 Et
2251 2513 2391 2578 haec
2436 2514 2769 2600 corruptio
2814 2512 2967 2578 licet

852 2617 941 2683 sit
984 2617 1274 2704 vulgata,
1307 2617 1502 2681 modo
1546 2621 1772 2681 tamen
1817 2614 1936 2680 diu
1979 2621 2080 2680 est
2111 2615 2287 2701 quod
2331 2614 2537 2701 aliqui
2581 2620 2966 2680 erraverunt

851 2720 924 2783 in
1012 2720 1151 2795 hoc,
1226 2718 1402 2782 unde
1493 2722 1563 2782 et
1639 2718 1936 2783 Isidorus
2012 2720 2082 2783 et
2159 2716 2364 2802 Hugo
2439 2738 2575 2781 non
2648 2716 2966 2782 dixerunt

850 2822 1217 2886 veritatem.
1310 2818 1383 2885 Si
1412 2840 1569 2884 vero
1612 2819 1828 2884 adhuc
1872 2818 2019 2905 plus
2063 2818 2349 2884 addatur
2394 2817 2476 2884 de
2522 2818 2840 2884 calamina
2881 2818 2964 2884 fit

852 2922 1165 2988 electrum
1180 2945 1195 2999 ;
1243 2921 1359 2985 sed
1402 2920 1635 2984 melius
1664 2926 1894 2986 tamen
1937 2921 2019 2986 fit
2061 2943 2178 3007 per
2207 2921 2544 2986 tucianam
2567 2920 2594 2958 ²
2637 2921 2959 2999 citrinam,

850 3027 931 3089 ut
994 3024 1185 3088 docet
1228 3021 1585 3099 Aviccnna,
1652 3023 1888 3108 quinto
1952 3021 2138 3088 libro.
2234 3021 2455 3089 Tucia
2498 3027 2600 3088 est
2657 3023 2962 3109 quaedam

851 3146 1023 3190 vena
1065 3131 1259 3190 terrae
1304 3129 1374 3189 et
1418 3124 1620 3190 habet
1670 3125 1889 3212 plures
1933 3125 2174 3190 modos.
2269 3123 2404 3190 Sed
2467 3125 2646 3190 tucia
2707 3125 2956 3204 citrina,

853 3233 955 3292 est
1028 3227 1134 3292 hic
1207 3227 1487 3314 propria.
1642 3227 1964 3307 Quaedam
2037 3231 2262 3292 tamen
2335 3226 2630 3312 regiones
2703 3232 2963 3313 ponunt

852 3330 1098 3396 tuciam
1144 3330 1218 3394 in
1262 3351 1463 3416 cupro
1507 3335 1587 3395 ut
1648 3328 1938 3394 habeant
1997 3328 2325 3406 electrum,
2373 3327 2676 3414 quaedam
2733 3333 2958 3394 tamen

851 3433 1252 3498 calaminam.
1346 3432 1439 3497 Et
1502 3431 1658 3517 quia
1720 3430 2034 3496 electrum
2103 3430 2185 3495 fit
2259 3451 2409 3495 cum
2471 3430 2736 3496 follibus
2807 3429 2956 3496 ideo

849 3535 1103 3623 impetu
1147 3534 1407 3600 follium
1470 3533 1761 3620 exspirat
1821 3534 2111 3598 multum
2177 3533 2261 3597 de
2323 3531 2503 3598 tucia
2571 3536 2640 3597 et
2699 3520 2953 3610 caetera}

846 3639 1024 3703 unde
1092 3637 1268 3724 quod
1333 3635 1576 3702 subtile
1640 3639 1743 3700 est
1787 3635 1943 3713 exit,
1991 3639 2062 3700 et
2118 3638 2414 3700 remanet
2471 3634 2748 3700 materia
2791 3635 2959 3700 dura

845 3761 995 3824 quae
1070 3739 1345 3804 indurat
1420 3738 1746 3824 electrum.
1895 3736 1987 3803 Et
2058 3737 2208 3802 ideo
2283 3735 2510 3801 durius
2583 3740 2686 3801 est
2759 3759 2956 3822 quam

848 3839 1241 3905 orichalcum
1318 3838 1495 3924 quod
1570 3839 1651 3904 fit
1725 3839 1868 3905 sine
1941 3837 2220 3904 follibus.
2313 3839 2404 3902 Et
2465 3838 2621 3904 licet
2681 3838 2772 3904 sic
2837 3839 2958 3903 fiat

846 3941 1157 4006 electrum
1226 3941 1673 4020 communiter,
1744 3944 1965 4028 potest
2029 3940 2172 4006 fieri
2238 3938 2573 4027 pulchrius
2638 3939 2830 4027 longe
2889 3945 2957 4004 et

846 4042 1133 4108 nobilius
1177 4064 1295 4129 per
1324 4042 1626 4128 quaedam
1669 4043 1800 4107 alia
1831 4043 2129 4130 opposita
2157 4043 2352 4109 tuciae
2381 4047 2449 4108 et
2491 4040 2846 4121 calumniae,
2879 4047 2958 4108 ut

848 4147 1006 4210 sunt
1050 4144 1301 4209 radices
1344 4143 1562 4208 urusci
1606 4148 1675 4209 et
1718 4144 1898 4222 ficus,
1931 4150 2000 4210 et
2043 4142 2209 4209 alia³
2251 4145 2568 4229 quaedam,
2601 4143 2956 4209 dummodo

852 4246 1153 4312 debitum
1198 4247 1549 4312 artificium
1594 4247 1980 4332 praebeatur.
2074 4247 2166 4312 Et
2222 4246 2345 4312 1100
2387 4251 2489 4312 est
2545 4246 2794 4310 bonum
2839 4267 2956 4332 pro

846 4349 1305 4416 instrumentis
1379 4350 1813 4427 astronomiae,
1889 4354 1960 4415 et
2031 4370 2152 4436 pro
2225 4348 2455 4414 multis
2528 4348 2676 4413 aliis
2762 4348 2955 4414 rebus

856 4552 1001 4558 —-—-—.
1048 4554 1067 4558 .-
1108 4553 1141 4558 -.
1159 4553 1388 4558 -.—--.-.—-
1405 4551 1618 4558 —u———ffl

914 4685 927 4714 ¹
952 4683 1223 4749 Horatius]
1260 4683 1341 4734 De
1364 4683 1494 4733 Arte
1516 4673 1659 4732 Post
1683 4687 1798 4732 202.
2006 4683 2026 4712 ³
2048 4681 2179 4750 alia]
2217 4697 2352 4749 qum,
2369 4681 2484 4734 MS.

910 4765 931 4794 ²
944 4779 1038 4828 per
1060 4760 1331 4827 tacianum]
1366 4761 1640 4813 uncermin.
