3517 5750
772 886 906 950 262
1518 891 1776 942 Roomu
1821 888 2113 939 BAcoms
2710 872 2884 959 [ou.

776 1058 1167 1137 Simonides,
1215 1056 1521 1135 trifidusg
1588 1056 1699 1123 sed
1767 1052 2114 1122 malefidus
2181 1050 2588 1140 producitur.
2703 1050 2886 1117 Obli-

777 1164 892 1251 qui
940 1163 1014 1229 in
1053 1158 1201 1227 idio
1246 1161 1649 1239 breviantur,
1682 1162 1764 1223 ut
1793 1154 2156 1223 Adonidis
2201 1157 2275 1221 in
2321 1154 2679 1234 Ezechiele,
2719 1153 2882 1219 colo-

776 1262 1130 1354 quintidis
1204 1264 1277 1327 in
1318 1263 1519 1328 tertio
1566 1262 1842 1349 Regum,
1882 1247 2318 1347 periscelidis
2365 1258 2440 1322 in
2481 1256 2693 1321 Esaia.
2800 1255 2886 1324 Si

777 1366 1065 1457 quidem
1108 1388 1314 1453 quum
1358 1366 1781 1451 conjungitur
1823 1385 1973 1428 cum
2019 1360 2442 1447 subjunctivo
2481 1359 2686 1426 verbo
2731 1358 2886 1425 facit

780 1473 949 1537 duas
1016 1469 1354 1547 dictione-21,
1422 1472 1502 1533 ut
1566 1466 1763 1531 Lucae
1806 1464 2010 1530 tertio
2057 1463 2309 1529 decimo
2341 1462 2505 1549 [9.]:
2596 1467 2635 1499 “
2666 1462 2760 1527 Et
2821 1460 2886 1527 ci

782 1580 819 1609 “
865 1570 1148 1659 quidem
1210 1570 1439 1637 fecerit
1498 1570 1789 1635 fructum
1817 1566 1883 1631 :’'
1972 1567 2134 1631 alias
2209 1570 2310 1629 est
2377 1586 2528 1651 pars
2603 1586 2754 1643 una,
2819 1570 2888 1629 et

780 1675 984 1741 habet
1028 1680 1371 1739 accentum
1414 1674 1489 1737 in
1532 1670 2074 1757 antepenultima.

870 1776 905 1843 i
950 1782 1107 1841 ante
1138 1775 1193 1863 f
1226 1774 1625 1861 corripitur;
1693 1772 1809 1837 sed
1857 1772 2186 1857 excipitur
2230 1768 2575 1857 anaglifus‚
2628 1769 2710 1835 de
2759 1790 2889 1860 quo

784 1879 1081 1967 superius
1127 1882 1227 1943 est
1275 1877 1540 1942 dictum.

872 1981 907 2047 ee:
950 1986 1107 2047 ante
1138 1980 1164 2047 l
1193 1979 1561 2065 corripitur,
1594 1983 1674 2043 ut
1705 1976 1947 2057 Dalila,
1995 1976 2220 2055 altilis,
2251 1974 2518 2057 Zoilus3
2565 1974 2892 2062 excipitur

784 2085 1039 2151 asilum.

876 2186 912 2254 τ’,
954 2191 1113 2252 ante
1156 2206 1232 2251 m
1274 2182 1634 2259 breviatur,
1682 2186 1763 2247 ut
1809 2182 2111 2269 optimus.

878 2289 913 2355 i
976 2293 1133 2354 ante
1198 2308 1253 2352 ‘n
1298 2286 1659 2365 breviatur,
1718 2288 1801 2348 ut
1845 2283 2333 2365 adamantinus,
2387 2284 2892 2371 amethystinus,

790 2393 1233 2479 crystallinus,
1264 2389 1569 2467 bissinus,
1602 2386 1950 2464 coccinum,
1981 2385 2476 2473 hyacinthinus,
2509 2387 2894 2473 onychinus,

791 2494 1261 2581 smaragdinus,
1325 2488 1799 2556 bombichinus.
1891 2488 2071 2553 Nam
2118 2489 2452 2555 coccinum
2511 2494 2582 2555 et
2629 2491 2896 2577 onychi-

792 2619 953 2662 num
983 2596 1362 2662 breviamus
1393 2594 1533 2658 sino
1564 2590 1938 2672 calumnia3
1983 2590 2193 2677 igitur
2241 2591 2512 2677 reliqua,
2563 2612 2714 2657 cum
2760 2593 2895 2658 sint

792 2699 1049 2779 similia,
1105 2698 1347 2761 debent
1398 2694 1703 2761 breviari.
1796 2694 1888 2758 Et
1939 2716 2165 2759 omnes
2211 2700 2426 2784 poe‘tae
2477 2694 2701 2759 Latini
2753 2694 2896 2759 bre-

792 2800 986 2865 viant
1035 2798 1194 2863 haec.
1316 2796 1536 2887 Igitur
1584 2818 1721 2861 non
1773 2801 1876 2860 est
1921 2796 2178 2883 poetica
2226 2818 2374 2861 cum
2427 2819 2470 2860 a
2515 2796 2697 2861 nullo
2749 2818 2897 2861 con-

793 2901 1077 2969 trarium
1134 2899 1539 2964 inveniatur.
1644 2899 1824 2962 Nam
1885 2921 2090 2985 quum
2151 2898 2391 2984 aliquis
2435 2899 2509 2963 in
2567 2920 2701 2964 uno
2760 2899 2899 2965 loco

796 3003 1120 3092 producit,
1170 3005 1241 3066 et
1284 3002 1360 3065 in
1405 3000 1534 3064 alio
1580 3001 1853 3088 corripit
1913 3001 2023 3066 vel
2082 3001 2266 3082 alias,
2315 3005 2478 3066 tunc
2520 3001 2603 3066 fit
2647 3003 2904 3088 poetica

794 3105 1077 3171 licentia.
1174 3103 1307 3169 Sed
1358 3125 1535 3167 nunc
1600 3125 1827 3168 omnes
1890 3104 2273 3190 corripiunt,
2334 3103 2545 3192 igitur
2603 3127 2740 3169 non
2801 3111 2902 3170 est

796 3207 1054 3296 poetica
1084 3206 1365 3272 licentia.
1458 3204 1527 3269 N
1530 3226 1602 3270 ec
1632 3210 1734 3270 est
1766 3203 2138 3270 Priscianus
2164 3205 2184 3241 ¹
2217 3207 2290 3270 in
2320 3206 2724 3273 contrarium
2755 3229 2904 3272 cum

796 3309 964 3376 velit
992 3308 1251 3396 longari
1292 3329 1387 3389 ea,
1436 3329 1583 3394 quae
1619 3307 1689 3370 in
1742 3305 1918 3372 inus
1966 3307 2425 3388 terminantur,
2470 3313 2551 3374 ut
2579 3310 2898 3394 porcinus,

794 3411 1076 3499 lupinus,
1156 3411 1315 3496 quia
1389 3410 1472 3474 de
1547 3409 1807 3474 Latinis
1893 3410 2205 3496 loquitur,
2281 3433 2418 3474 11011
2483 3411 2563 3476 de
2639 3409 2900 3477 Graecis.

807 3513 960 3580 Etsi
1005 3512 1383 3578 Priscianus
1427 3511 1872 3599 exemplificat
1925 3512 2005 3576 de
2055 3512 2316 3577 leonino
2361 3513 2540 3598 quod
2583 3511 2905 3578 formatur

798 3637 841 3682 a
881 3616 1070 3681 leone
1119 3615 1383 3694 Latin0‚
1427 3617 1497 3678 et
1540 3635 1677 3679 non
1726 3638 1768 3678 a
1811 3615 2028 3678 leonte
2076 3615 2318 3680 Graeco.
2414 3615 2692 3680 Latinus
2742 3615 2903 3681 dicit

800 3716 915 3796 leo,
966 3715 1197 3802 leonio,
1232 3717 1500 3781 Graecus
1548 3715 1718 3795 leon,
1770 3715 2028 3794 leontia,
2077 3738 2196 3803 pro
2243 3739 2396 3804 rege
2447 3716 2827 3784 bestiarum.

888 3817 925 3883 ’ἱ
967 3823 1126 3882 ante
1189 3837 1293 3882 ‘na
1353 3818 1686 3903 longatur‚
1749 3823 1831 3882 ut
1903 3817 2181 3883 runcina
2244 3819 2319 3883 in
2381 3819 2593 3884 Esaia.
2709 3819 2903 3886 Exei-

799 3919 1075 4008 piuntur
1122 3919 1445 4004 quaedam,
1491 3924 1573 3983 ut
1612 3919 1884 4000 fuscina,
1931 3921 2172 3986 fiscina
2229 3921 2506 3987 Salamis
2551 3922 2787 3989 civitas
2829 3923 2904 3987 in

802 4019 1088 4086 Actibus
1131 4009 1435 4106 producit
1488 4019 1806 4106 obliquo&
1854 4027 1933 4088 ut
1979 4022 2345 4102 Salaminis,
2417 4023 2602 4110 cujus
2649 4047 2903 4090 accusa-

801 4124 985 4189 tivus
1016 4127 1116 4186 est
1160 4122 1234 4185 in
1278 4143 1340 4200 a,
1373 4127 1453 4186 ut
1499 4119 1848 4202 Salamina,
1897 4145 2078 4189 more
2125 4124 2351 4191 Graeeo
2377 4150 2395 4208 3
2441 4131 2511 4192 et
2553 4127 2645 4192 sic
2689 4133 2790 4193 est
2831 4127 2905 4192 in

803 4223 1105 4305 Actibus,
1138 4227 1207 4290 et
1236 4223 1416 4310 apud
1460 4223 1837 4310 Virgilium,
1888 4230 1957 4291 et
2009 4225 2383 4306 Horatium,
2431 4232 2501 4293 et
2545 4228 2899 4295 Ovidium:

802 4328 977 4392 unde
1051 4347 1188 4392 non
1270 4325 1637 4391 declinatur
1682 4326 1818 4392 hoec
1884 4327 2282 4411 salamiam,
2356 4335 2436 4396 ut
2491 4331 2566 4396 in
2626 4331 2906 4397 Actibus

803 4435 1091 4518 ponatur
1166 4427 1583 4496 Salaminam.
1698 4429 1768 4492 N
1769 4451 1899 4495 unc
1959 4431 2199 4518 vulgus
2261 4432 2624 4520 corrumpit
2681 4439 2908 4501 textus

804 4538 1075 4621 propter
1118 4533 1562 4620 ignorantiam
1608 4531 1822 4598 Graeci
1866 4533 2194 4599 sermonis.

895 4635 930 4702 i
974 4640 1129 4701 ante
1181 4657 1237 4722 P
1296 4635 1654 4713 breviatur,
1732 4639 1813 4699 ut
1885 4636 2160 4723 polipus,
2239 4641 2309 4702 et
2383 4641 2484 4703 est
2557 4637 2909 4704 infirmitas

1496 4876 1512 4943 ξ
1537 4873 1859 4942 ffioet'anm]
1885 4882 1941 4927 ut
1961 4889 2122 4940 supra.
