3517 5750
1404 772 1726 824 Pnnnon
2584 757 2635 826 li

513 949 708 1016 Then
758 954 834 1015 at,
879 949 994 1014 the
1036 953 1590 1014 commencement
1654 949 1730 1014 of
1774 949 1887 1014 the
1931 947 2169 1013 second
2231 947 2505 1034 chapter
2546 947 2630 1012 he
2652 961 2907 1030 Encyclo·

513 1054 974 1130 observes,—-“
1004 1051 1100 1118 Of
1131 1051 1398 1117 natural
1441 1050 1835 1138 philosophy
1879 1050 2067 1115 there
2109 1071 2222 1116 are
2266 1071 2471 1134 many
2529 1071 2625 1115 se·
2650 1032 2865 1148 ξξξζω

515 1163 554 1190 “
593 1161 837 1242 parate
879 1154 1176 1232 sciences‚
1239 1175 1312 1218 as
1376 1153 1413 1218 I
1477 1154 1646 1218 have
1709 1151 2055 1218 remarked
2112 1154 2187 1216 in
2227 1153 2343 1217 the
2402 1153 2627 1218 fourth

515 1265 554 1293 “
597 1263 757 1344 part
803 1257 880 1321 of
912 1279 1031 1342 my
1073 1257 1340 1322 treatise
1386 1277 1472 1321 on
1515 1254 2005 1342 metaphysics3
2064 1255 2168 1320 for
2210 1255 2465 1320 besides
2514 1255 2626 1320 the

513 1365 556 1396 “
601 1359 1036 1427 Gmnmwnia
1093 1357 1561 1424 Naturalium
1621 1357 1766 1443 (aa,
1845 1357 2216 1423 conditione
2285 1357 2359 1424 of
2424 1357 2628 1445 being

515 1467 553 1498 “
599 1483 912 1528 common
951 1467 1026 1526 to
1071 1461 1160 1525 all
1204 1460 1319 1526 the
1377 1459 1682 1526 material
1725 1460 1953 1538 world,
2000 1481 2073 1524 as
2117 1460 2385 1538 motion,
2432 1459 2632 1546 place,

513 1571 552 1601 “
597 1585 908 1642 vacuum,
953 1563 1133 1641 time,
1183 1561 1344 1643 gne),
1387 1563 1574 1628 there
1623 1583 1734 1626 are
1770 1562 2009 1648 special
2046 1562 2363 1627 divisions
2408 1561 2484 1626 of
2516 1561 2633 1626 the

513 1671 554 1702 ‘⁸
597 1667 902 1754 physica]
963 1667 1242 1731 sciences
1268 1669 1438 1745 3-1,
1487 1665 1742 1752 optics;
1792 1667 1851 1744 2,
1900 1669 2297 1750 astronomy,
2350 1663 2631 1750 judicial

513 1778 552 1804 “
597 1769 738 1834 and
801 1769 1134 1855 operative
1168 1793 1185 1848 ;
1249 1771 1308 1846 3,
1369 1769 1639 1854 gravity
1703 1765 2026 1852 (scientia
2093 1766 2485 1852 ponderum
2546 1766 2629 1832 de

515 1881 552 1906 “
595 1871 933 1956 gravibus
995 1878 1056 1937 et
1112 1869 1398 1957 lembus)
1433 1893 1451 1949 ;
1497 1873 1558 1946 4,
1613 1868 1911 1954 alchemy
1946 1893 1963 1950 ;
2010 1872 2073 1949 5,
2128 1866 2625 1956 agriculture·;¹

518 1983 556 2008 “
606 1977 668 2050 6,
715 1972 1084 2053 medicine3
1130 1971 1190 2050 ’7,
1239 1971 1710 2058 experimental
1753 1969 2059 2036 science.”

513 2214 548 2240 ‘⁸
585 2211 760 2261 studio
823 2211 1138 2270 Latinorum,
1193 2217 1244 2261 et
1295 2209 1534 2276 logicalia
1629 2213 1662 2238 ‘⁴
1693 2215 1813 2260 sunt
1844 2209 2139 2270 inanimata,
2194 2215 2251 2259 ut
2290 2209 2506 2270 metalla,
2562 2209 2636 2260 la-

515 2295 550 2320 “
583 2305 706 2340 cum
768 2289 852 2340 his
917 2291 1192 2355 expediviz
1261 2297 1408 2356 atque
1474 2289 1529 2338 in
1632 2293 1662 2318 ⁸⁴
1696 2289 1855 2352 pides,
1890 2288 2035 2349 sales,
2056 2295 2107 2338 et
2140 2287 2393 2352 sulphura,
2426 2295 2477 2337 et
2510 2295 2639 2338 atra·

513 2373 550 2398 “
583 2371 812 2420 secundo
831 2371 1092 2421 volumine
1123 2372 1334 2421 tractavi
1362 2379 1528 2434 partes
1633 2369 1666 2396 “
1700 2374 1887 2428 menta,
1935 2374 1985 2416 et
2017 2368 2224 2427 colores,
2260 2367 2389 2416 sicut
2432 2373 2509 2417 est
2540 2365 2638 2416 mi-

509 2451 548 2478 “
583 2450 982 2510 mathematicae3
1017 2465 1154 2500 nunc
1189 2450 1242 2500 iu
1263 2451 1412 2500 tertio
1445 2465 1529 2500 oc·
1633 2451 1664 2476 ⁴‘
1697 2447 1859 2507 nium,
1906 2461 2121 2506 cerussa,
2156 2455 2205 2497 et
2248 2447 2459 2504 lazulus,
2504 2447 2639 2510 qnod

515 2531 550 2558 ‘⁸
589 2537 802 2577 currunt
883 2529 1171 2588 naturalia3
1239 2535 1288 2578 et
1353 2536 1530 2594 quarto

515 2609 554 2636 “
589 2607 1006 2672 metaphysicalia
1075 2623 1192 2658 cum
1257 2609 1530 2658 moralibus

513 2688 550 2714 “
589 2687 967 2752 subjungentur.
1038 2687 1188 2738 Patet
1219 2687 1355 2738 enim
1378 2689 1514 2752 qnod

517 2767 554 2792 ‘¹‘
591 2765 920 2828 grammatica
993 2771 1042 2817 et
1109 2765 1276 2831 logica
1339 2767 1530 2830 priores

520 2845 555 2871 ‘⁶
593 2852 712 2894 sunt
745 2844 800 2893 in
835 2845 1009 2896 ordine
1031 2845 1288 2907 doctrinae,
1323 2853 1373 2896 et
1405 2847 1530 2896 ordo

514 2925 552 2951 ‘⁸
587 2924 894 2973 naturalium
911 2932 1002 2985 est,
1017 2933 1229 2976 testante
1244 2925 1529 2986 Avicenna,

515 3004 554 3029 ‘⁸
588 3002 754 3065 primo
775 3002 1152 3068 Metaphysicoe,
1177 3012 1230 3053 ut
1262 3012 1532 3068 sequantur

513 3083 554 3109 ‘⁸
587 3082 1030 3143 mathematicam3
1081 3084 1354 3133 secundum
1399 3086 1532 3149 qnod

521 3162 558 3187 “
593 3159 728 3209 idem
763 3162 910 3211 docet
953 3162 1088 3225 quod
1121 3161 1534 3227 metaphysicalia

521 3242 560 3266 ‘⁸
595 3246 871 3301 sequuntur
892 3240 1170 3299 nami-alim
1205 3241 1324 3306 quia
1357 3256 1532 3292 secun·

519 3318 562 3343 “
591 3319 716 3365 dnm
761 3332 875 3367 eum
923 3318 1272 3369 conclusiones
1317 3318 1531 3369 aliarum

521 3398 560 3423 ‘⁸
593 3395 914 3446 scientiarum
938 3406 1056 3447 sunt
1079 3398 1324 3461 principia
1345 3398 1400 3446 in
1425 3414 1530 3449 me-

517 3476 558 3501 “
589 3473 866 3537 inphysica.
933 3476 1004 3525 Et
1025 3476 1123 3525 hoc
1145 3485 1334 3525 certum
1357 3484 1434 3527 est
1466 3494 1532 3527 ex

521 3552 558 3579 ‘⁸
593 3552 881 3611 Aristotele,
915 3570 1030 3604 cum
1063 3570 1154 3619 per
1185 3556 1534 3607 conclusiones

521 3634 556 3659 ‘⁸
593 3632 878 3696 astrologiae
912 3634 1088 3683 doceat
1133 3636 1374 3685 unitatem
1418 3650 1531 3699 par-

523 3712 558 3737 “
593 3710 722 3759 tium
758 3712 870 3761 coeli
906 3749 918 3761 .
957 3748 968 3761 .
1005 3750 1018 3763 .
1055 3750 1068 3761 .
1105 3710 1314 3763 Moralis
1365 3722 1532 3763 autem

525 3790 558 3817 ⁶¹
593 3788 914 3853 philosophia
986 3798 1062 3841 est
1121 3790 1238 3842 finis
1305 3792 1531 3843 omnium

525 3870 556 3895 ⁸⁸
591 3866 914 3917 scientiarum
938 3870 1164 3931 aliarum,
1189 3878 1236 3919 et
1254 3872 1366 3921 ideo
1379 3872 1532 3923 finem

519 3948 556 3974 “
589 3946 648 3995 in
715 3948 1114 3999 consideratione
1185 3942 1534 4015 philosophica

522 4026 556 4052 “
591 4024 871 4075 continebit
893 4047 908 4085 ς
943 4026 1062 4091 quia
1083 4042 1255 4078 omnes
1279 4030 1390 4081 aliae
1416 4037 1532 4080 sunt

529 4106 564 4133 “
599 4105 916 4167 speculativae
941 4106 1179 4166 veritatis,
1226 4116 1274 4157 et
1307 4108 1416 4158 haec
1452 4116 1531 4159 est

525 4184 558 4212 “
590 4182 816 4247 practica
860 4190 910 4233 et
953 4184 1208 4248 operativa
1255 4186 1376 4235 boni
1412 4225 1423 4236 .
1463 4224 1475 4239 .
1514 4225 1526 4237 .

520 4264 552 4290 ‘⁶
589 4260 856 4311 Naturalia
877 4278 996 4312 vero
1018 4273 1214 4327 sumpta
1233 4264 1527 4329 specialiter,

521 4342 554 4368 ⁸⁶
589 4346 640 4389 et
695 4342 866 4391 stricte
922 4350 1040 4391 sunt
1093 4344 1148 4392 in
1205 4344 1386 4409 quibus
1455 4352 1530 4395 est

521 4422 554 4447 ⁶⁸
590 4418 892 4484 principium
935 4428 1100 4471 motus
1146 4429 1194 4471 et
1244 4422 1441 4488 qnietis,
1475 4431 1532 4473 ut

523 4500 556 4525 ‘⁴
591 4496 646 4545 in
701 4498 924 4561 partibus
992 4500 1364 4561 elementorum,
1420 4517 1530 4566 quse

523 4580 557 4605 ‘⁶
595 4586 710 4627 sunt
742 4578 892 4642 ignis,
911 4583 1012 4639 aer,
1037 4594 1182 4645 aqua,
1205 4590 1254 4631 et
1275 4592 1440 4641 terra3
1487 4588 1538 4631 et

1633 2529 1664 2556 “
1699 2533 1777 2575 est
1793 2525 2035 2587 azariam,
2058 2535 2109 2576 et
2129 2525 2291 2576 viride
2315 2526 2567 2585 Graecum,
2590 2533 2641 2575 et

1631 2608 1665 2634 ‘⁸
1699 2605 1989 2669 huiusmodi
2032 2621 2143 2670 quae
2185 2605 2241 2655 in
2283 2614 2459 2656 ventre
2494 2613 2639 2656 terrm

1632 2689 1665 2714 ‘⁸
1698 2693 2003 2750 generantur
2026 2705 2040 2746 ;
2095 2685 2325 2736 similiter
2357 2695 2407 2737 et
2438 2688 2639 2752 plantae,

1631 2767 1662 2793 “
1697 2765 1985 2828 cujusmodi
2024 2772 2141 2814 sunt
2182 2765 2367 2827 herbae,
2423 2769 2639 2828 arbores,

1631 2843 1664 2872 “
1697 2845 1881 2905 caules,
1948 2859 2140 2907 cannoe,
2204 2845 2423 2897 frutices.
2507 2847 2640 2897 Item

1632 2927 1664 2951 “
1699 2924 1937 2974 animalia
1983 2924 2131 2973 bruta
2179 2932 2230 2974 et
2274 2924 2533 2985 homines;
2581 2926 2637 2975 in

1634 3005 1664 3029 ‘⁸
1697 3002 1779 3051 his
1829 3002 1965 3051 enim
2007 3011 2083 3053 est
2129 3004 2430 3067 principium
2476 3012 2639 3055 motus

1633 3084 1665 3108 ‘⁴
1699 3090 1750 3130 et
1782 3080 1964 3145 quietis
2001 3083 2309 3143 naturaliter,
2344 3091 2395 3132 et
2426 3082 2539 3133 ideo
2582 3083 2639 3132 in

1633 3162 1664 3187 “
1699 3160 1773 3209 eis
1796 3168 1871 3209 est
1892 3168 2070 3211 natura
2100 3178 2211 3227 qum
2235 3163 2421 3213 dicitur
2451 3163 2639 3227 princi-

1635 3242 1664 3268 “
1697 3240 1837 3303 pium
1860 3248 2023 3291 motus
2058 3246 2109 3290 et
2142 3242 2370 3304 quietis.”

1701 3319 1716 3348 ¹
1740 3320 1821 3368 As
1854 3318 1956 3369 this
1972 3319 2067 3370 has
2089 3328 2179 3368 not
2200 3320 2327 3369 been
2360 3320 2563 3370 noticed
2584 3320 2637 3371 in

1633 3398 1722 3447 the
1778 3406 2017 3449 accounts
2082 3398 2303 3447 hitherto
2370 3398 2522 3463 given
2588 3400 2648 3449 of

1637 3476 1851 3526 Bacon’s
1892 3477 2208 3541 philosophy,
2250 3478 2349 3525 and
2376 3492 2492 3541 may
2526 3494 2637 3541 pos-

1635 3557 1769 3620 sibly
1824 3558 1887 3606 be
1953 3571 2067 3607 new
2122 3564 2175 3605 to
2242 3570 2379 3606 some
2446 3558 2507 3606 of
2552 3572 2639 3622 my

1633 3638 1847 3695 readers,
1870 3634 1899 3683 1
1930 3636 2127 3700 subjoin
2162 3650 2195 3685 a
2226 3634 2388 3686 literal
2430 3638 2640 3687 transla-

1633 3714 1742 3763 tion
1797 3713 1858 3763 οἱ
1904 3714 2015 3763 that
2056 3715 2253 3777 portion
2298 3715 2359 3764 of
2392 3716 2479 3765 the
2523 3716 2637 3767 MS.

1634 3792 1802 3841 where
1814 3792 1882 3842 he
1894 3792 2123 3857 explains
2138 3793 2219 3843 his
2240 3795 2478 3859 meaning
2497 3810 2637 3845 mone

1634 3870 1761 3935 fully
1789 3890 1873 3920 :—

1701 3954 1732 3979 ⁶⁶
1757 3950 1897 4001 Next
1953 3950 2107 4014 (aster
2161 3949 2418 4018 alchemy)
2468 3968 2636 4004 comes

1633 4032 1664 4057 ‘⁸
1698 4028 1787 4079 the
1809 4030 1993 4093 special
2026 4032 2222 4083 science
2255 4034 2317 4083 of
2340 4034 2427 4083 the
2460 4041 2636 4084 nature

1633 4110 1665 4135 “
1700 4108 1761 4157 of
1796 4110 1961 4173 planta
2006 4112 2106 4159 and
2147 4112 2211 4161 all
2246 4112 2474 4173 animals,
2510 4112 2631 4163 with

1633 4190 1664 4214 “
1697 4186 1785 4237 the
1819 4190 2081 4252 exception
2117 4190 2178 4239 of
2214 4206 2333 4241 man
2358 4210 2371 4251 ς
2416 4191 2532 4242 who
2566 4194 2633 4257 by

1631 4270 1662 4293 ‘⁸
1698 4280 1876 4317 reason
1932 4270 1993 4317 of
2050 4268 2129 4319 his
2186 4272 2448 4321 nobleness
2516 4271 2631 4321 falls

1633 4347 1663 4375 “
1697 4348 1860 4396 under
1915 4362 1946 4395 a
1988 4348 2173 4411 special
2218 4348 2415 4399 science
2470 4350 2631 4399 called

1630 4426 1662 4452 ‘⁸
1694 4424 1956 4475 medicine.
1994 4426 2095 4475 But
2109 4428 2217 4477 first
2238 4428 2293 4476 in
2316 4428 2401 4479 the
2419 4430 2567 4477 order
2578 4428 2641 4477 of

1629 4507 1658 4531 ‘⁴
1691 4504 1931 4569 teaching
1954 4505 1997 4554 is
2019 4504 2105 4555 the
2127 4507 2324 4557 science
2346 4508 2406 4557 of
2421 4506 2633 4557 animale

1629 4584 1660 4610 “
1691 4582 1862 4632 which
1876 4586 2084 4647 precede
2106 4600 2225 4635 man
2240 4588 2338 4635 and
2356 4600 2439 4635 are
2457 4600 2629 4637 neces-

527 4656 564 4683 “
597 4656 654 4705 in
689 4658 922 4708 omnibus
977 4658 1122 4709 factis
1178 4662 1243 4710 ab
1285 4660 1385 4711 illis
1427 4676 1538 4725 quae
1627 4664 1658 4691 “
1692 4664 1904 4726 saryfor
1919 4664 2000 4714 his
2022 4678 2124 4715 use.
2183 4664 2313 4715 This
2335 4664 2529 4715 science
2545 4665 2635 4715 de-
