3517 5750
627 848 829 937 mm]
1404 865 1581 919 orus
1620 866 1940 917 mmm.
2595 850 2730 913 255·

626 1040 871 1107 dieitur
927 1038 1436 1127 interpretatum
1496 1040 1868 1130 Magister),
1929 1041 2050 1109 ubi
2087 1040 2385 1107 ‘habitas
2407 1038 2488 1110 ‘V'
2555 1039 2726 1107 'Sed

626 1142 867 1229 vulgus
910 1163 1047 1209 non
1088 1141 1249 1208 facit
1291 1143 1457 1225 hoo;
1520 1148 1591 1211 et
1634 1143 1727 1209 sio
1785 1144 1861 1209 in
1904 1143 2133 1209 multis
2176 1142 2337 1211 aliis.

715 1246 819 1311 De
862 1244 1491 1331 interrogationibus
1517 1267 1677 1312 vero
1719 1234 2072 1332 multiplex
2114 1245 2354 1315 weidif,
2396 1243 2730 1325 defectum
2733 1250 2868 1303 The
2887 1250 3040 1303 inter-

624 1369 781 1413 nam
810 1368 949 1413 non
990 1346 1191 1413 debet
1220 1344 1381 1424 fieri,
1412 1345 1541 1413 nisi
1586 1346 1924 1434 eompletis
1967 1348 2272 1413 omnibus
2307 1368 2456 1432 quae
2485 1346 2733 1414 cadunt
2753 1319 2992 1384 regumve.

629 1449 752 1515 sub
780 1446 1317 1534 interrogatione.
1366 1447 1470 1515 Ut
1502 1448 1718 1515 Esaiae
1748 1449 2038 1535 capitulo
2068 1450 2268 1516 tertio
2283 1448 2446 1536 [1.]·
2431 1498 2446 1513 .
2497 1454 2536 1491 “
2565 1448 2730 1529 Quis

628 1556 667 1587 “
711 1555 813 1617 est
884 1550 1009 1616 iste
1084 1549 1201 1636 qui
1262 1550 1455 1617 venit
1530 1552 1612 1617 de
1679 1550 1910 1630 Edom,
1980 1551 2212 1619 tinctis
2285 1551 2580 1617 vestibus
2648 1552 2730 1621 de

634 1659 671 1689 “
714 1654 925 1719 Bozra
944 1650 1007 1717 T'
1096 1652 1327 1738 Usque
1370 1652 1469 1718 ibi
1512 1658 1550 1689 “
1574 1652 1988 1719 fortitudinis
2017 1653 2205 1721 suae³⁰
2250 1653 2733 1721 concluduntur

627 1755 849 1826 omnia
918 1756 1043 1821 sub
1114 1746 1654 1843 interrogatione,
1734 1759 1806 1821 et
1877 1755 2028 1822 ideo
2103 1756 2228 1823 sub
2301 1778 2434 1823 uno
2508 1777 2726 1824 versu.

627 1858 808 1924 Nam
881 1856 1361 1975 respondetur·
1383 1858 1471 1923 ad
1556 1855 2144 1945 interrogationem
2219 1880 2368 1925 eum
2441 1857 2727 1925 dieitur.

629 2062 761 2129 Sed
804 2084 939 2131 non
981 2062 1064 2130 fit
1106 2062 1217 2128 sio.

716 2164 939 2231 Diotio
982 2185 1133 2250 quae
1176 2169 1280 2230 est
1321 2164 1545 2251 gravis
1587 2163 1661 2229 in
1704 2164 1854 2243 fine,
1901 2164 1974 2229 in
2019 2185 2150 2250 qua
2187 2164 2422 2232 finitur
2450 2163 2732 2232 interro-

627 2264 829 2349 gati0,
859 2262 1152 2330 acuenda
1194 2266 1337 2340 est;
1382 2267 1451 2328 et
1492 2261 1575 2327 fit
1608 2283 1747 2333 una
1790 2262 2072 2329 elevatio
2101 2267 2170 2327 et
2212 2283 2386 2327 unus
2424 2268 2726 2349 punctus.

630 2365 732 2431 Ut
776 2366 864 2430 ad.
910 2364 1243 2430 Romanos
1286 2363 1567 2450 septimo
1590 2363 1735 2451 [1.]‚
1817 2370 1852 2401 “
1879 2362 2058 2443 Quid
2123 2385 2275 2450 ergo
2336 2364 2730 2431 dicemus3”

629 2490 781 2554 erqo
826 2467 1028 2532 dictio
1070 2467 1145 2531 in
1188 2466 1321 2531 fine
1344 2466 1657 2531 'acuenda
1702 2470 1818 2544 est,
1860 2464 2004 2531 vel¹
2050 2466 2520 2552 monosyllaba,
2584 2487 2731 2551 quae

629 2569 1021 2635 naturaliter
1050 2571 1151 2633 est
1180 2574 1395 2648 acuta,
1424 2567 1526 2632 bis
1556 2573 1660 2633 est
1703 2567 2070 2647 elevanda,
2053 2590 2068 2606 ·
2122 2589 2280 2632 nam
2332 2568 2408 2632 in
2453 2567 2732 2655 simplici

629 2679 699 2739 et
740 2673 941 2759 plana
968 2670 1505 2758 pronuntiatione
1534 2670 1734 2736 semel
1780 2673 2162 2752 acueretur3
2207 2691 2364 2757 ergo
2408 2671 2482 2735 in
2526 2671 2732 2735 inter-

630 2775 971 2861 rogatione
1032 2774 1135 2839 bis
1202 2778 1488 2838 acuetur.
1599 2772 1701 2838 Ut
1764 2772 2105 2859 trigesimo
2175 2777 2366 2837 sexto
2446 2773 2733 2858 capitulo

633 2877 875 2944 Esaiae:
958 2873 1163 2940 “Ubi
1207 2881 1309 2942 est
1369 2875 1551 2942 Deus
1600 2873 1848 2940 Emath
1916 2880 1985 2941 et
2059 2872 2404 2941 Anhatw
2478 2875 2571 2940 Et
2645 2875 2732 2940 ad

633 2979 967 3046 Romanos
992 2976 1275 3064 septimo
1300 2974 1517 3065 [7.‚‘]
1522 2976 1721 3042 ‘Lex
1748 2982 2086 3063 peecatum
2117 2983 2218 3043 est
2239 2975 2300 3043 Y’
2351 2977 2445 3044 Et
2468 2976 2734 3063 quando

631 3079 1183 3166 interrogationes
1226 3077 1549 3145 absolutae
1590 3083 1659 3143 et
1702 3079 2149 3165 particulares,
2181 3078 2498 3150 habentes
2541 3084 2734 3146 notas

630 3183 920 3268 ejusdem
964 3181 1219 3268 generis
1246 3179 1337 3245 ad
1365 3180 1645 3248 invicem
1690 3181 2101 3261 ordinantur,
2154 3182 2236 3248 fit
2277 3204 2414 3247 una
2455 3183 2733 3248 interro-

631 3285 813 3372 gatio
858 3289 929 3350 et
971 3305 1145 3348 unus
1172 3303 1415 3350 versus.
1508 3283 1614 3349 Ut
1657 3282 1704 3349 J
1707 3283 1793 3350 ob
1823 3283 2102 3370 septimo
2127 3282 2320 3371 [21.],
2370 3284 2556 3350 “Cur
2598 3305 2733 3350 non

634 3394 671 3424 “
714 3386 894 3454 tollis
937 3391 1279 3472 peceatum
1329 3406 1592 3466 meum;
1662 3390 1731 3451 et
1775 3407 1978 3472 quare
2015 3407 2152 3450 non
2180 3385 2396 3453 aufers
2422 3385 2736 3471 iniquita-

636 3497 673 3526 “
716 3493 853 3556 tem
883 3484 1177 3553 meam2”
1226 3485 1372 3553 Gur
1401 3491 1471 3552 et
1501 3507 1717 3574 quare
1744 3492 1902 3553 sunt
1930 3491 2107 3554 notae
2137 3485 2430 3572 ejusdem
2459 3487 2733 3573 generis.

634 3590 767 3658 Sed
809 3611 959 3656 oum
1002 3593 1160 3654 sunt
1202 3593 1381 3656 notae
1450 3589 1695 3656 diversi
1755 3589 2030 3674 generis,
2075 3588 2192 3653 ubi
2256 3592 2413 3654 sunt
2455 3588 2732 3654 interro-

629 3693 929 3780 gationes
989 3690 1307 3757 absolutae
1365 3696 1436 3758 et
1478 3691 1918 3778 particulares,
1979 3691 2152 3758 fiunt
2196 3690 2440 3758 diversi
2482 3713 2732 3761 versus.

636 3795 741 3862 Ut
787 3793 996 3860 Marci
1040 3797 1275 3880 quarto
1300 3792 1509 3879 [13.]=
1562 3793 1916 3859 “Nescitis
1975 3793 2352 3880 parabolam
2395 3793 2608 3864 hano?
2666 3799 2735 3862 et

636 3897 1043 3984 “quomodo
1106 3916 1333 3963 omnes
1361 3895 1706 3983 parabolas
1749 3893 2237 3983 cognoscetis2’'
2301 3895 2393 3962 Et
2435 3894 2737 3962 similiter

633 3999 897 4086 quando
943 4003 1043 4064 est
1084 3998 1409 4084 generalis
1453 3997 1884 4085 interrogatio
1913 3997 2282 4085 praeposita,
2328 4002 2399 4064 et
2442 3998 2738 4084 specialis

634 4099 1101 4187 subsequitur?
1130 4100 1287 4186 quia
1321 4106 1481 4166 sunt
1525 4099 1768 4166 diversi
1813 4099 1996 4166 modi
2027 4100 2498 4187 interrogandi,
2529 4099 2740 4165 fiunt⁸

634 4204 881 4270 diversi
941 4224 1189 4269 versus.
1304 4201 1408 4271 Ut
1478 4201 1792 4270 Matthaei
1856 4202 2167 4268 vioesimo
2229 4203 2512 4289 septimo
2536 4201 2732 4290 [17]
2717 4247 2735 4273 .

636 4312 675 4342 “
702 4305 917 4390 Quem
944 4304 1153 4371 vultis
1192 4308 1274 4369 ut
1302 4303 1642 4386 dimittam
1687 4303 1924 4369 vobis?
1967 4303 2339 4386 Barabbam
2367 4326 2458 4368 an
2485 4303 2534 4370 J
2537 4325 2734 4400 esum,

698 4671 1061 4784 :anm-,R
1558 4699 1566 4706 ·
1676 4671 1693 4806 Ι
1803 4669 2248 4740 ’fimtlfienbss

738 4751 1071 4820 anteaquam]
1105 4752 1447 4818 mboeqnetur,
1484 4749 1547 4803 B.
