3517 5750
829 855 916 921 68
1581 867 1839 918 nouem
1882 865 2177 923 maome
2756 849 2933 938 [car.

826 1045 1094 1126 tionem,
1139 1049 1210 1110 et
1253 1047 1580 1129 quatenus
1623 1043 1815 1110 labor
1857 1065 2044 1109 meus
2086 1049 2259 1110 esset
2302 1045 2544 1109 veetrae
2590 1040 2935 1129 eapientiae

825 1152 1044 1228 notus,
1097 1151 1298 1232 atque
1361 1150 1440 1212 ut
1503 1146 1738 1213 melius
1806 1149 1877 1212 et
1917 1145 2157 1213 certius
2200 1145 2423 1232 aliqua
2464 1149 2933 1223 tractarentur,

793 1335 800 1342 ¹
827 1253 898 1314 et
939 1247 1072 1313 alia
1111 1253 1549 1329 mutarentur,
1595 1253 1668 1314 et
1709 1249 2015 1334 quaedam
2058 1247 2472 1314 adderentur.

919 1351 1197 1438 Propter
1290 1350 1500 1438 igitur
1593 1349 1973 1436 hujusmodi
2064 1349 2355 1416 rationes
2450 1369 2707 1418 necesse
2802 1347 2935 1414 fuit

830 1457 911 1519 ut
927 1453 950 1492 ¹
1019 1451 1472 1519 descenderem
1525 1453 1613 1519 ad
1671 1455 1897 1540 partes
1962 1451 2197 1539 Operis
2244 1451 2533 1536 Majoria
2596 1455 2801 1537 atque
2844 1449 2933 1514 ad

829 1554 1243 1620 innuendum
1309 1560 1380 1621 et
1457 1555 1857 1642 signandum
1928 1575 2078 1641 quae
2152 1559 2375 1620 essent
2456 1553 2668 1640 magis
2742 1557 2929 1618 nota-

831 1657 1013 1735 bilia,
1063 1663 1183 1722 aut
1225 1661 1490 1744 propter
1533 1656 2007 1738 necessitatem,
2054 1659 2175 1722 aut
2234 1661 2505 1743 propter
2566 1655 2933 1742 pulchritu-

834 1758 1056 1824 dinem
1130 1758 1490 1846 sapientiae,
1585 1761 1706 1824 aut
1788 1763 2057 1846 propter
2138 1757 2645 1826 admirationem
2742 1755 2933 1843 quasi

833 1861 1150 1940 miraculi,
1225 1866 1346 1927 aut
1410 1865 1679 1948 propter
1753 1860 2311 1948 magnificentiam
2376 1860 2753 1940 veritatum,
2812 1860 2935 1926 aut

834 1968 1102 2050 propter
1166 1959 1422 2029 omnes2
1465 1962 1584 2028 has
1649 1983 1875 2028 causas
1921 1961 2032 2030 vel
2095 1963 2331 2050 plures.
2422 1961 2515 2028 Et
2574 1960 2743 2027 sicut
2808 1959 2933 2026 feci

833 2065 908 2130 in
955 2063 1258 2132 Secundo
1321 2064 1536 2151 Opere
1597 2070 1895 2152 respectu
1956 2065 2165 2130 Primi
2226 2062 2583 2132 secundum
2644 2063 2765 2128 has
2830 2083 2935 2128 ra-

833 2167 1063 2245 tionee‚
1125 2165 1366 2232 faciam
1427 2165 1534 2231 hic
1609 2172 1911 2253 respectu
1992 2167 2389 2254 utriusque3
2472 2171 2543 2232 et
2606 2165 2935 2252 praecipue

833 2274 1132 2355 respectu
1207 2267 1508 2335 Secundi.
1623 2267 1716 2335 Et
1782 2269 1941 2355 quia
2000 2289 2137 2334 non
2211 2268 2435 2335 omnia
2476 2267 2753 2355 signavi,
2815 2287 2935 2334 nec

833 2371 1130 2436 notanda
1197 2376 1488 2457 propter·
1527 2392 1682 2436 suas
1755 2391 1983 2438 causas
2028 2368 2525 2448 demonstravi,³
2567 2370 2715 2436 ideo
2759 2391 2935 2435 nunc

833 2472 1096 2558 singula
1135 2475 1430 2559 tangam,
1477 2477 1548 2538 et
1591 2472 1805 2538 dicam
1852 2493 2053 2558 quare
2096 2471 2392 2538 notanda
2432 2477 2605 2538 sunt.
2714 2469 2807 2537 Et
2850 2470 2936 2537 ad

835 2595 914 2638 ea
955 2594 1197 2659 ponam
1241 2573 1466 2659 aliqua
1507 2574 1738 2661 signa3
1784 2574 2034 2643 scilieet
2078 2575 2187 2640 vel
2228 2575 2449 2662 capita
2490 2573 2777 2640 hominis
2821 2595 2929 2638 ex-

833 2675 1042 2739 terius
1107 2675 1428 2761 ponende,
1499 2676 1610 2740 vel
1675 2676 1859 2742 aliud
1901 2697 2021 2762 pro
2064 2681 2245 2756 nota,
2308 2679 2635 2763 quatenus
2676 2674 2934 2741 facilius

835 2779 1060 2840 vestra
1090 2776 1428 2862 occupatio
1457 2776 1662 2864 eligat
1705 2799 1789 2843 ea
1816 2799 1965 2865 quae
1994 2778 2205 2866 magis
2234 2776 2705 2845 consideranda
2732 2775 2933 2842 eunt.⁴

835 2877 1012 2959 Quia
1055 2900 1194 2944 non
1235 2900 1503 2966 possum
1556 2881 1719 2946 satis
1770 2879 2013 2968 juvare
2058 2880 2585 2969 magnitudinem
2659 2900 2931 2967 occupa-

831 2981 1094 3046 tionum
1139 2986 1530 3061 vestrarum,
1577 3004 1656 3049 eo
1701 2984 1881 3069 quod
1925 2988 2085 3050 sunt
2130 2978 2355 3070 quasi⁵
2396 2982 2698 3049 infinitae.

922 3082 1328 3149 Enumeravi
1383 3106 1544 3151 vero
1599 3085 2039 3153 intentionem
2106 3086 2395 3173 partium
2446 3084 2682 3173 Operis
2726 3083 2933 3151 Primi

827 3184 1189 3252 secundum
1233 3184 1531 3252 ordinem
1575 3192 1835 3254 naturae
1878 3189 1949 3253 in
2013 3188 2333 3276 partibuS,
2395 3188 2645 3254 scilieet
2705 3208 2933 3254 secun-

831 3287 992 3355 dum
1035 3288 1352 3375 majorem
1399 3288 1839 3377 dignitatem3
1894 3296 1965 3356 et
2007 3291 2157 3356 ideo
2200 3291 2376 3358 inter
2416 3290 2723 3356 scientias
2768 3310 2933 3376 quas

828 3390 1026 3479 tetigi
1069 3390 1288 3479 incepi
1332 3392 1420 3457 ab
1465 3392 1722 3479 ultima,
1753 3392 2001 3459 scilieet
2042 3415 2085 3457 a
2126 3392 2360 3458 morali
2403 3391 2830 3479 philosophia,
2862 3397 2933 3457 et

828 3492 1064 3559 deinde
1133 3516 1174 3559 a
1239 3495 1518 3561 scientia
1579 3494 2124 3581 experimentali3
2192 3497 2263 3560 et
2324 3494 2417 3560 sic
2460 3494 2640 3560 ultra
2697 3493 2929 3559 ordine

829 3596 1160 3661 contrario
1221 3594 1324 3661 illi
1368 3618 1570 3683 quam
1633 3597 1705 3662 in
1768 3597 2155 3664 executione
2209 3596 2534 3663 tenebam.
2624 3594 2757 3663 Sed
2806 3595 2930 3661 hoc

825 3695 983 3761 lieet
1028 3696 1116 3762 ad
1162 3696 1662 3764 delectationem
1709 3702 1781 3765 et
1830 3720 2121 3765 amorem
2174 3698 2521 3787 sapientiae
2580 3698 2792 3786 magis
2834 3698 2931 3764 al·-

821 3795 1106 3875 liciebat,
1155 3802 1226 3863 et
1268 3796 1391 3864 hoc
1435 3800 1731 3887 oportuit
1774 3800 1921 3867 fieri
1963 3800 2035 3866 in
2096 3801 2313 3889 prima
2354 3800 2786 3888 persuasione,
2850 3806 2929 3867 ut

821 3898 1082 3964 animus
1143 3896 1620 3986 praeveniretur
1675 3902 1963 3989 quadam
2026 3903 2359 3969 suavitate
2422 3902 2925 3993 complacentiae,

819 4004 1043 4065 tamen
1087 4001 1307 4067 minus
1367 4001 1524 4068 fecit
1585 4004 1673 4069 ad
1735 4003 2269 4093 intelligentiam,
2328 4024 2477 4095 quae
2535 4004 2931 4070 naturaliter

818 4100 1001 4188 prior
1043 4106 1146 4168 est
1190 4100 1666 4186 delectation03
1730 4110 1801 4172 et
1844 4106 1995 4174 ideo
2037 4128 2395 4195 prosequar
2436 4110 2659 4194 partes
2700 4126 2929 4173 secun-

879 4498 894 4531 ¹
919 4498 1000 4568 ⁸⁸]
1039 4502 1186 4568 quod·
1209 4503 1270 4555 B·
1916 4506 2074 4575 euna]
2144 4508 2311 4561 These
2336 4508 2509 4562 marks
2530 4510 2597 4561 do
2618 4514 2709 4561 not
2738 4522 2929 4574 appear

873 4580 896 4610 ²
915 4582 1099 4649 m]
1137 4598 1236 4634 0¹¹1·
1270 4582 1333 4637 T·
1916 4590 1971 4639 in
2002 4603 2107 4655 any
2138 4588 2201 4641 of
2223 4589 2310 4641 the
2340 4588 2495 4643 MSS.
2528 4588 2699 4641 which
2730 4586 2761 4638 1
2794 4588 2924 4640 have

869 4660 894 4693 ²
914 4659 1262 4730 demeum-avi]
1299 4662 1568 4728 declaravi,
1603 4664 1665 4717 Τ.
1918 4682 2053 4721 seen.

871 4738 1086 4805 ‘dome
1141 4776 1156 4797 .
1191 4776 1206 4797 .
1241 4777 1258 4797 .
1292 4778 1306 4797 .
1344 4779 1359 4796 .
1395 4780 1410 4797 .
1458 4744 1811 4797 consideranda
1980 4748 2137 4800 ‘unt
2152 4745 2325 4815 quasi]
2363 4748 2507 4816 quui
2538 4754 2673 4812 nunt,
2706 4746 2771 4801 Τ.
2804 4744 2867 4799 Β.
