3517 5750
484 1930 618 1985 'that
638 1934 725 1987 the

484 2001 637 2051 world
648 2002 791 2054 isone
852 2043 866 2057 .

824 806 951 873 140
1566 820 1822 873 nouem
1869 819 2158 875 mcoms
2743 808 2922 897 [cAr.

818 994 892 1060 in
944 996 1193 1062 decimo
1244 996 1442 1063 tertio
1493 997 1662 1063 libro
1720 1000 2114 1085 geometriae.
2209 998 2342 1067 Sed
2389 1000 2622 1066 saltem
2669 1004 2927 1085 oportet

819 1099 995 1183 quod
1053 1098 1427 1184 hujusmodi
1472 1102 1782 1187 figuratio
1827 1124 2170 1190 corporum
2229 1102 2460 1168 mundi
2523 1102 2918 1167 destruatur.

822 1199 997 1265 Nam
1063 1222 1343 1267 vacuum
1408 1202 1709 1289 pluribus
1768 1204 1980 1271 modis
2039 1206 2366 1292 reperitur
2425 1205 2484 1269 si
2543 1203 2920 1289 hujusmodi

820 1303 1254 1389 configuratio
1298 1304 1691 1370 concedatur
1717 1330 1732 1386 ;
1777 1305 1933 1391 quia
1974 1308 2209 1373 saltem
2239 1307 2310 1372 in
2341 1307 2499 1373 coelo
2530 1312 2599 1371 et
2628 1306 2700 1370 in
2735 1327 2919 1391 aqua.

821 1404 922 1469 De
966 1405 1195 1491 figuris
1239 1408 1413 1471 enim
1458 1409 2006 1496 respondentibus
2051 1409 2182 1475 illis
2227 1409 2604 1497 corporibus
2665 1414 2918 1473 certum

819 1511 920 1571 est
962 1508 1137 1593 quod
1182 1530 1313 1574 non
1358 1514 1635 1596 possunt
1678 1510 1892 1577 locum
1937 1512 2202 1598 replere.

1653 1760 1810 1829 OAP.
1862 1759 2066 1829 ΧῙιΙ.ι

907 1940 1191 2007 DEINDE
1220 1938 1500 2008 conclusi
1518 1940 1545 1980 ⁹
1589 1942 1880 2009 breviter
1909 1964 2028 2030 per
2064 1942 2487 2030 geometricas
2517 1943 2918 2008 demonstra-

482 2068 583 2117 and
598 2067 751 2121 finite.
816 2042 1063 2110 tlones⁸
1122 2045 1447 2111 unitatem
1508 2044 1742 2111 mundi
1803 2052 1874 2111 et
1939 2044 2310 2126 finitatem3
2374 2046 2530 2131 quia
2597 2045 2920 2109 Averroes

482 2981 617 3034 ‘rhu
636 2985 677 3036 it
696 2985 741 3038 is

480 3064 593 3102 one.

816 2168 1009 2234 super
1076 2146 1467 2235 principium
1536 2147 1685 2214 ooeli
1747 2154 1820 2214 et
1878 2148 2128 2225 mundi,
2175 2148 2292 2235 qui
2351 2148 2540 2234 ponit
2597 2147 2919 2213 mundum

817 2270 953 2315 esse
996 2248 1351 2331 infinitum,
1412 2256 1532 2316 aut
1592 2248 1870 2315 mundos
1929 2250 2165 2336 plures,
2227 2271 2358 2315 non
2403 2254 2620 2336 potest
2679 2270 2920 2335 ponere

817 2350 1066 2438 ipsum⁴
1093 2352 1336 2419 habere
1366 2351 1635 2439 aliquod
1664 2352 2080 2439 principium,
2104 2374 2315 2439 neque
2345 2356 2682 2427 ueternum,
2711 2372 2923 2436 neque

817 2476 949 2519 non
1013 2458 1349 2521 aeternum.
1454 2454 1625 2537 Quia
1690 2454 1749 2519 si
1817 2459 1987 2521 esset
2056 2454 2356 2520 infinitus
2422 2461 2581 2519 tunc
2647 2452 2920 2520 haberet

814 2556 1183 2641 potentiam
1240 2556 1590 2637 infinitam,
1652 2562 1723 2622 et
1791 2562 1961 2622 esset
2024 2556 2222 2637 DeuS,
2287 2555 2395 2622 et⁶
2457 2578 2594 2621 non
2650 2555 2923 2621 haberet

816 2657 1227 2745 principium.
1310 2659 1381 2723 Si
1427 2659 1662 2745 plureS,
1697 2664 1860 2724 tunc
1895 2663 2112 2725 essent
2141 2658 2362 2747 plures
2391 2655 2522 2723 dii⁶
2563 2658 2916 2724 secundum

815 2759 1266 2844 pluralitatem
1311 2761 1709 2826 mundorum
1736 2784 1753 2841 ;
1801 2760 1978 2847 quod
2007 2766 2108 2827 est
2152 2760 2570 2848 impossibile.
2650 2760 2741 2825 Et
2769 2760 2919 2825 ideo

816 2883 951 2927 non
995 2860 1317 2929 haberent
1362 2862 1579 2928 Deum
1624 2866 2002 2946 creatorem,
2049 2861 2202 2931 nec⁷
2246 2863 2660 2952 principium.

908 2963 1001 3029 Et
1043 2965 1191 3031 ideo
1248 2965 1354 3032 hee
1399 2965 1721 3034 veritates
1781 2977 1937 3033 sunt
1995 2967 2202 3054 magis
2259 2966 2660 3054 theologicae,
2721 2987 2918 3052 quam

818 3066 1045 3132 multae
1090 3065 1236 3134 aliae
1268 3089 1310 3132 a
1339 3069 1663 3156 theologis
1708 3067 2085 3155 disputatae,
2117 3079 2194 3134 ut
2238 3068 2320 3134 de
2349 3069 2578 3155 figura,
2609 3078 2677 3134 et
2719 3073 2918 3144 motu,

818 3172 886 3234 et
929 3167 1330 3256 hujusmodi.
1422 3171 1555 3237 Sed
1600 3169 1755 3257 quia
1799 3192 1934 3236 non
1979 3177 2139 3237 sunt
2191 3171 2262 3236 in
2305 3193 2430 3236 usu
2489 3193 2712 3237 eorum
2773 3170 2920 3235 ideo

816 3270 1082 3337 brevius
1140 3271 1434 3339 transivi.
1525 3271 1595 3338 N
1596 3295 1727 3338 unc
1789 3277 2014 3340 autem
2075 3273 2316 3339 addam
2376 3271 2596 3360 aliqua.
2639 3293 2787 3360 quae
2847 3273 2920 3336 in

816 3373 963 3438 aliis
1008 3374 1315 3461 operibus
1358 3397 1492 3440 non
1534 3374 1884 3442 habentur.
1975 3375 2368 3441 Aristoteles
2427 3389 2646 3441 autem
2707 3374 2920 3461 primo

817 3475 981 3542 Coeli
1027 3487 1096 3543 et
1142 3475 1424 3542 Mundi⁰
1485 3477 1709 3564 arguit
1754 3498 1963 3543 unum
2027 3477 2348 3542 mundum
2405 3499 2582 3557 esse3
2645 3499 2798 3542 nam
2863 3475 2921 3541 si

812 3577 1032 3663 plures
1078 3583 1292 3645 essent
1334 3585 1494 3645 tunc
1537 3589 1713 3646 terra
1755 3579 2101 3667 utriusque
2147 3583 2320 3646 esset
2339 3577 2366 3616 ⁰
2396 3601 2532 3644 una
2559 3579 2918 3645 secundum

812 3680 1107 3766 speciem,
1140 3680 1312 3747 sicut
1340 3681 1491 3747 duae
1520 3681 1733 3769 glebae
1778 3679 1968 3747 istius
2000 3687 2193 3748 terrae
2240 3703 2388 3768 quse
2431 3703 2608 3747 nunc
2653 3686 2754 3746 est
2767 3679 2817 3718 ¹⁰
2845 3681 2918 3744 in

813 3779 937 3846 hoc
979 3781 1269 3864 mundo;
1314 3783 1429 3848 sed
1475 3782 1673 3848 unius
1716 3783 1814 3848 rei
1860 3781 2220 3850 secundum
2268 3783 2546 3870 speciem
2593 3788 2696 3849 est
2747 3803 2920 3848 unus

879 4105 893 4138 ¹
920 4104 1031 4159 The
1064 4115 1415 4174 arrangement
1446 4108 1506 4160 of
1550 4108 1635 4159 the
1669 4124 1815 4174 μη·
1869 4122 1876 4148 ¹
1979 4109 1996 4139 ⁴
2013 4125 2194 4176 ponere
2217 4105 2398 4176 imm]
2436 4107 2599 4174 59⁵³OE
2631 4119 2833 4174 P⁰¹¹0ff2
2857 4107 2920 4161 Β·

808 4187 995 4252 graphs
1040 4186 1095 4236 in
1139 4186 1241 4238 this
1282 4187 1488 4252 chapter
1530 4188 1575 4237 is
1617 4191 1816 4254 greatly
1980 4203 2001 4231 ι
2021 4201 2094 4268 et]
2133 4202 2265 4268 quia,
2298 4201 2360 4253 T.

808 4267 1046 4318 confused
1067 4266 1122 4316 in
1142 4267 1205 4316 B.
1278 4266 1389 4318 The
1417 4267 1664 4318 additions
1686 4268 1816 4318 have
1978 4294 1998 4322 ι
2021 4293 2120 4360 dig]
2159 4293 2332 4344 munds
2384 4293 2446 4345 T,

806 4347 933 4397 been
979 4344 1196 4397 inserted
1228 4344 1283 4395 in
1327 4343 1381 4406 it,
1420 4347 1493 4412 by
1534 4346 1619 4396 the
1652 4353 1812 4396 trans·
2335 4331 2350 4356 ⁹

807 4425 985 4487 eriber,
1007 4425 1219 4476 without
1250 4426 1348 4475 dne
1380 4427 1563 4492 reg-ard
1592 4432 1648 4476 to
1679 4425 1812 4477 their
1971 4385 1994 4507 Ζ
2018 4384 2142 4488 noe]·
2170 4401 2346 4452 'mque’
2381 4387 2443 4437 Τ·
2490 4479 2502 4492 ·

806 4516 988 4571 proper
1009 4505 1169 4556 order,
2019 4473 2139 4528 C'oeh
2163 4485 2210 4528 εί
2232 4475 2448 4545 Mundi]
2487 4495 2520 4528 Ι.
2545 4483 2593 4529 9ο

872 4587 893 4616 ²
914 4582 1151 4650 conclusa]
1192 4583 1335 4650 Opus
1358 4583 1542 4648 Maius,
1566 4598 1615 4648 p.
1641 4589 1724 4634 98,
1970 4568 1991 4598 ⁰
2013 4575 2144 4619 terra
2167 4606 2179 4620 .
2203 4606 2217 4619 .
2243 4606 2254 4620 .
2273 4571 2422 4636 esset]
2451 4578 2596 4622 terrae
2621 4607 2633 4622 .
2658 4605 2672 4621 .
2699 4607 2710 4620 .
2735 4579 2914 4623 essent.

872 4665 893 4696 ⁸
915 4662 1361 4729 demonstrationes]
1435 4662 1807 4728 disputationes,
1905 4663 1968 4715 Τ.

806 4745 869 4796 Τ.
1957 4745 1994 4775 ¹⁰
2018 4743 2115 4810 est]
2155 4753 2286 4808 sunt,
2311 4745 2369 4796 L.
