3517 5750
570 840 741 927 Lm]
1358 854 1533 905 orus
1577 856 1898 905 manvu.
2287 822 2294 829 ’
2547 838 2676 902 215

570 1036 641 1097 et
670 1030 895 1096 omnia
923 1030 1207 1095 redeunt
1250 1031 1337 1095 ad
1383 1030 1561 1095 idem
1590 1032 1910 1117 temporis
1955 1029 2364 1118 principium.
2457 1029 2550 1093 Et
2577 1028 2685 1092 hic

570 1133 807 1220 cyclu8‚
854 1155 1005 1198 cum
1050 1132 1409 1200 canonibus
1454 1134 1591 1198 suis
1634 1138 1706 1198 et
1748 1132 2292 1220 expositionibus,
2341 1136 2443 1197 est
2503 1129 2681 1218 apud

570 1258 681 1303 eos
723 1235 867 1302 loco
912 1236 1225 1323 computi,
1268 1238 1341 1301 et
1384 1234 1757 1302 kalendarii
1801 1234 1980 1322 apud
2023 1255 2159 1313 nos,
2207 1240 2534 1320 quantum
2594 1232 2682 1297 ad

571 1339 795 1405 multa.
888 1339 981 1403 Et
1054 1338 1225 1404 hanc
1298 1338 1599 1403 tabulam
1672 1338 1886 1403 literis
1961 1336 2308 1403 Hebraicis
2382 1337 2533 1400 misi
2609 1336 2680 1399 in

570 1441 785 1529 Opere
830 1440 1088 1527 Majori,
1136 1438 1286 1507 cuni
1330 1440 1471 1527 ejus
1540 1442 1951 1529 expositione
1993 1444 2063 1506 et
2108 1440 2466 1505 canonibus
2524 1438 2676 1517 suis,

569 1545 927 1612 secundum
972 1543 1151 1631 quod
1194 1545 1489 1632 pertinet
1532 1544 1618 1610 ad
1663 1549 2048 1632 computum
2093 1564 2333 1609 eorum.

1456 1842 1613 1910 CAP.
1662 1842 1802 1909 LV.

668 2046 917 2111 POSITA
959 2045 1051 2112 sic
1112 2044 1187 2111 in
1248 2044 1607 2113 universali
1672 2045 1928 2114 ratione
1989 2044 2304 2134 temporis
2367 2043 2682 2115 Hebraeo-
2706 2056 2950 2121 Applica-

576 2170 743 2229 rum,
790 2171 967 2215 nunc
1010 2149 1163 2215 volo
1221 2148 1549 2238 applicare
1608 2172 1755 2216 eam
1807 2150 1893 2215 ad
1953 2148 2377 2236 Scripturam‚
2425 2156 2564 2215 tam
2611 2150 2682 2216 in
2704 2123 2990 2255 fflgg‘ffiss‘

576 2252 775 2317 Novo
834 2274 1033 2338 quam
1110 2252 1183 2316 in
1257 2250 1489 2318 Veteri
1554 2252 1996 2330 Testament0‚
2059 2274 2260 2338 quam
2319 2253 2406 2318 ad
2459 2253 2682 2339 aliqua
2704 2258 2929 2335 remarks
2954 2265 3006 2307 to

576 2354 893 2442 exempla,
926 2360 1005 2420 ut
1048 2354 1189 2421 haec
1232 2354 1567 2441 persuasio
1596 2354 1890 2441 requirit.
1980 2354 2278 2420 Primum
2309 2357 2680 2442 exemplum
2704 2339 2936 2456 ζᾞε
2965 2390 3020 2441 in

577 2457 860 2523 occurrit
902 2457 985 2523 de
1028 2457 1370 2524 lunatione
1420 2480 1464 2523 a
1514 2457 1838 2545 principio
1890 2458 2162 2523 mundi:
2241 2480 2397 2524 nam
2443 2458 2680 2545 vulgus
2706 2457 2992 2536 Scriptu3e3

578 2559 1031 2647 theologorum
1120 2561 1409 2626 aestimat
1498 2560 1676 2647 quod
1765 2559 1899 2626 fuit
1986 2560 2228 2648 plena;
2319 2566 2388 2627 et
2475 2560 2682 2647 aliqui
2704 2525 2970 2657 ἓξὲξῗξ.

578 2663 921 2728 doctorum
965 2667 1338 2729 sanctorum
1380 2661 1788 2729 inclinantur
1831 2663 1919 2729 ad
1961 2664 2084 2730 hoc
2127 2668 2397 2753 propter
2439 2663 2680 2751 perfec-
2705 2665 2943 2735 terpreta-

578 2766 827 2831 tionem
861 2786 1133 2853 operum
1162 2765 1557 2833 divinorum.
1650 2766 1783 2832 Sed
1813 2786 2010 2853 opera
2052 2766 2169 2831 illa
2209 2766 2598 2855 inceperunt
2641 2788 2685 2832 a
2705 2733 2830 2777 ‘¹⁰¹¹‘

580 2866 886 2951 tenebris,
934 2873 1005 2935 et
1046 2891 1091 2934 a
1133 2867 1417 2936 materia
1460 2868 1730 2936 confusa
1773 2869 2026 2951 mundi,
2071 2873 2143 2937 et
2187 2870 2450 2938 defectu
2493 2893 2683 2938 orna-

580 2975 691 3036 tus
734 2977 807 3038 et
848 2969 1311 3053 distinctionis,
1356 2977 1437 3038 ut
1497 2993 1723 3039 omnes
1766 2973 2077 3041 fatentur.
2201 2973 2362 3042 Ideo
2405 2997 2540 3040 non
2583 2977 2686 3041 est

580 3074 823 3140 mirum
880 3074 939 3140 si
1002 3079 1263 3163 tempus
1338 3074 1590 3163 incepit
1656 3076 1743 3142 ab
1801 3075 2295 3164 imperfectione
2358 3078 2522 3144 lucis
2584 3077 2684 3143 lu-

580 3199 777 3244 naris.

672 3281 765 3348 Et
830 3281 979 3347 cum
1023 3280 1070 3345 J
1072 3280 1248 3348 udaei
1312 3285 1385 3347 et
1451 3280 1795 3370 Scriptura
1811 3279 1834 3320 ¹
1888 3281 2174 3350 utuntur
2231 3290 2526 3370 tempore
2586 3283 2685 3348 lu-
2711 3296 2788 3350 Of
2801 3296 2886 3347 the
2903 3295 3002 3363 day

582 3383 747 3464 nari,
812 3389 884 3449 et
956 3405 1211 3450 menses
1284 3385 1549 3450 lunares
1620 3385 1946 3473 incipiant
2017 3409 2060 3451 a
2125 3386 2484 3464 noviluniO,
2549 3407 2684 3451 non
2708 3363 3024 3483 ffiffiffiffif

580 3509 625 3551 a
696 3486 1078 3574 plenilunio,
1154 3485 1423 3552 videtur
1498 3487 1766 3554 omnino
1839 3509 2097 3554 necesse
2171 3489 2348 3575 quod
2435 3489 2686 3575 primus

584 3588 829 3654 mensis
870 3589 945 3653 in
988 3588 1311 3676 principio
1346 3589 1667 3678 inceperit
1708 3613 1751 3655 a
1793 3590 2150 3658 novilunio,
2246 3589 2441 3672 Quod
2457 3591 2482 3628 ²
2525 3591 2686 3656 vero

586 3690 906 3777 Magister
980 3693 1053 3757 in
1128 3691 1465 3770 Historiis,
1546 3713 1745 3779 quem
1818 3694 2060 3781 vulgus
2133 3694 2450 3780 sequitur,
2525 3693 2688 3760 dicit

584 3794 761 3880 quod
823 3793 971 3860 Noe
1030 3815 1329 3881 egressus
1396 3799 1502 3860 est
1560 3817 1779 3862 arcam
1839 3795 2152 3863 vicesima
2211 3801 2449 3863 octava
2506 3796 2684 3877 luna,

586 3897 770 3962 Beda
813 3896 977 3964 dicit
1022 3897 1200 3983 quod
1242 3896 1561 3965 vicesima
1602 3899 1904 3986 septima,
1969 3905 2038 3966 et
2083 3900 2261 3988 quod
2303 3921 2426 3986 pro
2471 3921 2690 3966 errore

584 4020 703 4066 suo
776 3997 993 4086 fingit,
1068 3999 1333 4072 dicens:
1416 4009 1451 4037 “
1476 4001 1707 4071 Potest
1779 4008 2002 4070 autem
2078 4025 2216 4070 esse
2291 4003 2469 4090 quod
2543 4003 2691 4069 Noe

586 4109 623 4138 “
666 4121 960 4190 egressus
1004 4107 1107 4170 est
1148 4104 1231 4170 de
1270 4125 1423 4171 arca
1449 4104 1768 4172 vicesima
1795 4107 2091 4194 septima,
2115 4106 2259 4194 jam
2302 4107 2691 4173 imminente

586 4209 625 4243 “
668 4204 980 4272 vicesima
1044 4211 1319 4288 octava3
1409 4209 1630 4275 media
1672 4230 1831 4276 vero
1875 4213 2174 4297 tempora
2246 4215 2691 4276 extremorum

588 4313 625 4345 ‘⁶
668 4309 1135 4398 nomine-saepe
1178 4310 1609 4378 nominantur
1628 4310 2133 4393 ;”-—manifeste
2177 4316 2364 4400 patet
2409 4313 2690 4389 falsum3

586 4411 745 4502 quia
786 4411 833 4476 J
840 4413 1011 4479 udaei
1074 4435 1211 4480 non
1272 4414 1601 4502 incipiunt
1667 4417 1845 4482 diem
1905 4416 2037 4482 nisi
2099 4417 2185 4481 ab
2229 4437 2455 4482 occasu
2521 4414 2689 4480 solie.

588 4601 759 4608 --ο-..ι
790 4604 805 4608 -
825 4604 1249 4612 --..-..-—-.-—.-.--a·—
1267 4605 1422 4613 ——-—

657 4742 671 4774 ¹
697 4751 743 4795 et
769 4743 1057 4812 Scriptura]
1096 4759 1193 4796 om.
1218 4745 1281 4796 Τ.
1638 4737 1655 4814 1
1766 4745 1786 4775 ²
1815 4743 1982 4810 Quod]
2021 4745 2151 4810 quia,
2175 4719 2234 4795 Ta
2291 4709 2296 4716 ·
