3517 5750
1382 873 1557 927 orus
1599 876 1833 927 umus
2523 859 2654 925 333

554 1070 661 1117 ‘me
704 1048 1048 1137 confessus
1096 1049 1345 1136 fuerit.
1441 1051 1858 1138 Quapropter
1903 1049 2206 1115 damnari
2252 1048 2450 1115 debet
2509 1054 2656 1115 tex-

554 1156 665 1217 tus
708 1153 1169 1221 modernorum
1227 1154 1301 1218 in
1345 1154 1507 1233 loco,
1552 1160 1623 1219 et
1682 1154 2048 1237 antiquitas
2091 1151 2402 1218 revocari.

647 1253 797 1320 Hoc
836 1254 1049 1342 igitur
1092 1256 1485 1341 exemplum,
1524 1276 1675 1321 cum
1720 1254 1887 1335 aliis,
1930 1276 2079 1340 quse
2121 1274 2296 1341 pono
2339 1253 2412 1317 in
2455 1251 2658 1319 tertia

555 1360 745 1441 parte
818 1357 1052 1443 operis,
1130 1362 1199 1421 et
1272 1357 1345 1421 in
1410 1361 1665 1442 quarta,
1743 1355 1860 1421 ubi
1925 1355 2008 1421 de
2061 1355 2478 1421 arithmetica
2543 1374 2658 1419 seu

555 1456 638 1522 de
703 1458 996 1524 numeris
1060 1458 1285 1544 agitur
1326 1478 1445 1545 per
1488 1458 2044 1545 comparationem
2099 1457 2184 1523 ad
2247 1456 2657 1545 Scripturam

556 1557 893 1625 sufficiunt
993 1561 1205 1640 mod0‚
1313 1560 1519 1626 donec
1626 1558 1942 1647 dignetur
2029 1564 2252 1625 vestra.
2339 1558 2658 1624 celsitudo

554 1660 889 1745 requirere
960 1662 1425 1729 correctionem
1470 1662 1679 1728 totius
1736 1665 1964 1727 textus
2037 1658 2185 1727 c‘um
2259 1665 2439 1727 certa
2509 1682 2658 1747 pro-

557 1761 827 1828 batione
898 1762 1330 1830 correctionis,
1440 1763 1511 1829 N
1511 1785 1620 1829 am
1688 1763 1761 1828 in
1805 1762 2074 1829 ecclesia
2135 1762 2396 1829 habetis
2467 1761 2658 1829 vobis

556 1864 897 1951 subjectos,
989 1866 1104 1951 qui
1212 1866 1464 1933 habent
1551 1866 1625 1930 in
1730 1864 1855 1931 hac
1928 1886 2000 1931 re
2082 1865 2348 1953 plenum
2453 1886 2656 1951 posse,

556 1966 861 2051 quamvis
922 1966 1311 2054 gravissima
1386 1966 1581 2054 [sint]
1658 1972 1928 2053 propter
2015 1964 2515 2032 multitudinem
2589 1970 2659 2030 et

558 2068 1069 2134 immensitatem
1114 2068 1438 2135 falsitatis.
1530 2067 1709 2133 Nam
1754 2067 1924 2133 circa
1969 2068 2408 2154 quadraginta.
2451 2086 2659 2133 annos

564 2171 781 2258 [sunt]
854 2172 1051 2237 multi
1118 2170 1409 2257 theologi
1474 2169 1725 2234 infiniti
1785 2174 1854 2235 et
1913 2170 2284 2236 stationarii
2373 2169 2576 2235 Parisi
2584 2190 2660 2233 us

558 2294 790 2357 parum
835 2273 1139 2339 videntes
1184 2274 1305 2339 hoc
1347 2276 1832 2358 proposuerunt
1877 2272 2225 2357 exemplar.
2318 2269 2450 2352 Qui
2509 2292 2658 2337 cum
2689 2352 2706 2367 „

558 2374 862 2440 illiterati
904 2374 1153 2442 fuerint
1194 2377 1263 2441 et
1308 2372 1591 2453 uxorati,
1640 2393 1776 2438 non
1835 2378 2154 2451 curanteS‚
2219 2394 2342 2439 nec
2385 2374 2660 2439 scientes

560 2476 847 2561 cogitare
914 2475 998 2541 de
1068 2476 1355 2541 veritate
1396 2475 1647 2541 Textus
1690 2474 1876 2541 Sacri
1921 2478 2400 2561 proposuerunt
2443 2496 2660 2540 exem-

558 2576 773 2661 plaria
814 2576 1240 2643 vitiosissima
1262 2574 1281 2613 ¹
1330 2582 1401 2642 et
1444 2576 1790 2661 scriptores
1833 2576 2084 2641 infiniti
2129 2576 2531 2642 addiderunt
2575 2576 2660 2641 ad

560 2678 1045 2763 corruptionem
1112 2678 1357 2744 multas
1416 2678 1834 2744 mutationes.
1927 2677 2186 2743 Deinde
2245 2679 2406 2745 novi
2478 2678 2662 2743 theo-

562 2779 696 2866 logi
739 2801 876 2845 non
920 2780 1294 2845 habuerunt
1356 2800 1543 2866 posse
1588 2779 2016 2846 examinandi
2061 2779 2506 2866 exemplatim
2593 2783 2665 2845 et

564 2881 983 2948 crediderunt
1024 2883 1433 2948 stationariis
1491 2903 1531 2948 a
1576 2881 1914 2968 principio.
2024 2883 2158 2949 Sed
2217 2887 2446 2969 postea
2515 2903 2666 2948 con-

566 2985 1019 3050 sideraverunt
1060 3006 1325 3062 errores,
1374 2987 1445 3050 et
1488 2983 1800 3062 defectuS,
1835 2989 1905 3049 et
1931 2985 2263 3072 superflua.
2305 2984 2402 3050 ibi
2453 2985 2666 3050 multa

568 3107 743 3151 esse:
820 3085 999 3152 unde
1072 3087 1320 3151 iterum
1396 3088 1778 3172 proponunt
1839 3085 2198 3152 immutare
2249 3093 2320 3152 et
2379 3086 2666 3152 maxime

566 3188 697 3253 duo
759 3187 1035 3268 ordines,
1105 3193 1175 3253 et
1236 3187 1379 3273 jam
1453 3186 1842 3274 inceperunt
1914 3187 2250 3275 corrigere.
2359 3188 2452 3254 Et
2510 3188 2668 3275 quia

564 3293 765 3376 caput
837 3310 975 3356 non
1046 3290 1427 3354 habuerunt
1490 3287 1776 3374 quilibet
1843 3291 2131 3356 correxit
2189 3290 2360 3356 sicut
2433 3291 2664 3368 voluit,

566 3413 771 3478 usque
832 3392 905 3456 in
971 3391 1361 3457 hodiernum
1422 3390 1615 3456 diem.
1741 3390 1835 3458 Et
1899 3413 2046 3458 cum
2114 3389 2362 3457 habent
2441 3411 2668 3458 sensus

566 3494 875 3571 diversos,
920 3493 1161 3560 accidit
1225 3497 1419 3558 tanta
1480 3491 1835 3558 diversitas
1901 3492 1976 3556 in
2029 3496 2228 3558 textu
2294 3493 2472 3578 quod
2533 3513 2669 3558 non

564 3600 669 3660 est
710 3595 878 3660 finis.
968 3593 1101 3661 Sed
1146 3595 1598 3680 Hieronymus
1642 3593 1808 3659 dicit
1849 3593 1937 3660 ad
1977 3593 2385 3673 Damasum,²
2428 3594 2502 3658 in
2546 3594 2668 3660 hoc

565 3717 736 3775 casu,
786 3695 899 3762 ubi
945 3702 1047 3762 est
1094 3696 1456 3773 diversitas,
1505 3715 1641 3760 non
1692 3699 1794 3760 est
1836 3694 2082 3761 veritas
2125 3699 2306 3760 nota..

656 3799 833 3864 Item
878 3799 1035 3884 quia
1092 3819 1229 3863 non
1288 3802 1659 3883 sequuntur
1716 3796 2027 3883 antiquas
2080 3796 2348 3876 Biblias,
2395 3803 2466 3864 et
2507 3798 2666 3884 quia

564 3900 877 3986 ignorant
922 3899 1225 3967 Graecum
1276 3905 1347 3965 et
1392 3899 1774 3980 Hebraeum,
1822 3903 2082 3986 oportet
2134 3899 2313 3985 quod
2353 3899 2444 3966 sit
2488 3920 2668 3966 error

566 4001 883 4079 infinitus,
917 4002 1076 4088 quia
1119 4007 1349 4068 textus
1394 4023 1437 4067 a
1468 4000 1699 4068 Graeco
1744 4006 1818 4067 et
1863 3999 2150 4068 Hebraeo
2195 4001 2550 4082 descendit,
2595 4009 2668 4069 et

566 4103 651 4168 de
692 4103 939 4190 linguis
982 4103 1087 4168 his
1133 4102 1335 4170 habet
1380 4101 1701 4168 vocabula
1742 4102 2028 4169 infinita..
2120 4102 2299 4170 Item
2341 4125 2668 4192 gramma-

564 4205 698 4271 tica
759 4203 1079 4270 Prisciani
1142 4205 1215 4269 in
1276 4204 1511 4290 majori
1587 4203 1926 4270 volumine
1988 4205 2278 4272 maxime
2337 4203 2519 4272 valet
2578 4207 2665 4272 ad

566 4306 1033 4373 correctionem
1098 4312 1347 4373 textus.
1442 4305 1577 4372 Sed
1652 4305 1944 4393 theologi
2003 4327 2139 4372 non
2216 4313 2503 4374 utuntur
2570 4329 2666 4390 ea,

566 4430 689 4475 nec
740 4410 1116 4488 advertunt,
1164 4409 1323 4494 quia
1370 4407 1487 4496 qui
1536 4412 1696 4474 sunt
1739 4408 1994 4475 artistae
2033 4408 2383 4496 negligunt
2425 4409 2668 4475 librum

635 4747 649 4779 ¹
675 4745 1010 4815 vitiorium]
1046 4742 1243 4805 vitiosa,
1264 4745 1436 4812 Hody.
1614 4743 1626 4812 1
1690 4745 1712 4776 ²
1732 4743 2034 4811 Damam]
2073 4744 2169 4810 Ep.
2193 4744 2504 4798 xviii.=1⁴2
2525 4748 2551 4798 ?
