3517 5750
560 876 639 965 1.]
1233 889 1693 939 conrnummt
1738 888 1990 939 swnn.
2531 872 2662 945 397
2724 959 2748 979 κ

562 1065 713 1131 ticae
758 1068 828 1130 et
872 1064 1261 1152 operativae;
1302 1064 1551 1129 scilicet
1589 1062 1748 1149 quia
1783 1062 2200 1129 considerant
2239 1084 2435 1150 opera
2471 1062 2668 1129 utilia

559 1169 632 1232 in
684 1166 966 1247 ecclesia,
1019 1171 1091 1233 et
1140 1166 1493 1253 republica,
1544 1171 1615 1232 et
1673 1170 1822 1231 toto
1881 1166 2168 1247 mund03
2233 1166 2389 1232 licet
2441 1170 2664 1231 tamen

562 1269 933 1356 specialiter
1008 1273 1079 1335 et
1136 1268 1622 1334 antonomatice
1696 1272 2019 1333 vocentur
2089 1268 2444 1355 practicae;
2521 1289 2670 1355 quae

563 1371 979 1437 considerant
1022 1391 1217 1459 opera
1258 1372 1587 1436 virtutum
1632 1374 1701 1437 et
1744 1369 1918 1450 vitii,
1947 1391 2215 1456 poenam
2259 1375 2330 1436 et
2371 1370 2667 1457 gloriam,

564 1472 931 1559 cujusmodi
974 1476 1131 1538 sunt
1176 1472 1507 1559 theologia
1549 1493 1698 1537 cum
1733 1471 1886 1557 jure
1931 1472 2258 1553 canonico,
2299 1476 2366 1538 et
2406 1472 2670 1537 moralis

562 1574 975 1663 philosophia
1019 1596 1167 1640 cum
1222 1596 1339 1641 suo
1375 1577 1528 1661 jure
1572 1573 1771 1640 civili.
1865 1573 2109 1640 Omnes
2155 1574 2332 1639 enim
2377 1573 2526 1640 aliae
2571 1575 2672 1639 di-

564 1681 806 1743 cuntur
878 1677 1303 1765 speculativae
1374 1677 1448 1742 in
1525 1676 2011 1763 comparatione
2091 1676 2425 1758 istarum3
2515 1678 2672 1763 quia

566 1800 763 1866 opera
817 1779 1208 1867 principalia
1276 1799 1425 1864 quae
1492 1778 1724 1843 valent
1786 1778 2040 1843 homini
2097 1783 2255 1844 sunt
2314 1779 2460 1858 ista,
2523 1801 2672 1865 quae

566 1885 781 1971 ipsum
844 1883 1155 1949 ordinant
1208 1882 1281 1949 in
1355 1881 1567 1947 vitam
1642 1886 1978 1963 aeternam,
2041 1885 2111 1948 et
2173 1881 2524 1948 retrahunt
2587 1882 2673 1948 ab

564 1986 845 2052 inferno,

654 2088 788 2155 Sed
850 2087 937 2152 ad
1002 2087 1227 2153 omnia
1294 2086 1555 2153 scienda
1628 2086 1864 2152 modus
1939 2086 2228 2173 optimus
2301 2086 2672 2173 requiritur.
2696 2090 2920 2143 Method.

566 2190 957 2257 Aristoteles
1015 2211 1175 2255 vero
1231 2189 1305 2253 in
1364 2190 1645 2281 secundo
1709 2187 2210 2276 Metaphysicae¹
2274 2188 2442 2269 vult,
2497 2189 2673 2274 quod

564 2291 801 2357 modus
860 2290 1107 2357 sciendi
1166 2291 1559 2376 requiratur,
1622 2296 1980 2377 antequam
2040 2290 2236 2356 homo
2298 2290 2510 2357 discat
2567 2292 2676 2358 vel

562 2416 682 2481 per
740 2415 807 2459 se
866 2394 1175 2479 inquirat.
1270 2392 1525 2459 Malum
1572 2393 1749 2457 enim
1801 2397 1921 2473 est,
1967 2396 2047 2458 ut
2091 2392 2204 2473 ait,
2253 2392 2450 2459 simul
2501 2416 2674 2479 quae-

562 2518 705 2561 rere
752 2496 1097 2563 scientiam
1148 2499 1221 2561 et
1272 2495 1541 2562 modum
1602 2494 1867 2576 sciendi,
1916 2495 2076 2581 quia
2128 2496 2340 2581 primo
2389 2517 2676 2583 quaerere

568 2598 769 2663 debet
852 2598 1143 2678 modum,
1214 2601 1293 2663 ut
1374 2598 1653 2663 feliciter
1731 2598 1816 2663 ad
1899 2597 2242 2663 scientiam
2316 2598 2676 2685 perveniat.

570 2701 764 2781 Quod
808 2700 864 2765 si
908 2722 1044 2765 non
1083 2698 1301 2781 faciat,
1344 2700 1473 2765 erit
1512 2699 1745 2766 similis
1783 2700 1900 2778 illi,
1947 2700 2063 2787 qui
2106 2700 2254 2767 vult
2305 2722 2532 2767 curare
2577 2702 2678 2765 in-

566 2804 791 2869 firmos
851 2808 1205 2890 antequam
1260 2802 1425 2869 sciat
1483 2804 1752 2868 modum
1813 2802 2140 2888 medendi,
2201 2804 2374 2871 sicut
2431 2804 2677 2871 ibidem

568 2906 915 2987 AverroeS,
962 2909 1441 2972 commentator
1486 2905 1882 2987 Aristotelis,
1927 2907 2284 2974 sententiat
2329 2908 2676 2994 eleganter.

572 3007 813 3074 Modus
856 3008 1034 3073 enim
1090 3013 1191 3073 est
1236 3012 1315 3073 ut
1358 3007 1579 3094 priora
1626 3007 1701 3072 in
1745 3009 1975 3074 ordine
2019 3009 2336 3076 doctrinae
2388 3010 2680 3077 sciantur

569 3117 723 3176 ante
788 3111 1169 3198 posteriora,
1216 3115 1288 3175 et
1350 3109 1647 3176 faciliora
1708 3115 1866 3177 ante
1933 3111 2312 3193 difficiliora,
2378 3117 2449 3178 et
2507 3135 2678 3179 com-

569 3213 798 3278 munia
870 3215 1028 3276 ante
1095 3210 1377 3298 propria,
1442 3215 1512 3277 et
1577 3212 1836 3278 minora
1898 3219 2055 3278 ante
2097 3214 2362 3301 majora,
2409 3220 2490 3281 ut
2541 3237 2678 3282 ma-

574 3312 889 3378 nifestum
936 3317 1077 3398 est3
1122 3318 1194 3378 et
1240 3317 1320 3379 ut
1363 3313 1436 3378 in
1480 3313 1704 3380 electis
1749 3321 1820 3380 et
1857 3314 2136 3380 utilibus
2177 3315 2299 3381 fiat
2345 3317 2682 3404 occupatio

576 3414 1009 3492 studentium,
1058 3415 1215 3501 quia
1256 3415 1403 3481 vita
1445 3415 1666 3482 brevis
1719 3421 1834 3484 est.
1925 3415 2018 3482 Et
2063 3422 2143 3482 ut
2199 3417 2680 3484 certitudinali-

572 3525 678 3583 ter
722 3516 862 3582 sine
908 3516 1343 3597 dubitatione,
1378 3523 1448 3582 et
1490 3517 1685 3605 plane
1730 3519 1872 3584 sine
1917 3517 2333 3599 obscuritate,
2379 3519 2684 3585 tradatur

574 3619 922 3706 sapientia,
984 3619 1165 3705 quod
1227 3619 1628 3706 impossibile
1688 3625 1791 3687 est
1847 3620 1991 3686 fieri
2058 3620 2199 3686 sine
2260 3621 2679 3707 experientia

578 3721 755 3802 Quia
798 3720 952 3787 licet
995 3742 1113 3808 per
1156 3721 1292 3787 tria
1333 3720 1632 3803 sciamus,
1678 3721 1879 3788 videl]
1887 3729 1990 3790 cet
2032 3743 2150 3810 per
2198 3723 2678 3808 auctoritatem,
2705 3741 3017 3811 Knovledge

572 3829 643 3890 et
719 3824 1064 3903 rationem,
1128 3829 1197 3889 et
1272 3824 1768 3911 experientiam,
1833 3830 2056 3892 tamen
2121 3827 2478 3893 auctoritas
2543 3849 2676 3894 non
2701 3809 2972 3944 {fftffority

570 3926 752 4012 sapit
812 3925 944 3990 nisi
1004 3925 1201 3991 detur
1258 3925 1400 4010 ejus
1466 3926 1657 4008 ratio,
1718 3949 1840 3994 nec
1912 3927 2032 3993 dat
2097 3928 2507 3996 intellectum
2566 3931 2678 3997 sed
2703 3959 2895 4004 reason,

572 4028 1075 4108 credulitatem3
1123 4027 1448 4094 credimus
1492 4029 1669 4095 enim
1714 4031 2112 4112 auctoritati,
2154 4031 2270 4096 sed
2311 4053 2448 4098 non
2490 4054 2683 4121 prop-
2704 4026 2767 4061 ‘²¹
2771 4025 3015 4075 peneum.

573 4133 675 4194 ter
730 4150 875 4194 eam
926 4128 1381 4216 intelligimus.
1490 4129 1634 4197 Nec
1696 4131 1870 4198 ratio
1934 4136 2154 4220 potest
2220 4134 2382 4200 scire
2443 4157 2530 4200 an
2583 4157 2683 4201 so—

576 4231 840 4318 phisma
912 4231 1025 4298 vel
1099 4230 1595 4313 demonstratio,
1656 4233 1789 4298 nisi
1861 4234 2336 4301 conclusionem
2403 4236 2682 4302 sciamus

574 4332 863 4420 experiri
938 4353 1055 4420 per
1129 4354 1343 4420 opera,
1410 4337 1493 4397 ut
1564 4333 1837 4400 inferius
1909 4334 1984 4399 in
2058 4337 2348 4402 scientiis
2430 4339 2680 4424 experi-

570 4434 971 4500 mentalibus
1038 4434 1517 4502 demonstrabO.
1620 4433 1812 4500 Nihil
1873 4439 2100 4502 tamen
2143 4439 2272 4504 nisi
2329 4440 2676 4506 minimum

1310 4761 1325 4794 ¹
1349 4757 1733 4830 Memphyea'coe]
1759 4761 1814 4816 ii.
1841 4768 1887 4829 1,
1912 4768 1958 4816 ³.
