3517 5750
919 873 1052 938 510
1663 885 1923 940 soom
1966 885 2261 938 mooms
2842 869 3033 958 [car.

913 1063 1138 1144 ἀαεία,
1199 1063 1443 1132 scilicet
1503 1063 1753 1154 kappa,
1792 1063 1901 1152 pi,
1962 1085 2061 1142 ro,
2120 1061 2241 1150 tas.
2350 1061 2445 1130 Et
2502 1063 2666 1150 quia
2728 1062 3027 1130 multum

909 1168 1202 1236 adhaerst
1247 1169 1564 1256 aspiratio
1609 1169 1831 1249 mutis,
1876 1166 2028 1234 ideo
2088 1165 2303 1234 Graeei
2356 1165 2433 1232 in
2488 1165 2689 1253 hujus
2744 1165 3036 1254 signum·

911 1277 1262 1342 inveniunt
1301 1296 1506 1342 unam
1549 1277 1833 1364 figuram
1876 1273 1951 1340 in
1980 1295 2183 1362 quam
2212 1272 2662 1340 includeretur
2704 1271 3024 1358 aspiratio

911 1379 1108 1444 simul
1151 1399 1300 1446 cum
1345 1377 1556 1444 litera.
1677 1377 2033 1465 Aspiratur
2075 1379 2301 1442 autem
2342 1397 2423 1441 m
2466 1397 2675 1462 quum
2718 1375 2793 1440 in
2832 1374 3021 1461 prin-

909 1481 1082 1567 cipio
1127 1481 1436 1547 dictionis
1477 1481 1770 1568 ponitur,
1832 1483 1915 1545 ut
1954 1477 2193 1546 rhima
2250 1477 2569 1558 verbum3
2644 1483 2717 1545 et
2754 1477 3023 1563 quando

911 1583 982 1648 in
1049 1583 1370 1671 principio
1435 1583 1746 1650 dictionis
1818 1581 2213 1670 geminatur,
2276 1585 2359 1646 ut
2430 1579 2765 1666 Pynhus.
2884 1582 3025 1652 Sed

908 1707 1041 1752 non
1085 1687 1293 1766 aliter,
1353 1690 1436 1752 ut
1479 1685 1768 1772 sphoera,
1834 1684 2019 1752 hora.
2112 1684 2205 1749 Et
2246 1683 2433 1749 nulla
2482 1689 2587 1750 est
2644 1685 2847 1752 dictio
2892 1688 3025 1754 La-

909 1789 1056 1856 tina
1127 1788 1200 1854 in
1273 1809 1474 1876 quam
1565 1807 1933 1856 consonans
2006 1785 2351 1876 aspiratur,
2440 1785 2559 1852 sed
2646 1786 2877 1856 Graeca
2950 1799 3027 1858 et

911 1891 1152 1958 latina
1193 1911 1344 1978 quae
1387 1895 1490 1958 est
1547 1891 1622 1956 in
1665 1911 1795 1958 usu
1839 1889 2069 1968 Graeci,
2132 1894 2213 1954 ut
2255 1887 2734 1970 Rhomassed
2778 1894 2851 1958 in
2892 1915 3025 1960 usu

911 1993 1136 2061 Latini
1201 2015 1338 2060 non
1381 1993 1714 2080 aspiratur
1780 1991 2001 2080 prima
2042 1991 2315 2077 syllaba.
2410 1990 2504 2058 Et
2568 2013 2721 2058 cum
2766 1995 3025 2062 dictum

905 2101 1010 2162 est
1055 2095 1234 2182 quod
1274 2096 1519 2162 vocalis
1583 2117 1719 2160 non
1780 2095 2113 2182 aspiratur
2177 2113 2220 2158 a
2264 2098 2455 2180 parte
2521 2099 2675 2180 post
2734 2117 2870 2163 non
2916 2105 3025 2166 est

907 2198 1230 2264 instantia
1273 2199 1344 2264 in
1401 2197 1781 2284 hujusmodi
1814 2195 2383 2282 interjectionibus
2424 2195 2831 2282 indignandi,
2862 2201 3019 2282 vah,

905 2299 1014 2378 ak,
1061 2301 1232 2366 sicut
1271 2301 1434 2367 dicit
1477 2299 1871 2366 Priscianus.
1960 2299 2137 2364 Nam
2184 2317 2471 2386 apocopa
2498 2297 2673 2364 facta
2700 2307 3021 2371 exn-emas

907 2403 1120 2468 vocali
1195 2404 1302 2469 cui
1369 2403 1641 2468 additur
1713 2402 2050 2489 aspiratio,
2124 2399 2301 2466 unde
2358 2400 2645 2487 perfecta
2702 2409 2803 2470 est
2860 2427 3017 2486 vox,

905 2504 1164 2592 vah[a],
1211 2505 1364 2572 aha.
1427 2505 1560 2572 Sed
1603 2503 2005 2592 imperfectae
2046 2503 2485 2591 proferuntur,
2516 2504 2671 2589 quia
2714 2509 3017 2574 naturale

905 2613 1008 2673 est
1064 2607 1631 2692 interjectionibus
1680 2605 1959 2694 proferri
2020 2627 2179 2672 voce
2241 2605 2624 2672 abscondita
2664 2612 2735 2674 et
2778 2611 3019 2698 imper-

903 2713 1088 2780 fecta.
1186 2714 1516 2793 Quoniam
1559 2734 1695 2780 non
1736 2713 2131 2802 proferimus
2172 2711 2304 2777 nisi
2346 2718 2615 2799 propter
2662 2715 3015 2782 vehemen-

905 2814 1071 2881 tiam
1115 2815 1342 2907 gaudii
1387 2837 1464 2882 ac
1507 2816 1785 2897 timoris,
1852 2819 1973 2882 aut
2029 2815 2521 2903 indignationis,
2570 2821 2689 2883 aut
2730 2819 3017 2885 admira-

903 2916 1121 2997 tionis,
1168 2922 1288 2983 aut
1355 2918 1732 3002 hujusmodi
1778 2918 2153 3007 passionum
2198 2923 2269 2983 et
2312 2918 2729 2985 affectionum
2785 2924 3010 2989 animi.

903 3018 1035 3085 Sed
1080 3018 1345 3104 quando
1409 3020 1502 3085 sic
1561 3022 1871 3107 patimur,
1920 3020 2031 3086 vel
2072 3020 2457 3086 affectamur
2500 3022 2623 3087 vix
2680 3023 3015 3111 loquimur

903 3126 1168 3206 propter
1211 3122 1738 3208 magnitudinem
1794 3122 2023 3210 gaudii
2082 3128 2153 3189 et
2194 3122 2473 3188 aliarum
2516 3126 2907 3210 passionum,
2940 3134 3014 3194 et

901 3222 1046 3288 ideo
1091 3222 1502 3309 imperfectas
1547 3245 1737 3291 voces
1780 3225 2069 3290 facimus.
2162 3224 2297 3291 Sed
2339 3224 2715 3311 hujusmodi
2766 3227 3013 3295 debent

902 3346 1039 3391 esse
1083 3325 1578 3412 interjectiones
1623 3333 1694 3392 et
1735 3327 1988 3409 dicunt,
2052 3326 2202 3392 ideo
2246 3327 2499 3394 habent
2540 3350 2731 3395 voces
2774 3332 3014 3417 imper-

903 3428 1103 3494 fectas
1155 3434 1225 3495 et
1286 3428 1721 3496 absconditas.
1818 3429 1911 3495 Et
1984 3430 2187 3495 etiam
2260 3448 2453 3495 voces
2526 3430 2862 3517 Syrorum,
2940 3440 3013 3500 et

903 3532 1390 3619 AEgyptiorum,
1439 3537 1507 3597 et
1553 3530 2011 3609 Hebraeorum,
2059 3538 2130 3597 et
2180 3532 2475 3597 omnium
2526 3534 2831 3619 gentium
2888 3535 3013 3600 ali-

899 3654 1090 3699 arum
1133 3656 1176 3699 a
1218 3633 1464 3700 Graecis
1493 3639 1565 3700 et
1612 3633 1887 3713 Latinis,
1934 3640 2094 3699 sunt
2136 3634 2499 3701 conformes
2540 3636 3012 3722 interjectioni-

898 3736 1024 3801 bus
1068 3736 1428 3802 seeundum
1475 3735 1885 3801 Priscianum
1920 3742 1991 3802 et
2034 3736 2391 3803 secundum
2436 3738 2809 3821 veritatem,
2854 3742 3013 3827 quia

899 3837 970 3900 in
1013 3837 1149 3902 fine
1193 3839 1570 3924 aspirantur
1612 3839 1884 3905 vocales.

991 3936 1198 4002 Nulla
1272 3960 1434 4004 vero
1509 3939 1716 4007 dictio
1780 3940 2039 4019 Latina,
2116 3946 2199 4006 ut
2296 3941 2459 4020 dixi,
2550 3942 2756 4010 habet
2838 3946 3011 4032 aspi-

899 4044 1113 4104 ratam
1194 4046 1676 4121 consonantem,
1755 4043 1915 4129 quia
1986 4064 2122 4108 non
2180 4050 2281 4109 est
2354 4044 2680 4111 instantia
2752 4047 2827 4112 in
2884 4048 3010 4114 hu-

890 4141 1183 4228 jusmodi
1229 4142 1630 4209 dictionibus
1671 4144 1918 4223 nichil,
1970 4145 2207 4212 michi.
2300 4145 2461 4211 Non
2520 4148 2700 4213 enim
2764 4149 3009 4217 debent

899 4244 1098 4311 scribi
1139 4266 1258 4332 per
1302 4266 1352 4326 c,
1400 4246 1516 4311 sed
1559 4246 1700 4312 sine
1743 4268 1794 4326 c,
1842 4248 2032 4329 nihil,
2078 4247 2259 4313 mihi.
2370 4248 2464 4314 Et
2507 4250 2667 4335 quia
2709 4250 2807 4317 ibi
2850 4258 3009 4319 sunt

899 4346 1032 4413 duo
1075 4346 1110 4413 ’ἱ
1152 4348 1386 4414 brevia
1437 4348 1822 4415 coincidunt
1868 4355 2139 4437 propter
2202 4350 2605 4418 brevitatem
2666 4353 2743 4419 in
2804 4376 3009 4421 unam

898 4449 1190 4515 vocalem
1261 4450 1527 4538 longam
1601 4452 1853 4533 melius,
1912 4458 1993 4518 ut
2062 4452 2324 4519 dicatur
2380 4454 2511 4536 nil,
2586 4456 2695 4522 mi
2722 4480 2755 4536 ,·
2851 4458 3009 4544 quia

897 4552 1096 4617 scribi
1157 4552 1403 4618 debent
1492 4553 1632 4619 sine
1729 4554 2143 4643 aspiratione,
2250 4578 2455 4642 quum
2540 4559 2785 4623 vocalis
2875 4581 3011 4626 non

897 4654 1229 4742 aspiratur
1295 4656 1368 4719 in
1441 4654 1765 4742 principio
1840 4656 2190 4738 dictionis3
2264 4658 2420 4724 licet
2494 4659 2865 4746 aliquando,
2926 4667 3007 4727 ut

897 4754 1256 4837 vehentem,
1319 4757 1428 4823 hic
1471 4758 1718 4824 vocalis
1763 4760 2063 4826 secundae
2108 4760 2383 4848 syllabae
2428 4763 2773 4850 aspiratur.
2830 4764 3005 4846 Qua-
