<?xml version="1.0" encoding="UTF-8"?>
<!DOCTYPE html PUBLIC "-//W3C//DTD XHTML 1.0 Transitional//EN"
    "http://www.w3.org/TR/xhtml1/DTD/xhtml1-transitional.dtd">
<html xmlns="http://www.w3.org/1999/xhtml" xml:lang="en" lang="en">
 <head>
  <title>
</title>
<meta http-equiv="Content-Type" content="text/html;charset=utf-8" />
  <meta name='ocr-system' content='tesseract 3.04.00' />
  <meta name='ocr-capabilities' content='ocr_page ocr_carea ocr_par ocr_line ocrx_word'/>
</head>
<body>
  <div class='ocr_page' id='page_1' title='image "./frrogeribaconop00brewgoog_0255.png"; bbox 0 0 3517 5750; ppageno 0'>
   <div class='ocr_carea' id='block_1_1' title="bbox 802 876 2906 965">
    <p class='ocr_par' dir='ltr' id='par_1_1' title="bbox 802 876 2906 965">
     <span class='ocr_line' id='line_1_1' title="bbox 802 876 2906 965; baseline -0.002 -18"><span class='ocrx_word' id='word_1_1' title='bbox 802 884 929 947; x_wconf 82' lang='lat'><strong>142</strong></span> <span class='ocrx_word' id='word_1_2' title='bbox 1554 894 1810 946; x_wconf 70' lang='lat' dir='ltr'><strong>nouem</strong></span> <span class='ocrx_word' id='word_1_3' title='bbox 1857 893 2074 943; x_wconf 64' lang='lat' dir='ltr'><strong>meon</strong></span> <span class='ocrx_word' id='word_1_4' title='bbox 2083 894 2146 941; x_wconf 85' lang='lat' dir='ltr'><strong>1s</strong></span> <span class='ocrx_word' id='word_1_5' title='bbox 2727 876 2906 965; x_wconf 64' lang='lat' dir='ltr'>[cn.</span> 
     </span>
    </p>
   </div>
   <div class='ocr_carea' id='block_1_2' title="bbox 457 1064 2904 4432">
    <p class='ocr_par' dir='ltr' id='par_1_2' title="bbox 457 1064 2904 3920">
     <span class='ocr_line' id='line_1_2' title="bbox 796 1064 2904 1157; baseline -0.001 -22"><span class='ocrx_word' id='word_1_6' title='bbox 796 1070 1041 1136; x_wconf 74' lang='lat' dir='ltr'><strong>scilieet</strong></span> <span class='ocrx_word' id='word_1_7' title='bbox 1084 1090 1235 1157; x_wconf 76' lang='lat' dir='ltr'><strong>pars</strong></span> <span class='ocrx_word' id='word_1_8' title='bbox 1279 1068 1489 1155; x_wconf 85' lang='lat' dir='ltr'><strong>major</strong></span> <span class='ocrx_word' id='word_1_9' title='bbox 1531 1090 1651 1135; x_wconf 80' lang='lat' dir='ltr'><strong>eno</strong></span> <span class='ocrx_word' id='word_1_10' title='bbox 1694 1070 1860 1133; x_wconf 82' lang='lat' dir='ltr'><strong>toto.</strong></span> <span class='ocrx_word' id='word_1_11' title='bbox 1949 1064 2128 1131; x_wconf 82' lang='lat' dir='ltr'><strong>Nam</strong></span> <span class='ocrx_word' id='word_1_12' title='bbox 2171 1080 2284 1131; x_wconf 75' lang='lat' dir='ltr'><strong>AB</strong></span> <span class='ocrx_word' id='word_1_13' title='bbox 2307 1082 2360 1133; x_wconf 81' lang='lat' dir='ltr'><strong>n</strong></span> <span class='ocrx_word' id='word_1_14' title='bbox 2402 1072 2508 1133; x_wconf 80' lang='lat' dir='ltr'><strong>eet</strong></span> <span class='ocrx_word' id='word_1_15' title='bbox 2551 1070 2770 1134; x_wconf 81' lang='lat' dir='ltr'><strong>totum</strong></span> <span class='ocrx_word' id='word_1_16' title='bbox 2815 1066 2904 1133; x_wconf 82' lang='lat' dir='ltr'><strong>ad</strong></span> 
     </span>
     <span class='ocr_line' id='line_1_3' title="bbox 796 1170 2904 1260; baseline -0.001 -21"><span class='ocrx_word' id='word_1_17' title='bbox 796 1190 841 1239; x_wconf 80' lang='grc' dir='ltr'>Β</span> <span class='ocrx_word' id='word_1_18' title='bbox 854 1190 921 1240; x_wconf 84' lang='lat' dir='ltr'><strong>D.</strong></span> <span class='ocrx_word' id='word_1_19' title='bbox 1012 1172 1144 1239; x_wconf 84' lang='lat' dir='ltr'><strong>Sed</strong></span> <span class='ocrx_word' id='word_1_20' title='bbox 1186 1173 1311 1239; x_wconf 82' lang='lat' dir='ltr'><strong>hoe</strong></span> <span class='ocrx_word' id='word_1_21' title='bbox 1352 1177 1457 1238; x_wconf 77' lang='lat' dir='ltr'><strong>eet</strong></span> <span class='ocrx_word' id='word_1_22' title='bbox 1498 1170 1942 1260; x_wconf 57' lang='lat' dir='ltr'><strong>impossibilem</strong></span> <span class='ocrx_word' id='word_1_23' title='bbox 1991 1176 2394 1259; x_wconf 83' lang='lat' dir='ltr'><strong>quapropter</strong></span> <span class='ocrx_word' id='word_1_24' title='bbox 2435 1172 2722 1239; x_wconf 84' lang='lat' dir='ltr'><strong>mundus</strong></span> <span class='ocrx_word' id='word_1_25' title='bbox 2765 1192 2904 1237; x_wconf 89' lang='lat' dir='ltr'><strong>non</strong></span> 
     </span>
     <span class='ocr_line' id='line_1_4' title="bbox 796 1274 1557 1365; baseline -0.005 -21"><span class='ocrx_word' id='word_1_26' title='bbox 796 1280 1017 1365; x_wconf 75' lang='lat' dir='ltr'><strong>potest</strong></span> <span class='ocrx_word' id='word_1_27' title='bbox 1060 1297 1198 1343; x_wconf 78' lang='lat' dir='ltr'><strong>esee</strong></span> <span class='ocrx_word' id='word_1_28' title='bbox 1238 1274 1557 1341; x_wconf 73' lang='lat' dir='ltr'><strong>infinitae.</strong></span> 
     </span>
     <span class='ocr_line' id='line_1_5' title="bbox 466 1376 2900 1465; baseline 0.003 -31"><span class='ocrx_word' id='word_1_29' title='bbox 466 1384 545 1435; x_wconf 76' lang='lat' dir='ltr'><strong>or</strong></span> <span class='ocrx_word' id='word_1_30' title='bbox 558 1384 696 1449; x_wconf 76' lang='lat' dir='ltr'><strong>time,</strong></span> <span class='ocrx_word' id='word_1_31' title='bbox 888 1376 1224 1465; x_wconf 76' lang='lat' dir='ltr'><strong>Quoniam</strong></span> <span class='ocrx_word' id='word_1_32' title='bbox 1266 1400 1425 1444; x_wconf 84' lang='lat' dir='ltr'><strong>vero</strong></span> <span class='ocrx_word' id='word_1_33' title='bbox 1468 1378 1643 1444; x_wconf 79' lang='lat' dir='ltr'><strong>eirea</strong></span> <span class='ocrx_word' id='word_1_34' title='bbox 1682 1380 1950 1465; x_wconf 59' lang='lat' dir='ltr'><strong>tqus</strong></span> <span class='ocrx_word' id='word_1_35' title='bbox 1991 1384 2064 1443; x_wconf 84' lang='lat' dir='ltr'><strong>et</strong></span> <span class='ocrx_word' id='word_1_36' title='bbox 2106 1396 2330 1442; x_wconf 80' lang='lat' dir='ltr'><strong>oevum</strong></span> <span class='ocrx_word' id='word_1_37' title='bbox 2373 1376 2679 1443; x_wconf 80' lang='lat' dir='ltr'><strong>totaliter</strong></span> <span class='ocrx_word' id='word_1_38' title='bbox 2721 1398 2900 1442; x_wconf 84' lang='lat' dir='ltr'><strong>erra-</strong></span> 
     </span>
     <span class='ocr_line' id='line_1_6' title="bbox 794 1478 2900 1565; baseline -0.002 -18"><span class='ocrx_word' id='word_1_39' title='bbox 794 1486 909 1547; x_wconf 87' lang='lat' dir='ltr'><strong>tur</strong></span> <span class='ocrx_word' id='word_1_40' title='bbox 950 1486 1021 1547; x_wconf 89' lang='lat' dir='ltr'><strong>et</strong></span> <span class='ocrx_word' id='word_1_41' title='bbox 1063 1480 1351 1547; x_wconf 78' lang='lat' dir='ltr'><strong>maxime</strong></span> <span class='ocrx_word' id='word_1_42' title='bbox 1394 1480 1566 1546; x_wconf 85' lang='lat' dir='ltr'><strong>cirea</strong></span> <span class='ocrx_word' id='word_1_43' title='bbox 1622 1500 1851 1544; x_wconf 86' lang='lat' dir='ltr'><strong>eorum</strong></span> <span class='ocrx_word' id='word_1_44' title='bbox 1909 1478 2240 1545; x_wconf 85' lang='lat' dir='ltr'><strong>unitatem</strong></span> <span class='ocrx_word' id='word_1_45' title='bbox 2297 1484 2370 1544; x_wconf 90' lang='lat' dir='ltr'><strong>et</strong></span> <span class='ocrx_word' id='word_1_46' title='bbox 2430 1478 2900 1565; x_wconf 69' lang='lat' dir='ltr'><strong>pluralitatem,</strong></span> 
     </span>
     <span class='ocr_line' id='line_1_7' title="bbox 793 1580 2904 1667; baseline -0 -19"><span class='ocrx_word' id='word_1_47' title='bbox 793 1582 945 1649; x_wconf 91' lang='lat' dir='ltr'><strong>ideo</strong></span> <span class='ocrx_word' id='word_1_48' title='bbox 1002 1582 1451 1649; x_wconf 76' lang='lat' dir='ltr'><strong>demonstravi</strong></span> <span class='ocrx_word' id='word_1_49' title='bbox 1466 1581 1487 1619; x_wconf 85' lang='lat'><em>¹</em></span> <span class='ocrx_word' id='word_1_50' title='bbox 1530 1582 1880 1647; x_wconf 81' lang='lat' dir='ltr'><strong>veritatem</strong></span> <span class='ocrx_word' id='word_1_51' title='bbox 1931 1581 2271 1667; x_wconf 76' lang='lat' dir='ltr'><strong>proecieam</strong></span> <span class='ocrx_word' id='word_1_52' title='bbox 2323 1581 2492 1647; x_wconf 78' lang='lat' dir='ltr'><strong>eirea</strong></span> <span class='ocrx_word' id='word_1_53' title='bbox 2545 1580 2734 1661; x_wconf 59' lang='lat' dir='ltr'><strong>haec?</strong></span> <span class='ocrx_word' id='word_1_54' title='bbox 2785 1580 2904 1647; x_wconf 81' lang='lat' dir='ltr'><strong>eed</strong></span> 
     </span>
     <span class='ocr_line' id='line_1_8' title="bbox 794 1681 2904 1771; baseline -0.001 -20"><span class='ocrx_word' id='word_1_55' title='bbox 794 1685 1100 1751; x_wconf 79' lang='lat' dir='ltr'><strong>breviter.</strong></span> <span class='ocrx_word' id='word_1_56' title='bbox 1194 1684 1305 1750; x_wconf 82' lang='lat' dir='ltr'><strong>Ad</strong></span> <span class='ocrx_word' id='word_1_57' title='bbox 1332 1684 1742 1750; x_wconf 82' lang='lat' dir='ltr'><strong>intellectum</strong></span> <span class='ocrx_word' id='word_1_58' title='bbox 1779 1683 1989 1771; x_wconf 80' lang='lat' dir='ltr'><strong>igitur</strong></span> <span class='ocrx_word' id='word_1_59' title='bbox 2028 1682 2424 1769; x_wconf 84' lang='lat' dir='ltr'><strong>pleniorem⁸</strong></span> <span class='ocrx_word' id='word_1_60' title='bbox 2455 1682 2607 1749; x_wconf 84' lang='lat' dir='ltr'><strong>volo</strong></span> <span class='ocrx_word' id='word_1_61' title='bbox 2637 1681 2904 1748; x_wconf 78' lang='lat' dir='ltr'><strong>uberius</strong></span> 
     </span>
     <span class='ocr_line' id='line_1_9' title="bbox 794 1783 2904 1870; baseline -0.001 -17"><span class='ocrx_word' id='word_1_62' title='bbox 794 1787 1173 1867; x_wconf 82' lang='lat' dir='ltr'><strong>immorari3</strong></span> <span class='ocrx_word' id='word_1_63' title='bbox 1217 1806 1371 1852; x_wconf 83' lang='lat' dir='ltr'><strong>nam</strong></span> <span class='ocrx_word' id='word_1_64' title='bbox 1400 1786 1509 1852; x_wconf 90' lang='lat' dir='ltr'><strong>hie</strong></span> <span class='ocrx_word' id='word_1_65' title='bbox 1552 1790 1656 1851; x_wconf 79' lang='lat' dir='ltr'><strong>est</strong></span> <span class='ocrx_word' id='word_1_66' title='bbox 1684 1806 1820 1851; x_wconf 84' lang='lat' dir='ltr'><strong>una</strong></span> <span class='ocrx_word' id='word_1_67' title='bbox 1863 1785 1946 1852; x_wconf 92' lang='lat' dir='ltr'><strong>de</strong></span> <span class='ocrx_word' id='word_1_68' title='bbox 1991 1784 2122 1870; x_wconf 87' lang='lat' dir='ltr'><strong>maj</strong></span> <span class='ocrx_word' id='word_1_69' title='bbox 2131 1784 2356 1850; x_wconf 78' lang='lat' dir='ltr'><strong>oribus</strong></span> <span class='ocrx_word' id='word_1_70' title='bbox 2399 1783 2904 1852; x_wconf 79' lang='lat' dir='ltr'><strong>difficultatibus</strong></span> 
     </span>
     <span class='ocr_line' id='line_1_10' title="bbox 793 1872 2899 1977; baseline -0.001 -24"><span class='ocrx_word' id='word_1_71' title='bbox 793 1888 1223 1977; x_wconf 64' lang='lat' dir='ltr'><strong>philosophiae</strong></span> <span class='ocrx_word' id='word_1_72' title='bbox 1268 1894 1339 1954; x_wconf 88' lang='lat' dir='ltr'><strong>et</strong></span> <span class='ocrx_word' id='word_1_73' title='bbox 1381 1888 1750 1975; x_wconf 74' lang='lat' dir='ltr'><strong>theologiae,</strong></span> <span class='ocrx_word' id='word_1_74' title='bbox 1787 1892 1858 1954; x_wconf 85' lang='lat' dir='ltr'><strong>et</strong></span> <span class='ocrx_word' id='word_1_75' title='bbox 1901 1887 2105 1975; x_wconf 84' lang='lat' dir='ltr'><strong>digna</strong></span> <span class='ocrx_word' id='word_1_76' title='bbox 2135 1886 2316 1952; x_wconf 88' lang='lat' dir='ltr'><strong>omni</strong></span> <span class='ocrx_word' id='word_1_77' title='bbox 2361 1872 2899 1971; x_wconf 72' lang='lat' dir='ltr'><strong>consideratione,</strong></span> 
     </span>
     <span class='ocr_line' id='line_1_11' title="bbox 796 1990 2904 2078; baseline -0.001 -21"><span class='ocrx_word' id='word_1_78' title='bbox 796 2013 935 2057; x_wconf 89' lang='lat' dir='ltr'><strong>non</strong></span> <span class='ocrx_word' id='word_1_79' title='bbox 977 1991 1190 2057; x_wconf 79' lang='lat' dir='ltr'><strong>solum</strong></span> <span class='ocrx_word' id='word_1_80' title='bbox 1234 1994 1503 2078; x_wconf 83' lang='lat' dir='ltr'><strong>propter</strong></span> <span class='ocrx_word' id='word_1_81' title='bbox 1546 1990 2045 2056; x_wconf 68' lang='lat' dir='ltr'><strong>evacuationem</strong></span> <span class='ocrx_word' id='word_1_82' title='bbox 2091 2010 2384 2055; x_wconf 82' lang='lat' dir='ltr'><strong>erromm</strong></span> <span class='ocrx_word' id='word_1_83' title='bbox 2429 1990 2792 2055; x_wconf 86' lang='lat' dir='ltr'><strong>multorum</strong></span> <span class='ocrx_word' id='word_1_84' title='bbox 2831 1994 2904 2055; x_wconf 85' lang='lat' dir='ltr'><strong>et</strong></span> 
     </span>
     <span class='ocr_line' id='line_1_12' title="bbox 794 2090 2901 2181; baseline 0 -22"><span class='ocrx_word' id='word_1_85' title='bbox 794 2114 1201 2181; x_wconf 83' lang='lat' dir='ltr'><strong>magnorum,</strong></span> <span class='ocrx_word' id='word_1_86' title='bbox 1250 2092 1369 2161; x_wconf 80' lang='lat' dir='ltr'><strong>sed</strong></span> <span class='ocrx_word' id='word_1_87' title='bbox 1430 2096 1695 2181; x_wconf 86' lang='lat' dir='ltr'><strong>propter</strong></span> <span class='ocrx_word' id='word_1_88' title='bbox 1760 2090 2318 2179; x_wconf 84' lang='lat' dir='ltr'><strong>pulchritudinem</strong></span> <span class='ocrx_word' id='word_1_89' title='bbox 2362 2097 2432 2159; x_wconf 83' lang='lat' dir='ltr'><strong>et</strong></span> <span class='ocrx_word' id='word_1_90' title='bbox 2477 2092 2901 2159; x_wconf 70' lang='lat' dir='ltr'>altitudinem</span> 
     </span>
     <span class='ocr_line' id='line_1_13' title="bbox 796 2196 1177 2263; baseline 0.003 -1"><span class='ocrx_word' id='word_1_91' title='bbox 796 2196 1177 2263; x_wconf 83' lang='lat' dir='ltr'><strong>veritatum.</strong></span> 
     </span>
     <span class='ocr_line' id='line_1_14' title="bbox 461 2296 2902 2387; baseline -0.001 -20"><span class='ocrx_word' id='word_1_92' title='bbox 461 2316 573 2367; x_wconf 81' lang='lat' dir='ltr'><strong>The</strong></span> <span class='ocrx_word' id='word_1_93' title='bbox 594 2330 753 2382; x_wconf 82' lang='lat' dir='ltr'><strong>popu·</strong></span> <span class='ocrx_word' id='word_1_94' title='bbox 884 2297 1140 2387; x_wconf 78' lang='lat' dir='ltr'><strong>Vulgus</strong></span> <span class='ocrx_word' id='word_1_95' title='bbox 1208 2296 1449 2386; x_wconf 84' lang='lat' dir='ltr'><strong>igitur⁴</strong></span> <span class='ocrx_word' id='word_1_96' title='bbox 1498 2298 1906 2364; x_wconf 71' lang='lat' dir='ltr'><strong>naturalium</strong></span> <span class='ocrx_word' id='word_1_97' title='bbox 1976 2298 2142 2364; x_wconf 89' lang='lat' dir='ltr'><strong>dieit</strong></span> <span class='ocrx_word' id='word_1_98' title='bbox 2209 2298 2388 2385; x_wconf 89' lang='lat' dir='ltr'><strong>quod</strong></span> <span class='ocrx_word' id='word_1_99' title='bbox 2461 2303 2726 2387; x_wconf 74' lang='lat' dir='ltr'><strong>tempus</strong></span> <span class='ocrx_word' id='word_1_100' title='bbox 2799 2303 2902 2364; x_wconf 81' lang='lat' dir='ltr'><strong>est</strong></span> 
     </span>
     <span class='ocr_line' id='line_1_15' title="bbox 457 2386 2902 2503; baseline 0 -36"><span class='ocrx_word' id='word_1_101' title='bbox 457 2386 723 2503; x_wconf 51' lang='grc' dir='ltr'><strong>ζὲἑῑὲω</strong></span> <span class='ocrx_word' id='word_1_102' title='bbox 794 2422 1001 2467; x_wconf 90' lang='lat' dir='ltr'><strong>unum</strong></span> <span class='ocrx_word' id='word_1_103' title='bbox 1046 2422 1319 2469; x_wconf 85' lang='lat' dir='ltr'><strong>numero</strong></span> <span class='ocrx_word' id='word_1_104' title='bbox 1364 2402 1657 2467; x_wconf 90' lang='lat' dir='ltr'><strong>omnium</strong></span> <span class='ocrx_word' id='word_1_105' title='bbox 1702 2404 2005 2465; x_wconf 87' lang='lat' dir='ltr'><strong>motuum</strong></span> <span class='ocrx_word' id='word_1_106' title='bbox 2049 2398 2246 2465; x_wconf 77' lang='lat' dir='ltr'><strong>simul</strong></span> <span class='ocrx_word' id='word_1_107' title='bbox 2297 2400 2726 2467; x_wconf 78' lang='lat' dir='ltr'><strong>existentium</strong></span> <span class='ocrx_word' id='word_1_108' title='bbox 2755 2424 2772 2481; x_wconf 90' lang='lat'>;</span> <span class='ocrx_word' id='word_1_109' title='bbox 2831 2412 2902 2467; x_wconf 81' lang='lat' dir='ltr'><strong>et</strong></span> 
     </span>
     <span class='ocr_line' id='line_1_16' title="bbox 460 2503 2902 2585; baseline -0.001 -14"><span class='ocrx_word' id='word_1_110' title='bbox 460 2520 547 2571; x_wconf 81' lang='lat' dir='ltr'><strong>the</strong></span> <span class='ocrx_word' id='word_1_111' title='bbox 568 2518 715 2585; x_wconf 76' lang='lat' dir='ltr'><strong>nnity</strong></span> <span class='ocrx_word' id='word_1_112' title='bbox 795 2504 919 2571; x_wconf 90' lang='lat' dir='ltr'><strong>hoe</strong></span> <span class='ocrx_word' id='word_1_113' title='bbox 962 2510 1065 2571; x_wconf 81' lang='lat' dir='ltr'><strong>est</strong></span> <span class='ocrx_word' id='word_1_114' title='bbox 1106 2526 1359 2571; x_wconf 82' lang='lat' dir='ltr'><strong>verum.</strong></span> <span class='ocrx_word' id='word_1_115' title='bbox 1454 2503 1591 2571; x_wconf 86' lang='lat' dir='ltr'><strong>Sed</strong></span> <span class='ocrx_word' id='word_1_116' title='bbox 1632 2526 1894 2569; x_wconf 81' lang='lat' dir='ltr'><strong>eausam</strong></span> <span class='ocrx_word' id='word_1_117' title='bbox 1939 2503 2222 2569; x_wconf 79' lang='lat' dir='ltr'><strong>unitatis</strong></span> <span class='ocrx_word' id='word_1_118' title='bbox 2275 2503 2506 2569; x_wconf 86' lang='lat' dir='ltr'><strong>dieunt</strong></span> <span class='ocrx_word' id='word_1_119' title='bbox 2565 2524 2704 2569; x_wconf 77' lang='lat' dir='ltr'><strong>esse</strong></span> <span class='ocrx_word' id='word_1_120' title='bbox 2763 2524 2902 2568; x_wconf 90' lang='lat' dir='ltr'><strong>mo-</strong></span> 
     </span>
     <span class='ocr_line' id='line_1_17' title="bbox 460 2587 2900 2706; baseline -0 -35"><span class='ocrx_word' id='word_1_121' title='bbox 460 2587 743 2706; x_wconf 38' lang='grc' dir='ltr'><strong>ζξξὲξθᾱ,</strong></span> <span class='ocrx_word' id='word_1_122' title='bbox 795 2611 941 2671; x_wconf 76' lang='lat' dir='ltr'><strong>tum</strong></span> <span class='ocrx_word' id='word_1_123' title='bbox 986 2606 1131 2672; x_wconf 74' lang='lat' dir='ltr'><strong>eoeli</strong></span> <span class='ocrx_word' id='word_1_124' title='bbox 1176 2607 1281 2673; x_wconf 73' lang='lat' dir='ltr'><strong>oui</strong></span> <span class='ocrx_word' id='word_1_125' title='bbox 1325 2606 1539 2692; x_wconf 83' lang='lat' dir='ltr'><strong>primo</strong></span> <span class='ocrx_word' id='word_1_126' title='bbox 1568 2606 1860 2671; x_wconf 70' lang='lat' dir='ltr'><strong>debetur.</strong></span> <span class='ocrx_word' id='word_1_127' title='bbox 1953 2604 2046 2669; x_wconf 68' lang='lat' dir='ltr'><strong>Et</strong></span> <span class='ocrx_word' id='word_1_128' title='bbox 2076 2604 2234 2690; x_wconf 80' lang='lat' dir='ltr'><strong>quia</strong></span> <span class='ocrx_word' id='word_1_129' title='bbox 2263 2604 2372 2671; x_wconf 74' lang='lat' dir='ltr'><strong>me</strong></span> <span class='ocrx_word' id='word_1_130' title='bbox 2401 2615 2622 2671; x_wconf 71' lang='lat' dir='ltr'><strong>motus</strong></span> <span class='ocrx_word' id='word_1_131' title='bbox 2649 2605 2900 2693; x_wconf 74' lang='lat' dir='ltr'><strong>primus</strong></span> 
     </span>
     <span class='ocr_line' id='line_1_18' title="bbox 794 2707 2900 2795; baseline -0 -22"><span class='ocrx_word' id='word_1_132' title='bbox 794 2714 897 2775; x_wconf 82' lang='lat' dir='ltr'><strong>est</strong></span> <span class='ocrx_word' id='word_1_133' title='bbox 940 2730 1130 2788; x_wconf 72' lang='lat' dir='ltr'><strong>unua,</strong></span> <span class='ocrx_word' id='word_1_134' title='bbox 1174 2714 1437 2795; x_wconf 74' lang='lat' dir='ltr'><strong>tempus</strong></span> <span class='ocrx_word' id='word_1_135' title='bbox 1482 2714 1582 2773; x_wconf 81' lang='lat' dir='ltr'><strong>est</strong></span> <span class='ocrx_word' id='word_1_136' title='bbox 1626 2730 1851 2775; x_wconf 87' lang='lat' dir='ltr'><strong>unum.</strong></span> <span class='ocrx_word' id='word_1_137' title='bbox 1944 2707 2034 2775; x_wconf 82' lang='lat' dir='ltr'><strong>Et</strong></span> <span class='ocrx_word' id='word_1_138' title='bbox 2077 2708 2309 2773; x_wconf 85' lang='lat' dir='ltr'><strong>dicunt</strong></span> <span class='ocrx_word' id='word_1_139' title='bbox 2359 2708 2538 2793; x_wconf 88' lang='lat' dir='ltr'><strong>quod</strong></span> <span class='ocrx_word' id='word_1_140' title='bbox 2595 2708 2737 2774; x_wconf 82' lang='lat' dir='ltr'><strong>haee</strong></span> <span class='ocrx_word' id='word_1_141' title='bbox 2796 2711 2900 2773; x_wconf 81' lang='lat' dir='ltr'><strong>eet</strong></span> 
     </span>
     <span class='ocr_line' id='line_1_19' title="bbox 794 2809 2898 2898; baseline 0.001 -24"><span class='ocrx_word' id='word_1_142' title='bbox 794 2810 1031 2898; x_wconf 72' lang='lat' dir='ltr'><strong>positio</strong></span> <span class='ocrx_word' id='word_1_143' title='bbox 1076 2810 1403 2892; x_wconf 69' lang='lat' dir='ltr'><strong>Averrots,</strong></span> <span class='ocrx_word' id='word_1_144' title='bbox 1450 2832 1607 2876; x_wconf 87' lang='lat' dir='ltr'><strong>nam</strong></span> <span class='ocrx_word' id='word_1_145' title='bbox 1656 2810 1935 2876; x_wconf 82' lang='lat' dir='ltr'><strong>inclinat</strong></span> <span class='ocrx_word' id='word_1_146' title='bbox 1983 2830 2052 2877; x_wconf 79' lang='lat' dir='ltr'><strong>se</strong></span> <span class='ocrx_word' id='word_1_147' title='bbox 2103 2809 2190 2876; x_wconf 74' lang='lat' dir='ltr'><strong>ad</strong></span> <span class='ocrx_word' id='word_1_148' title='bbox 2235 2809 2373 2877; x_wconf 90' lang='lat' dir='ltr'><strong>hoe.</strong></span> <span class='ocrx_word' id='word_1_149' title='bbox 2465 2810 2596 2878; x_wconf 86' lang='lat' dir='ltr'><strong>Sed</strong></span> <span class='ocrx_word' id='word_1_150' title='bbox 2641 2810 2898 2878; x_wconf 82' lang='lat' dir='ltr'><strong>Aristo-</strong></span> 
     </span>
     <span class='ocr_line' id='line_1_20' title="bbox 796 2911 2898 3000; baseline -0.001 -20"><span class='ocrx_word' id='word_1_151' title='bbox 796 2913 958 2980; x_wconf 71' lang='lat' dir='ltr'><strong>telea</strong></span> <span class='ocrx_word' id='word_1_152' title='bbox 998 2912 1165 2980; x_wconf 84' lang='lat' dir='ltr'><strong>dicit</strong></span> <span class='ocrx_word' id='word_1_153' title='bbox 1202 2917 1440 3000; x_wconf 86' lang='lat' dir='ltr'><strong>quarto</strong></span> <span class='ocrx_word' id='word_1_154' title='bbox 1471 2913 1898 3000; x_wconf 79' lang='lat' dir='ltr'><strong>Phyeieorum</strong></span> <span class='ocrx_word' id='word_1_155' title='bbox 1925 2911 2115 3000; x_wconf 80' lang='lat' dir='ltr'><strong>[xii.]‚</strong></span> <span class='ocrx_word' id='word_1_156' title='bbox 2147 2913 2205 2977; x_wconf 80' lang='lat' dir='ltr'><strong>ei</strong></span> <span class='ocrx_word' id='word_1_157' title='bbox 2244 2912 2462 3000; x_wconf 83' lang='lat' dir='ltr'><strong>plures</strong></span> <span class='ocrx_word' id='word_1_158' title='bbox 2497 2918 2712 2980; x_wconf 74' lang='lat' dir='ltr'><strong>essent</strong></span> <span class='ocrx_word' id='word_1_159' title='bbox 2751 2913 2898 2978; x_wconf 85' lang='lat' dir='ltr'><strong>eoeli</strong></span> 
     </span>
     <span class='ocr_line' id='line_1_21' title="bbox 794 3015 2898 3104; baseline 0 -24"><span class='ocrx_word' id='word_1_160' title='bbox 794 3015 1009 3102; x_wconf 87' lang='lat' dir='ltr'><strong>primi,</strong></span> <span class='ocrx_word' id='word_1_161' title='bbox 1038 3019 1199 3082; x_wconf 88' lang='lat' dir='ltr'><strong>tune</strong></span> <span class='ocrx_word' id='word_1_162' title='bbox 1242 3016 1465 3104; x_wconf 87' lang='lat' dir='ltr'><strong>plures</strong></span> <span class='ocrx_word' id='word_1_163' title='bbox 1510 3020 1731 3081; x_wconf 79' lang='lat' dir='ltr'><strong>essent</strong></span> <span class='ocrx_word' id='word_1_164' title='bbox 1777 3025 1994 3081; x_wconf 80' lang='lat' dir='ltr'><strong>motus</strong></span> <span class='ocrx_word' id='word_1_165' title='bbox 2039 3015 2257 3102; x_wconf 89' lang='lat' dir='ltr'><strong>primi,</strong></span> <span class='ocrx_word' id='word_1_166' title='bbox 2289 3036 2422 3080; x_wconf 88' lang='lat' dir='ltr'><strong>uon</strong></span> <span class='ocrx_word' id='word_1_167' title='bbox 2451 3021 2676 3082; x_wconf 84' lang='lat' dir='ltr'><strong>tamen</strong></span> <span class='ocrx_word' id='word_1_168' title='bbox 2705 3017 2898 3102; x_wconf 86' lang='lat' dir='ltr'><strong>plura</strong></span> 
     </span>
     <span class='ocr_line' id='line_1_22' title="bbox 792 3116 2896 3205; baseline -0.001 -21"><span class='ocrx_word' id='word_1_169' title='bbox 792 3121 1015 3184; x_wconf 76' lang='lat' dir='ltr'><strong>essent</strong></span> <span class='ocrx_word' id='word_1_170' title='bbox 1080 3122 1393 3205; x_wconf 85' lang='lat' dir='ltr'><strong>tempora.</strong></span> <span class='ocrx_word' id='word_1_171' title='bbox 1487 3117 1663 3204; x_wconf 86' lang='lat' dir='ltr'><strong>Ergo</strong></span> <span class='ocrx_word' id='word_1_172' title='bbox 1726 3139 1876 3184; x_wconf 84' lang='lat' dir='ltr'><strong>eum</strong></span> <span class='ocrx_word' id='word_1_173' title='bbox 1937 3117 2022 3182; x_wconf 86' lang='lat' dir='ltr'><strong>ad</strong></span> <span class='ocrx_word' id='word_1_174' title='bbox 2084 3116 2534 3204; x_wconf 72' lang='lat' dir='ltr'><strong>pluralitatem</strong></span> <span class='ocrx_word' id='word_1_175' title='bbox 2595 3124 2896 3184; x_wconf 87' lang='lat' dir='ltr'><strong>motuum</strong></span> 
     </span>
     <span class='ocr_line' id='line_1_23' title="bbox 792 3219 2896 3307; baseline -0 -22"><span class='ocrx_word' id='word_1_176' title='bbox 792 3241 930 3285; x_wconf 91' lang='lat' dir='ltr'><strong>non</strong></span> <span class='ocrx_word' id='word_1_177' title='bbox 995 3220 1294 3307; x_wconf 76' lang='lat' dir='ltr'><strong>sequitur</strong></span> <span class='ocrx_word' id='word_1_178' title='bbox 1352 3219 1697 3307; x_wconf 80' lang='lat' dir='ltr'><strong>pluralitas</strong></span> <span class='ocrx_word' id='word_1_179' title='bbox 1768 3225 2158 3307; x_wconf 88' lang='lat' dir='ltr'><strong>temporum,</strong></span> <span class='ocrx_word' id='word_1_180' title='bbox 2217 3239 2339 3284; x_wconf 87' lang='lat' dir='ltr'><strong>nee</strong></span> <span class='ocrx_word' id='word_1_181' title='bbox 2412 3219 2500 3284; x_wconf 85' lang='lat' dir='ltr'><strong>ad</strong></span> <span class='ocrx_word' id='word_1_182' title='bbox 2571 3221 2896 3286; x_wconf 84' lang='lat' dir='ltr'><strong>unitatem</strong></span> 
     </span>
     <span class='ocr_line' id='line_1_24' title="bbox 793 3321 2896 3409; baseline -0.001 -20"><span class='ocrx_word' id='word_1_183' title='bbox 793 3326 1012 3389; x_wconf 77' lang='lat' dir='ltr'><strong>motus</strong></span> <span class='ocrx_word' id='word_1_184' title='bbox 1072 3328 1384 3409; x_wconf 74' lang='lat' dir='ltr'><strong>sequetur</strong></span> <span class='ocrx_word' id='word_1_185' title='bbox 1443 3322 1667 3388; x_wconf 81' lang='lat' dir='ltr'><strong>unitas</strong></span> <span class='ocrx_word' id='word_1_186' title='bbox 1734 3323 2092 3409; x_wconf 82' lang='lat' dir='ltr'><strong>temporis;</strong></span> <span class='ocrx_word' id='word_1_187' title='bbox 2167 3321 2345 3408; x_wconf 90' lang='lat' dir='ltr'><strong>quod</strong></span> <span class='ocrx_word' id='word_1_188' title='bbox 2411 3322 2896 3388; x_wconf 80' lang='lat' dir='ltr'><strong>concedendum</strong></span> 
     </span>
     <span class='ocr_line' id='line_1_25' title="bbox 791 3425 2894 3513; baseline -0 -22"><span class='ocrx_word' id='word_1_189' title='bbox 791 3431 907 3492; x_wconf 80' lang='lat' dir='ltr'><strong>eet.</strong></span> <span class='ocrx_word' id='word_1_190' title='bbox 977 3425 1135 3507; x_wconf 86' lang='lat' dir='ltr'><strong>Alii,</strong></span> <span class='ocrx_word' id='word_1_191' title='bbox 1168 3431 1247 3491; x_wconf 90' lang='lat' dir='ltr'><strong>ut</strong></span> <span class='ocrx_word' id='word_1_192' title='bbox 1291 3425 1601 3513; x_wconf 81' lang='lat' dir='ltr'><strong>theologi,</strong></span> <span class='ocrx_word' id='word_1_193' title='bbox 1636 3425 1974 3491; x_wconf 72' lang='lat' dir='ltr'><strong>aestimant</strong></span> <span class='ocrx_word' id='word_1_194' title='bbox 2005 3425 2181 3510; x_wconf 87' lang='lat' dir='ltr'><strong>quod</strong></span> <span class='ocrx_word' id='word_1_195' title='bbox 2209 3431 2473 3511; x_wconf 76' lang='lat' dir='ltr'><strong>tempus</strong></span> <span class='ocrx_word' id='word_1_196' title='bbox 2515 3425 2720 3491; x_wconf 86' lang='lat' dir='ltr'><strong>habet</strong></span> <span class='ocrx_word' id='word_1_197' title='bbox 2749 3426 2894 3490; x_wconf 84' lang='lat' dir='ltr'><strong>uni-</strong></span> 
     </span>
     <span class='ocr_line' id='line_1_26' title="bbox 791 3526 2895 3614; baseline -0 -20"><span class='ocrx_word' id='word_1_198' title='bbox 791 3532 1003 3595; x_wconf 86' lang='lat' dir='ltr'><strong>tatem</strong></span> <span class='ocrx_word' id='word_1_199' title='bbox 1049 3551 1091 3594; x_wconf 86' lang='lat' dir='ltr'><strong>a</strong></span> <span class='ocrx_word' id='word_1_200' title='bbox 1134 3529 1427 3606; x_wconf 83' lang='lat' dir='ltr'><strong>materia,</strong></span> <span class='ocrx_word' id='word_1_201' title='bbox 1462 3529 1621 3614; x_wconf 86' lang='lat' dir='ltr'><strong>quia</strong></span> <span class='ocrx_word' id='word_1_202' title='bbox 1664 3527 1946 3593; x_wconf 86' lang='lat' dir='ltr'><strong>debetur</strong></span> <span class='ocrx_word' id='word_1_203' title='bbox 1989 3526 2186 3592; x_wconf 81' lang='lat' dir='ltr'><strong>rebus</strong></span> <span class='ocrx_word' id='word_1_204' title='bbox 2213 3547 2301 3592; x_wconf 83' lang='lat' dir='ltr'><strong>ex</strong></span> <span class='ocrx_word' id='word_1_205' title='bbox 2331 3531 2520 3613; x_wconf 81' lang='lat' dir='ltr'><strong>parte</strong></span> <span class='ocrx_word' id='word_1_206' title='bbox 2557 3528 2854 3593; x_wconf 59' lang='lat' dir='ltr'><strong>materiae</strong></span> <span class='ocrx_word' id='word_1_207' title='bbox 2879 3552 2895 3609; x_wconf 89' lang='lat'>;</span> 
     </span>
     <span class='ocr_line' id='line_1_27' title="bbox 792 3629 2894 3716; baseline 0 -20"><span class='ocrx_word' id='word_1_208' title='bbox 792 3635 861 3696; x_wconf 90' lang='lat' dir='ltr'><strong>et</strong></span> <span class='ocrx_word' id='word_1_209' title='bbox 914 3631 1073 3716; x_wconf 85' lang='lat' dir='ltr'><strong>quia</strong></span> <span class='ocrx_word' id='word_1_210' title='bbox 1130 3630 1413 3696; x_wconf 83' lang='lat' dir='ltr'><strong>materia</strong></span> <span class='ocrx_word' id='word_1_211' title='bbox 1472 3634 1574 3696; x_wconf 81' lang='lat' dir='ltr'><strong>est</strong></span> <span class='ocrx_word' id='word_1_212' title='bbox 1626 3650 1761 3694; x_wconf 87' lang='lat' dir='ltr'><strong>una</strong></span> <span class='ocrx_word' id='word_1_213' title='bbox 1823 3649 2098 3696; x_wconf 87' lang='lat' dir='ltr'><strong>numero</strong></span> <span class='ocrx_word' id='word_1_214' title='bbox 2165 3629 2522 3694; x_wconf 79' lang='lat' dir='ltr'><strong>seeundum</strong></span> <span class='ocrx_word' id='word_1_215' title='bbox 2573 3651 2702 3709; x_wconf 78' lang='lat' dir='ltr'><strong>eos,</strong></span> <span class='ocrx_word' id='word_1_216' title='bbox 2746 3630 2894 3696; x_wconf 89' lang='lat' dir='ltr'><strong>ideo</strong></span> 
     </span>
     <span class='ocr_line' id='line_1_28' title="bbox 790 3731 2895 3819; baseline 0 -22"><span class='ocrx_word' id='word_1_217' title='bbox 790 3737 1067 3819; x_wconf 75' lang='lat' dir='ltr'><strong>tempus,</strong></span> <span class='ocrx_word' id='word_1_218' title='bbox 1158 3731 1293 3798; x_wconf 89' lang='lat' dir='ltr'><strong>Sed</strong></span> <span class='ocrx_word' id='word_1_219' title='bbox 1337 3731 1459 3796; x_wconf 88' lang='lat' dir='ltr'><strong>hoe</strong></span> <span class='ocrx_word' id='word_1_220' title='bbox 1503 3735 1729 3818; x_wconf 61' lang='lat' dir='ltr'><strong>peceat</strong></span> <span class='ocrx_word' id='word_1_221' title='bbox 1773 3731 1848 3796; x_wconf 89' lang='lat' dir='ltr'><strong>in</strong></span> <span class='ocrx_word' id='word_1_222' title='bbox 1893 3731 2191 3812; x_wconf 75' lang='lat' dir='ltr'><strong>duobu83</strong></span> <span class='ocrx_word' id='word_1_223' title='bbox 2236 3753 2392 3796; x_wconf 85' lang='lat' dir='ltr'><strong>nam</strong></span> <span class='ocrx_word' id='word_1_224' title='bbox 2437 3731 2716 3798; x_wconf 85' lang='lat' dir='ltr'><strong>materia</strong></span> <span class='ocrx_word' id='word_1_225' title='bbox 2759 3753 2895 3798; x_wconf 84' lang='lat' dir='ltr'><strong>non</strong></span> 
     </span>
     <span class='ocr_line' id='line_1_29' title="bbox 790 3833 2149 3920; baseline 0.001 -22"><span class='ocrx_word' id='word_1_226' title='bbox 790 3839 892 3898; x_wconf 78' lang='lat' dir='ltr'><strong>est</strong></span> <span class='ocrx_word' id='word_1_227' title='bbox 934 3855 1073 3900; x_wconf 85' lang='lat' dir='ltr'><strong>una</strong></span> <span class='ocrx_word' id='word_1_228' title='bbox 1114 3854 1404 3912; x_wconf 74' lang='lat' dir='ltr'><strong>amnem,</strong></span> <span class='ocrx_word' id='word_1_229' title='bbox 1454 3843 1531 3900; x_wconf 84' lang='lat' dir='ltr'><strong>ut</strong></span> <span class='ocrx_word' id='word_1_230' title='bbox 1574 3833 1834 3900; x_wconf 75' lang='lat' dir='ltr'><strong>ostendi</strong></span> <span class='ocrx_word' id='word_1_231' title='bbox 1879 3833 2149 3920; x_wconf 78' lang='lat' dir='ltr'><strong>copiose.</strong></span> 
     </span>
    </p>

    <p class='ocr_par' dir='ltr' id='par_1_3' title="bbox 789 3935 2897 4432">
     <span class='ocr_line' id='line_1_30' title="bbox 880 3935 2892 4022; baseline 0.001 -22"><span class='ocrx_word' id='word_1_232' title='bbox 880 3935 1139 4001; x_wconf 79' lang='lat' dir='ltr'><strong>Deinde</strong></span> <span class='ocrx_word' id='word_1_233' title='bbox 1196 3957 1333 4001; x_wconf 88' lang='lat' dir='ltr'><strong>non</strong></span> <span class='ocrx_word' id='word_1_234' title='bbox 1378 3939 1595 4022; x_wconf 79' lang='lat' dir='ltr'><strong>potest</strong></span> <span class='ocrx_word' id='word_1_235' title='bbox 1652 3940 1914 4022; x_wconf 82' lang='lat' dir='ltr'><strong>tempus</strong></span> <span class='ocrx_word' id='word_1_236' title='bbox 1971 3936 2212 4002; x_wconf 83' lang='lat' dir='ltr'><strong>habere</strong></span> <span class='ocrx_word' id='word_1_237' title='bbox 2269 3936 2594 4002; x_wconf 86' lang='lat' dir='ltr'><strong>unitatem</strong></span> <span class='ocrx_word' id='word_1_238' title='bbox 2655 3960 2697 4003; x_wconf 87' lang='lat' dir='ltr'><strong>a</strong></span> <span class='ocrx_word' id='word_1_239' title='bbox 2755 3959 2892 4003; x_wconf 83' lang='lat' dir='ltr'><strong>ma-</strong></span> 
     </span>
     <span class='ocr_line' id='line_1_31' title="bbox 792 4037 2897 4116; baseline 0 -12"><span class='ocrx_word' id='word_1_240' title='bbox 792 4037 976 4116; x_wconf 84' lang='lat' dir='ltr'><strong>teria,</strong></span> <span class='ocrx_word' id='word_1_241' title='bbox 1025 4037 1179 4103; x_wconf 85' lang='lat' dir='ltr'><strong>lieet</strong></span> <span class='ocrx_word' id='word_1_242' title='bbox 1230 4038 1506 4103; x_wconf 83' lang='lat' dir='ltr'><strong>materia</strong></span> <span class='ocrx_word' id='word_1_243' title='bbox 1564 4042 1734 4104; x_wconf 78' lang='lat' dir='ltr'><strong>esset</strong></span> <span class='ocrx_word' id='word_1_244' title='bbox 1793 4060 1944 4104; x_wconf 86' lang='lat' dir='ltr'><strong>una.</strong></span> <span class='ocrx_word' id='word_1_245' title='bbox 2067 4037 2245 4103; x_wconf 85' lang='lat' dir='ltr'><strong>Nam</strong></span> <span class='ocrx_word' id='word_1_246' title='bbox 2289 4039 2569 4104; x_wconf 84' lang='lat' dir='ltr'><strong>materia</strong></span> <span class='ocrx_word' id='word_1_247' title='bbox 2613 4059 2749 4104; x_wconf 91' lang='lat' dir='ltr'><strong>non</strong></span> <span class='ocrx_word' id='word_1_248' title='bbox 2793 4044 2897 4105; x_wconf 79' lang='lat' dir='ltr'><strong>est</strong></span> 
     </span>
     <span class='ocr_line' id='line_1_32' title="bbox 790 4138 2895 4227; baseline 0.001 -22"><span class='ocrx_word' id='word_1_249' title='bbox 790 4138 1159 4224; x_wconf 79' lang='lat' dir='ltr'><strong>subjeetum</strong></span> <span class='ocrx_word' id='word_1_250' title='bbox 1202 4139 1536 4226; x_wconf 70' lang='lat' dir='ltr'><strong>temporie,</strong></span> <span class='ocrx_word' id='word_1_251' title='bbox 1580 4161 1701 4206; x_wconf 87' lang='lat' dir='ltr'><strong>nee</strong></span> <span class='ocrx_word' id='word_1_252' title='bbox 1763 4143 1996 4227; x_wconf 80' lang='lat' dir='ltr'><strong>e&#39;orpus</strong></span> <span class='ocrx_word' id='word_1_253' title='bbox 2039 4141 2290 4206; x_wconf 82' lang='lat' dir='ltr'><strong>habens</strong></span> <span class='ocrx_word' id='word_1_254' title='bbox 2331 4143 2721 4222; x_wconf 80' lang='lat' dir='ltr'><strong>materiam3</strong></span> <span class='ocrx_word' id='word_1_255' title='bbox 2781 4141 2895 4207; x_wconf 82' lang='lat' dir='ltr'><strong>sed</strong></span> 
     </span>
     <span class='ocr_line' id='line_1_33' title="bbox 790 4241 2892 4322; baseline 0.001 -15"><span class='ocrx_word' id='word_1_256' title='bbox 790 4247 1009 4307; x_wconf 79' lang='lat' dir='ltr'><strong>motus</strong></span> <span class='ocrx_word' id='word_1_257' title='bbox 1036 4265 1054 4322; x_wconf 94' lang='lat'>;</span> <span class='ocrx_word' id='word_1_258' title='bbox 1100 4245 1169 4306; x_wconf 91' lang='lat' dir='ltr'><strong>et</strong></span> <span class='ocrx_word' id='word_1_259' title='bbox 1197 4241 1503 4307; x_wconf 66' lang='lat' dir='ltr'><strong>accidens</strong></span> <span class='ocrx_word' id='word_1_260' title='bbox 1525 4263 1661 4306; x_wconf 91' lang='lat' dir='ltr'><strong>non</strong></span> <span class='ocrx_word' id='word_1_261' title='bbox 1690 4248 2080 4308; x_wconf 85' lang='lat' dir='ltr'><strong>numeratur</strong></span> <span class='ocrx_word' id='word_1_262' title='bbox 2121 4243 2483 4309; x_wconf 79' lang='lat' dir='ltr'><strong>seeundum</strong></span> <span class='ocrx_word' id='word_1_263' title='bbox 2525 4265 2892 4321; x_wconf 87' lang='lat' dir='ltr'><strong>numerum,</strong></span> 
     </span>
     <span class='ocr_line' id='line_1_34' title="bbox 789 4343 2896 4432; baseline 0.001 -22"><span class='ocrx_word' id='word_1_264' title='bbox 789 4344 919 4410; x_wconf 76' lang='lat' dir='ltr'><strong>nisi</strong></span> <span class='ocrx_word' id='word_1_265' title='bbox 964 4365 1005 4408; x_wconf 88' lang='lat' dir='ltr'><strong>a</strong></span> <span class='ocrx_word' id='word_1_266' title='bbox 1050 4343 1343 4429; x_wconf 81' lang='lat' dir='ltr'><strong>subjecto</strong></span> <span class='ocrx_word' id='word_1_267' title='bbox 1385 4364 1521 4408; x_wconf 78' lang='lat' dir='ltr'><strong>eu0.</strong></span> <span class='ocrx_word' id='word_1_268' title='bbox 1646 4343 1847 4410; x_wconf 88' lang='lat' dir='ltr'><strong>Unde</strong></span> <span class='ocrx_word' id='word_1_269' title='bbox 1907 4344 2188 4412; x_wconf 83' lang='lat' dir='ltr'><strong>materia</strong></span> <span class='ocrx_word' id='word_1_270' title='bbox 2231 4349 2333 4412; x_wconf 79' lang='lat' dir='ltr'><strong>est</strong></span> <span class='ocrx_word' id='word_1_271' title='bbox 2375 4345 2542 4410; x_wconf 88' lang='lat' dir='ltr'><strong>illud</strong></span> <span class='ocrx_word' id='word_1_272' title='bbox 2585 4346 2672 4412; x_wconf 77' lang='lat' dir='ltr'><strong>ad</strong></span> <span class='ocrx_word' id='word_1_273' title='bbox 2719 4347 2896 4432; x_wconf 90' lang='lat' dir='ltr'><strong>quod</strong></span> 
     </span>
    </p>
   </div>
   <div class='ocr_carea' id='block_1_3' title="bbox 790 4445 2895 4534">
    <p class='ocr_par' dir='ltr' id='par_1_4' title="bbox 790 4445 2895 4534">
     <span class='ocr_line' id='line_1_35' title="bbox 790 4445 2895 4534; baseline -0.001 -19"><span class='ocrx_word' id='word_1_274' title='bbox 790 4469 833 4517; x_wconf 80' lang='lat' dir='ltr'><strong>a</strong></span> <span class='ocrx_word' id='word_1_275' title='bbox 881 4447 1075 4534; x_wconf 86' lang='lat' dir='ltr'><strong>longe</strong></span> <span class='ocrx_word' id='word_1_276' title='bbox 1132 4445 1433 4531; x_wconf 79' lang='lat' dir='ltr'><strong>sequitur</strong></span> <span class='ocrx_word' id='word_1_277' title='bbox 1491 4449 1770 4532; x_wconf 74' lang='lat' dir='ltr'><strong>tempuS,</strong></span> <span class='ocrx_word' id='word_1_278' title='bbox 1843 4451 1912 4512; x_wconf 90' lang='lat' dir='ltr'><strong>et</strong></span> <span class='ocrx_word' id='word_1_279' title='bbox 1969 4467 2104 4512; x_wconf 93' lang='lat' dir='ltr'><strong>non</strong></span> <span class='ocrx_word' id='word_1_280' title='bbox 2166 4447 2562 4526; x_wconf 83' lang='lat' dir='ltr'><strong>immediate,</strong></span> <span class='ocrx_word' id='word_1_281' title='bbox 2631 4448 2746 4514; x_wconf 82' lang='lat' dir='ltr'><strong>sed</strong></span> <span class='ocrx_word' id='word_1_282' title='bbox 2807 4448 2895 4512; x_wconf 90' lang='lat' dir='ltr'><strong>ad</strong></span> 
     </span>
    </p>
   </div>
   <div class='ocr_carea' id='block_1_4' title="bbox 788 4659 2720 4889">
    <p class='ocr_par' dir='ltr' id='par_1_5' title="bbox 788 4659 2720 4889">
     <span class='ocr_line' id='line_1_36' title="bbox 858 4659 2720 4731; baseline 0.002 -18"><span class='ocrx_word' id='word_1_283' title='bbox 858 4665 873 4695; x_wconf 92' lang='lat'>¹</span> <span class='ocrx_word' id='word_1_284' title='bbox 904 4661 1251 4730; x_wconf 67' lang='lat' dir='ltr'><strong>dmonstravi]</strong></span> <span class='ocrx_word' id='word_1_285' title='bbox 1316 4661 1458 4728; x_wconf 73' lang='lat' dir='ltr'><strong>Opus</strong></span> <span class='ocrx_word' id='word_1_286' title='bbox 1516 4661 1699 4728; x_wconf 54' lang='lat' dir='ltr'><strong>MaJua</strong></span> <span class='ocrx_word' id='word_1_287' title='bbox 1960 4663 1980 4692; x_wconf 81' lang='lat'>⁸</span> <span class='ocrx_word' id='word_1_288' title='bbox 2005 4659 2294 4728; x_wconf 78' lang='lat' dir='ltr'><strong>pleniorem]</strong></span> <span class='ocrx_word' id='word_1_289' title='bbox 2333 4663 2626 4731; x_wconf 79' lang='lat' dir='ltr'><strong>planiorem,</strong></span> <span class='ocrx_word' id='word_1_290' title='bbox 2659 4665 2720 4718; x_wconf 86' lang='lat'><strong>1..</strong></span> 
     </span>
     <span class='ocr_line' id='line_1_37' title="bbox 788 4748 2502 4889; baseline 0.002 -17"><span class='ocrx_word' id='word_1_291' title='bbox 788 4757 839 4808; x_wconf 46' lang='grc' dir='ltr'><strong>ν’</strong></span> <span class='ocrx_word' id='word_1_292' title='bbox 855 4748 1035 4889; x_wconf 52' lang='lat'><strong>2⁹20]</strong></span> <span class='ocrx_word' id='word_1_293' title='bbox 1073 4819 1185 4885; x_wconf 70' lang='lat' dir='ltr'><strong>hoe,</strong></span> <span class='ocrx_word' id='word_1_294' title='bbox 1218 4819 1278 4873; x_wconf 69' lang='lat' dir='ltr'><strong>n</strong></span> <span class='ocrx_word' id='word_1_295' title='bbox 1314 4819 1375 4872; x_wconf 85' lang='lat' dir='ltr'><strong>L.</strong></span> <span class='ocrx_word' id='word_1_296' title='bbox 1961 4821 1978 4851; x_wconf 82' lang='lat'><strong>⁴</strong></span> <span class='ocrx_word' id='word_1_297' title='bbox 2013 4820 2188 4889; x_wconf 63' lang='lat' dir='ltr'><strong>squar]</strong></span> <span class='ocrx_word' id='word_1_298' title='bbox 2226 4831 2410 4886; x_wconf 53' lang='lat' dir='ltr'><strong>autem,</strong></span> <span class='ocrx_word' id='word_1_299' title='bbox 2442 4821 2502 4875; x_wconf 78' lang='lat' dir='ltr'><strong>L.</strong></span> 
     </span>
    </p>
   </div>
  </div>
 </body>
</html>
