3517 5750
836 860 971 924 284
1580 870 1842 921 noum
1899 868 2194 921 mooms
2765 852 2944 939 [cir.

834 1048 1099 1115 minuta
1122 1048 1142 1087 ¹
1192 1046 1389 1113 unius
1440 1046 1591 1126 diei,
1636 1052 1709 1113 et
1752 1045 2240 1133 quinquaginta
2279 1044 2580 1125 secunda,
2633 1046 2708 1110 et
2749 1046 2898 1109 octo
2915 1042 2945 1079 ³

834 1153 1055 1233 tertia,
1096 1156 1171 1217 et
1228 1172 1469 1217 novem
1531 1154 1790 1237 quarta,
1835 1156 1908 1216 et
1957 1149 2204 1236 viginti
2269 1148 2520 1235 quintu..
2635 1146 2730 1212 Et
2787 1145 2946 1210 huic

836 1254 1189 1321 concordat
1230 1252 1537 1333 Amchel,
1559 1252 1588 1291 ⁸
1639 1253 1757 1339 qui
1817 1252 2132 1318 fundavit
2197 1250 2460 1317 tabulas
2525 1272 2678 1316 suas
2751 1270 2946 1336 super

838 1358 1287 1445 quantitatem
1346 1356 1509 1422 anni
1558 1354 1828 1435 lunaris,
1889 1354 2009 1441 qui
2069 1376 2284 1421 annus
2341 1353 2594 1419 lunaris
2647 1351 2946 1419 continet

838 1466 1167 1527 trecentos
1231 1458 1717 1547 quinquaginta
1783 1462 2069 1544 quatuor
2140 1456 2302 1537 dies,
2369 1462 2440 1521 et
2505 1456 2807 1543 quintam
2873 1458 2946 1519 et

838 1566 1099 1628 sextam
1152 1562 1349 1627 unius
1414 1560 1563 1639 diei,
1626 1559 1699 1625 id
1750 1564 1874 1642 est,
1939 1558 2186 1647 viginti
2251 1558 2386 1625 duo
2443 1558 2718 1623 minuta.
2855 1554 2948 1620 Et

838 1664 1195 1730 secundum
1260 1662 1386 1729 hoc
1449 1662 1581 1729 erit
1640 1666 1906 1749 tempus
1965 1662 2240 1749 aequalis
2297 1660 2658 1727 lunationis
2699 1657 2948 1745 viginti

839 1788 1079 1833 novem
1120 1765 1279 1847 dies,
1324 1770 1394 1831 et
1450 1764 1733 1852 triginta
1773 1786 1984 1829 unum
2027 1765 2304 1842 minuta,
2351 1768 2422 1829 et
2465 1762 2950 1850 quinquaginta

838 1868 1161 1938 secunda:
1220 1868 1381 1955 quia
1430 1866 1675 1953 viginti
1742 1887 1984 1933 novem
2051 1866 2208 1945 dies,
2253 1871 2324 1932 et
2390 1866 2672 1951 triginta
2735 1884 2947 1929 unum

838 1972 1118 2053 minuta,
1194 1974 1267 2037 et
1354 1968 1842 2057 quinquaginta
1927 1969 2228 2049 secunda,
2303 1968 2744 2055 multiplicata
2829 1989 2949 2053 per

840 2073 1201 2155 duodecim,
1246 2071 1503 2139 faciunt
1546 2077 1876 2137 trecentos
1935 2072 2420 2159 quinquaginta
2463 2075 2750 2158 quatuor
2807 2068 2949 2134 dies

840 2182 911 2243 et
976 2176 1221 2265 viginti
1288 2176 1421 2241 duo
1488 2174 1763 2241 minuta.
1876 2173 2011 2241 Sed
2069 2174 2358 2240 Azachel
2375 2172 2404 2211 ⁴
2461 2173 2684 2239 omisit
2745 2172 2950 2238 tertia

842 2280 1203 2359 Ptolomaei,
1282 2284 1353 2345 et
1441 2282 1695 2365 quarta,
1773 2282 1845 2343 et
1918 2276 2172 2363 quinta,
2252 2276 2410 2364 quia
2495 2276 2569 2341 in
2656 2274 2950 2340 maximo

840 2387 1133 2470 tempore
1176 2403 1409 2469 parum
1452 2378 1852 2466 quantitatis
1895 2379 2235 2465 adjiciunt.

933 2484 1157 2551 Posito
1224 2484 1437 2571 igitur
1498 2484 1679 2570 quod
1750 2488 2012 2571 tempus
2085 2480 2360 2569 aequalis
2433 2480 2798 2547 lunationis
2857 2480 2950 2545 sit

843 2587 1087 2674 viginti
1160 2607 1398 2652 novem
1474 2584 1631 2663 dies,
1710 2589 1781 2651 et
1869 2584 2154 2671 triginta
2225 2606 2434 2651 unum
2522 2584 2802 2664 minuta,
2877 2587 2949 2648 et

842 2687 1329 2775 quinquaginta.
1388 2685 1687 2767 secunda,
1734 2685 1974 2753 accidit
2037 2687 2218 2773 quod
2268 2687 2618 2752 minimum
2665 2690 2944 2773 tempus,

842 2790 1157 2857 reducens
1202 2790 1495 2878 integras
1546 2788 1924 2857 lunationes
1982 2789 2070 2854 ad
2115 2789 2292 2855 idem
2353 2788 2666 2877 temporis
2708 2788 2948 2877 princi—

846 2891 1047 2980 pium,
1123 2897 1225 2958 est
1298 2892 1581 2980 triginta
1652 2892 1816 2958 anni
1889 2891 2207 2973 Arabum,
2285 2891 2401 2979 qui
2483 2895 2788 2958 constant
2863 2913 2948 2956 ex

844 2994 1155 3060 trecentis
1208 2994 1559 3081 sexaginta
1599 2993 2059 3061 lunationibus
2125 2995 2414 3082 integris,
2475 2999 2548 3060 et
2609 2993 2952 3060 continent

845 3096 985 3164 dies
1060 3096 1283 3163 decem
1340 3095 1552 3162 millia
1624 3102 1967 3163 sexcentos
2028 3095 2310 3184 triginta
2384 3117 2592 3162 unum
2665 3096 2946 3182 praecise.

848 3197 1175 3281 Quoniam
1242 3219 1393 3264 cum
1458 3219 1594 3263 una
1636 3197 1892 3266 lunatio
1955 3199 2046 3266 sit
2089 3199 2334 3286 viginti
2375 3219 2614 3266 novem
2675 3197 2832 3276 dien,
2879 3201 2950 3264 et

846 3301 1127 3390 triginta
1170 3323 1381 3368 unum
1438 3301 1717 3382 minuta,
1773 3306 1842 3368 et
1895 3301 2382 3389 quinquaginta
2439 3301 2738 3379 secunda,
2787 3300 2950 3366 duo-

846 3404 1056 3471 decim
1124 3403 1521 3484 lunationes,
1568 3425 1719 3491 quae
1763 3403 2016 3470 faciunt
2066 3425 2276 3470 unum
2333 3425 2583 3470 annum
2645 3402 2950 3470 Arabum

844 3513 915 3574 et
958 3529 1209 3574 anuum
1261 3529 1468 3574 unum
1513 3508 1830 3590 lunarem,
1877 3507 2316 3574 continebunt
2374 3509 2704 3574 trecentos
2754 3505 2950 3593 quin-

845 3612 1165 3698 quaginta
1193 3616 1481 3698 quatuor
1522 3610 1663 3678 dies
1703 3615 1776 3676 et
1818 3609 2068 3698 viginti
2113 3609 2244 3676 duo
2273 3610 2534 3676 minuta
2574 3609 2772 3675 unius
2802 3608 2948 3676 diei.

843 3713 977 3780 Sed
1020 3713 1303 3779 trecenti
1350 3713 1832 3800 quinquaginta
1876 3717 2162 3799 quatuor
2205 3712 2630 3800 multiplicati
2674 3734 2792 3800 per
2823 3712 2946 3778 tri-

842 3815 1037 3900 ginta
1076 3815 1330 3880 faciunt
1375 3814 1597 3880 decem
1640 3814 1850 3880 millia
1891 3820 2230 3881 sexcentos
2281 3815 2556 3902 viginti3
2606 3819 2676 3881 et
2704 3815 2951 3902 viginti

844 3916 975 3980 duo
1021 3913 1282 3981 minuta
1348 3915 1792 4003 multiplicata
1833 3938 1949 4004 per
2007 3918 2290 4004 triginta
2331 3917 2587 3984 faciunt
2644 3917 2951 3982 undecim

844 4016 984 4084 dies
1014 4017 1320 4105 integros,
1343 4018 1459 4105 qui
1488 4019 1824 4106 conjuncti
1854 4020 2182 4107 prioribus
2209 4019 2462 4086 faciunt
2493 4020 2714 4087 decem
2744 4019 2954 4085 millia

844 4123 1185 4186 sexcentos
1242 4120 1522 4208 triginta
1564 4141 1792 4202 unum,
1856 4123 2244 4189 reducentes
2304 4121 2515 4210 primo
2580 4123 2953 4189 lunationes

844 4221 1127 4309 aequales
1168 4222 1254 4290 ad
1284 4223 1617 4290 consimile
1662 4226 1978 4314 temporis
2012 4225 2298 4292 initium.
2392 4225 2564 4294 Cum
2595 4227 2804 4314 igitur
2831 4226 2946 4291 tri·

844 4323 1037 4414 ginta
1079 4325 1241 4392 anui
1270 4324 1571 4393 Arabum
1608 4327 1745 4393 sint
1775 4333 2036 4416 tempus
2086 4329 2454 4411 minimum,
2486 4329 2666 4418 quod
2697 4328 2954 4396 oedueit

846 4428 1141 4519 integras
1183 4429 1561 4497 lunationes
1602 4430 1691 4498 ad
1734 4431 2074 4498 consimile
2123 4432 2441 4520 temporis
2483 4432 2770 4512 initium,
2817 4453 2955 4498 non

914 4685 928 4719 ¹
954 4686 1164 4754 minuta]
1201 4687 1469 4748 minutum,
1490 4687 1555 4740 B.
2016 4688 2035 4719 ⁸
2057 4685 2301 4756 Azaokel]
2339 4688 2600 4751 Attaehel,
2623 4689 2686 4742 B.

914 4765 935 4797 ⁸
954 4775 1001 4818 ct
1030 4766 1159 4834 octo]
1198 4774 1312 4819 octo
1342 4775 1407 4829 et,
1428 4767 1490 4820 Β.
2015 4771 2034 4801 ⁴
2053 4767 2295 4838 Azachel]
2332 4769 2594 4830 Aruehel,
2615 4769 2678 4822 Β.
