3517 5750
473 869 601 957 xi]
1147 885 1610 940 courssnmu
1656 889 1913 942 swnn.
2455 883 2583 946 515

467 1061 654 1148 cujus
742 1067 846 1130 est
917 1064 1035 1130 illa
1107 1064 1351 1130 vocalis
1425 1087 1574 1153 quae
1648 1066 1845 1134 deest.
1964 1065 2295 1148 Quoniam
2368 1071 2583 1157 prima

465 1164 662 1251 hujus
724 1166 1034 1233 dictionis
1095 1165 1326 1234 himas
1391 1169 1596 1255 (ἡμᾶς)
1657 1172 2009 1257 aspiratur,
2072 1171 2221 1236 ideo
2280 1177 2584 1240 mutatur

455 1267 547 1354 pi
590 1269 664 1332 in
699 1269 850 1357 phi,
883 1276 953 1336 et
983 1271 1224 1336 dicitur
1267 1271 1575 1358 ephimas
1606 1273 1723 1362 (ἐφ’
1766 1273 1966 1360 ἡμᾶς).
2047 1273 2139 1339 Et
2184 1277 2577 1364 apostrophe

461 1391 598 1436 non
641 1373 852 1438 solum
895 1373 1073 1439 tollit
1118 1373 1264 1440 iota
1307 1375 1616 1454 vocalem,
1654 1376 1770 1442 sed
1814 1375 1976 1442 alias
2020 1381 2173 1458 tres,
2222 1383 2300 1443 ut
2346 1379 2573 1466 alpha,

461 1477 533 1540 et
602 1496 653 1555 e,
713 1481 785 1542 et
849 1475 1176 1558 omicron,
1222 1477 1390 1543 sicut
1458 1477 1689 1543 dicunt
1766 1484 2065 1545 auctores
2126 1483 2577 1567 grammaticae

466 1578 724 1646 Graecae.
817 1579 907 1644 Et
967 1579 1344 1645 invenimus
1405 1581 1480 1645 in
1542 1582 1865 1668 scriptura
1910 1582 2138 1648 Graeca
2200 1583 2343 1650 fieri
2398 1585 2579 1651 abla-

463 1681 675 1748 tiones
719 1682 997 1748 istarum
1056 1682 1398 1749 literarum
1447 1689 1769 1769 quatum-3
1830 1689 1911 1750 ut
1954 1707 2103 1750 cum
2150 1685 2301 1752 alla
2347 1687 2579 1776 (ἀλλὰ)

462 1786 553 1850 sit
593 1784 726 1864 sed,
773 1790 842 1851 et
887 1807 980 1850 ou
1029 1789 1150 1872 (οὐ)
1200 1785 1292 1850 sit
1335 1807 1509 1868 non;
1573 1789 1838 1874 quando
1892 1787 2091 1854 simul
2136 1787 2578 1856 inveniuntur

461 1887 608 1954 istae
667 1887 988 1953 dictiones
1050 1888 1428 1954 scribuntur
1470 1889 1757 1957 libenter
1824 1913 1943 1978 per
1987 1892 2434 1980 apostrophen
2498 1913 2575 1957 ae

460 1991 515 2055 si
561 1995 776 2056 essent
828 2011 963 2056 una
1008 1989 1230 2070 dictio,
1265 1992 1437 2058 sicut
1487 1993 1661 2079 (ἀλλ’
1707 1997 1814 2080 οὐ),
1865 1999 2137 2082 propter
2176 1994 2577 2060 brevitatem

425 2136 432 2142 -
461 2092 832 2160 auferentes
875 2093 1183 2159 ultimam
1230 2095 1523 2161 vocalem
1568 2095 1769 2182 hujus
1800 2095 2113 2163 dictionis
2157 2095 2303 2164 alla
2336 2097 2573 2183 (ἀλλὰ),

463 2195 638 2282 quod
702 2196 1056 2283 designant
1114 2218 1233 2285 per
1293 2203 1548 2286 partem
1619 2198 1846 2265 circuli
1896 2200 2219 2278 dextram,
2268 2221 2416 2286 quae
2461 2221 2577 2287 po-

461 2298 646 2364 nitur
689 2299 775 2364 ad
826 2299 1030 2366 labda
1072 2305 1556 2380 consonantem,
1590 2302 1801 2369 vocali
1845 2301 2083 2369 ablata
2196 2301 2287 2368 Et
2330 2301 2413 2368 de
2454 2303 2571 2388 (δὲ)

461 2402 638 2488 apud
704 2423 830 2481 eos,
898 2403 1077 2468 idem
1154 2408 1254 2468 est
1329 2405 1506 2489 quod
1581 2409 1807 2470 autem
1882 2411 1952 2470 et
2025 2425 2201 2482 vero,
2274 2409 2343 2470 et
2418 2425 2577 2490 opos

461 2505 1055 2590 quemadmodum3
1127 2505 1482 2588 seeundum
1551 2529 1708 2572 vero
1778 2505 2318 2573 consuetudinem
2386 2527 2575 2572 suam

460 2613 855 2694 praeponunt
919 2609 1004 2674 de
1045 2609 1127 2686 ei,
1177 2609 1355 2694 quod
1400 2601 1502 2674 es‘t
1546 2631 1744 2696 opos;
1812 2609 1969 2676 licet
2013 2631 2135 2676 nos
2180 2631 2217 2675 e
2261 2631 2571 2676 converso

461 2709 736 2776 dicimus
823 2711 1374 2798 quemadmodum
1449 2719 1620 2778 ante.
1743 2711 1878 2778 Sed
1962 2713 2089 2799 ipsi
2158 2733 2195 2778 e
2257 2733 2568 2778 converso

462 2812 712 2895 dicunt,
759 2819 828 2881 et
871 2817 1141 2902 propter
1185 2813 1582 2880 brevitatem
1647 2815 1901 2898 dicunt,
1949 2837 2069 2902 per
2128 2814 2571 2903 apostrophen

463 2924 650 3003 topos
678 2916 759 3003 (δ’
778 2916 973 3005 ὅπως),
998 2922 1401 3005 apponentes
1431 2924 1678 2998 notam,
1718 2918 1890 2984 sicut
1920 2918 2165 2984 dicitur
2194 2918 2269 2982 in
2302 2918 2571 2998 Gallico,

464 3017 814 3084 D’Orliens
857 3042 976 3108 pro
1021 3020 1102 3086 de
1149 3019 1449 3089 Orliensi.
1530 3022 1622 3086 Et
1665 3044 1799 3109 ypo
1843 3020 2012 3111 (ὑπὸ)
2054 3026 2156 3086 est
2198 3021 2575 3109 praepositio

463 3122 638 3187 idem
669 3122 845 3208 quod
875 3123 1015 3201 sub,
1050 3127 1119 3188 et
1161 3122 1404 3190 heauto
1450 3124 1678 3213 (ἑαυτὸ)
1725 3130 1827 3190 est
1856 3124 1979 3189 hoc
2009 3144 2368 3211 pronomen
2412 3124 2572 3210 ipso,

461 3224 576 3289 sed
619 3246 738 3311 pro
795 3246 928 3311 ypo
986 3224 1226 3293 heauto
1285 3226 1423 3315 (ὑπὸ
1479 3226 1698 3313 ἑαυτῷ)
1766 3226 2064 3291 scribunt
2120 3246 2239 3312 per
2283 3230 2576 3312 apostro-

463 3328 634 3413 phen
682 3326 1015 3415 yplceauto
1073 3328 1208 3418 (ὑφ’
1262 3328 1496 3417 ἑαυτῷ),
1558 3350 1752 3415 super
1801 3330 1892 3415 pi
1950 3329 2211 3392 literam
2258 3332 2576 3413 ponentes

463 3434 691 3494 notam
758 3429 1160 3518 apostrophe.
1254 3430 1346 3494 Et
1410 3431 1566 3516 quia
1627 3432 1845 3515 prima
1912 3430 2109 3494 litera
2170 3429 2575 3516 pronominis

464 3532 808 3617 aspiratur,
879 3533 1177 3598 scribunt
1241 3531 1376 3621 phi
1451 3554 1570 3619 pro
1633 3532 1735 3619 pi,
1807 3538 1878 3598 et
1942 3532 2176 3599 dicunt
2238 3531 2575 3619 ypheauto

469 3633 592 3719 (ὑφ’
636 3634 870 3723 ἑαυτῷ).
977 3634 1070 3700 Et
1121 3636 1216 3701 sic
1276 3634 1653 3701 invenimus
1713 3637 1787 3700 in
1833 3634 2073 3701 Latino
2149 3634 2329 3723 apud
2402 3634 2577 3699 anti-

466 3756 630 3824 quos
671 3742 967 3803 auctores
1010 3738 1256 3805 auferri
1299 3737 1604 3804 ultimam
1649 3738 1959 3820 vocalem,
2004 3743 2084 3804 ut

879 3912 915 3939 “
950 3904 1240 3973 Twnton’
1285 3928 1392 3971 me
1437 3906 1710 3991 crimine
1755 3906 2035 3995 dignum
2054 3904 2125 3971 'P’

467 4082 584 4150 pro
647 4068 940 4129 tantone.
1062 4062 1132 4129 N
1132 4084 1218 4129 on
1281 4061 1529 4131 solum¹
1597 4067 1676 4132 fit
1741 4063 2119 4152 hujusmodi
2182 4062 2433 4132 ablatio
2508 4064 2581 4130 in

469 4163 880 4251 appositione
957 4164 1324 4233 dictionum
1401 4188 1608 4254 quum
1698 4168 2169 4255 intelliguntur
2257 4168 2579 4234 dictiones

469 4290 604 4333 esse
653 4268 945 4349 diversae,
979 4274 1058 4335 ut
1102 4270 1657 4356 exemplificatum
1701 4276 1815 4351 est,
1850 4272 1964 4336 sed
2008 4272 2081 4334 in
2110 4270 2581 4357 compositione

471 4369 774 4437 similiter
847 4371 1145 4438 aufertur
1209 4372 1455 4439 vocalis
1528 4372 1765 4460 prioris
1840 4372 2145 4438 dictionis
2220 4394 2421 4458 quum
2508 4370 2581 4434 in

468 4474 936 4563 compositione
1007 4474 1189 4543 cadit
1263 4498 1412 4543 cum
1487 4476 1631 4542 alia.
1753 4476 2085 4557 Quoniam
2158 4474 2298 4541 haec
2375 4471 2581 4539 dictio

487 4704 593 4711 —-——-
644 4706 676 4710 -
733 4706 767 4711 --
847 4708 874 4713 --
894 4706 949 4713 -—-
972 4708 987 4713 -
1024 4704 2154 4713 ---———————-———-—-———--——

1081 4837 1922 4909 ‘wlm1v0addedinmargin.
2358 4918 2401 4983 2

2161 4934 2313 4985 xx
