3517 5750
772 865 903 937 272
1530 880 1789 931 Roomu
1835 880 2124 931 mooms
2701 866 2880 952 [off.

762 1054 957 1135 trina,
1018 1060 1087 1119 et
1144 1054 1558 1140 eloquentia3
1642 1053 1866 1142 super-¹
1968 1056 2212 1143 quibus
2287 1061 2648 1123 attestatur
2711 1058 2882 1123 Mer·

762 1156 997 1254 curius,
1057 1156 1175 1243 qui
1216 1162 1493 1223 vocatur
1549 1158 1858 1224 dominus
1915 1158 2262 1245 sapientiae
2331 1162 2402 1223 et
2462 1158 2878 1245 eloquentiae,

760 1263 831 1324 et
895 1281 1031 1324 non
1100 1260 1479 1325 dominatur
1529 1260 1658 1325 nisi
1706 1260 1780 1325 in
1827 1260 2147 1347 Virgine:
2241 1264 2314 1325 et
2379 1260 2520 1327 haec
2591 1266 2692 1326 est
2767 1262 2878 1328 lex

762 1360 1159 1441 Christiana,
1208 1360 1381 1427 sicut
1438 1362 1567 1448 ipsi
1627 1362 1984 1441 declarant,
2047 1383 2199 1449 quse
2261 1366 2362 1427 est
2443 1362 2640 1449 plena
2695 1365 2878 1429 omni

759 1464 1083 1549 sapientia
1142 1468 1210 1529 et
1260 1464 1656 1550 eloquentia,
1722 1469 1793 1530 et
1853 1469 1954 1530 est
2025 1464 2370 1551 prophetae
2387 1464 2416 1502 ²
2495 1464 2612 1551 qui
2676 1472 2876 1532 natus

759 1570 863 1631 est
922 1565 1005 1631 de
1065 1566 1357 1652 Virgine.
1480 1566 1571 1631 Et
1648 1572 1826 1633 secta
1887 1566 2094 1632 Lunae
2169 1566 2486 1653 principis
2567 1568 2732 1633 foedi
2805 1575 2875 1634 et

758 1668 1074 1755 maligni3
1153 1673 1223 1734 et
1282 1669 1421 1735 haec
1482 1673 1583 1734 est
1640 1674 1822 1735 secta
1878 1667 2297 1734 Antichristi.
2407 1666 2588 1733 Pono
2667 1669 2876 1757 igitur

758 1770 863 1836 hic
936 1792 1241 1857 magnam
1303 1771 1723 1837 astronomiae
1795 1776 2199 1858 potestatem
2279 1772 2638 1837 secundum
2721 1795 2871 1838 con-

747 1872 1121 1959 junctiones
1179 1872 1635 1959 planetarum;
1686 1878 1754 1939 et
1807 1874 2051 1962 adapto
2101 1895 2211 1939 eas
2265 1874 2352 1938 ad
2399 1878 2622 1953 sectas,
2671 1880 2872 1960 prout

754 1974 1113 2041 astronomi
1168 1974 1467 2041 faciunt⁸
1576 1974 1669 2041 Et
1720 1976 1874 2041 licet
1933 1976 2156 2062 aliqua
2215 1976 2352 2040 sint
2401 1974 2694 2041 difficilia
2753 1977 2865 2053 eiS,

754 2078 870 2163 qui
958 2099 1095 2143 non
1184 2078 1585 2143 audiverunt
1674 2077 2172 2157 astronomiam,
2265 2082 2492 2142 tamen
2575 2082 2869 2165 propter

754 2168 987 2246 seriem
1036 2180 1473 2267 persuasionis
1524 2200 1699 2267 pono
1751 2200 1902 2266 quae
1961 2179 2326 2245 necessaria
2387 2183 2589 2258 sunt3
2665 2184 2866 2265 atque

753 2282 1086 2348 sententia
1114 2282 1274 2347 satis
1302 2279 1558 2368 potest⁴
1596 2304 1639 2347 a
1673 2282 1970 2367 quolibet
2013 2281 2087 2346 in
2136 2302 2396 2346 summa
2447 2280 2863 2366 deprehendi.

756 2385 849 2449 Et
923 2384 1032 2450 hic
1110 2384 1455 2451 invenitur
1534 2389 1797 2471 tempus
1877 2383 2343 2449 destructionis
2426 2381 2865 2464 Machometi3

754 2487 931 2573 quod
990 2487 1195 2573 probo
1254 2508 1371 2573 per
1418 2485 1913 2573 philosophiam,
1969 2491 2039 2550 et
2086 2507 2204 2572 per
2251 2482 2737 2571 Apocalypsim,
2793 2490 2864 2549 et

752 2610 870 2674 per
907 2588 1232 2669 effectum,
1293 2588 1470 2675 quod
1529 2587 1723 2653 valde
1785 2586 2334 2653 considerandum
2387 2591 2508 2666 est,
2559 2589 2629 2650 et
2679 2606 2861 2673 mag-

754 2711 915 2756 num
960 2691 1278 2777 gaudium
1329 2689 1738 2757 Christianis.

1560 2975 1719 3042 Cu.
1768 2973 2050 3040 LXVII.

420 3185 683 3238 Reform-
846 3160 1241 3231 SECUNDUM
1308 3167 1484 3252 quod
1538 3187 1798 3253 expono
1867 3165 2038 3230 circa
2105 3162 2537 3229 ecclesiastica
2597 3171 2700 3227 est
2774 3163 2854 3226 de

418 3255 709 3372 {fflssnffisshe
752 3269 1167 3355 corruptione
1256 3268 1645 3347 kalendarii,
1740 3289 1888 3355 quae
1977 3269 2080 3331 est
2151 3265 2584 3330 intolerabilis
2673 3265 2854 3329 omui

654 3356 669 3373 ”
752 3371 1053 3458 sapienti,
1121 3377 1189 3437 et
1254 3371 1591 3437 horribilis
1656 3369 1839 3435 omni
1903 3375 2296 3448 astronomo,
2365 3373 2434 3432 et
2501 3366 2854 3431 derisibilis

750 3474 837 3539 ab
884 3473 1065 3539 omni
1110 3469 1562 3561 computista.⁶
1654 3471 1857 3540 Unde
1905 3492 2130 3536 omnes
2173 3469 2475 3534 instructi
2525 3470 2598 3533 in
2641 3473 2849 3533 astro-

748 3577 987 3655 nomia,
1036 3580 1104 3642 et
1155 3573 1271 3642 in⁰
1338 3583 1664 3662 computo,
1713 3579 1785 3640 et
1845 3573 1918 3637 in
1980 3571 2242 3648 talibus,
2291 3571 2616 3636 mirantur
2674 3571 2850 3656 quod

746 3683 887 3742 tam
952 3677 1393 3743 abominanda
1468 3677 1723 3742 falsitas
1791 3675 2206 3752 sustinetur3
2267 3674 2383 3738 sed
2450 3673 2848 3758 impossibile

746 3784 848 3845 est
892 3779 1069 3865 quod
1114 3781 1564 3858 sustineretur,
1608 3778 1739 3842 nisi
1771 3777 1929 3864 quia
1971 3776 2088 3854 illi,
2119 3775 2234 3862 qui
2275 3775 2522 3840 habent
2567 3775 2848 3840 auetori-

746 3885 955 3945 tatem
1018 3902 1213 3966 super
1276 3881 1399 3946 hac
1464 3881 1881 3958 correctione,
1926 3899 2062 3942 non
2135 3881 2294 3942 sunt
2357 3877 2703 3942 exercitati
2776 3877 2846 3940 in

747 3981 1168 4060 astronomia,
1244 3987 1315 4048 et
1387 3986 1715 4068 comput0,
1789 3986 1860 4046 et
1941 3981 2016 4043 in
2089 3979 2202 4064 huj
2212 3979 2481 4044 usmodi.
2603 3978 2846 4043 Nullus

746 4084 925 4148 enim
986 4083 1349 4170 percipiens
1412 4085 1615 4150 talem
1674 4082 2232 4148 abominationem
2284 4079 2640 4145 sustineret
2684 4101 2844 4144 eam.

746 4183 839 4250 Et
880 4183 1030 4250 ideo
1094 4184 1376 4271 quilibet
1439 4185 1699 4272 sapiens
1746 4183 2181 4261 Christianus,
2237 4181 2354 4267 qui
2397 4182 2537 4246 haec
2579 4185 2842 4256 tractat,

809 4418 825 4450 ¹
844 4414 1020 4482 super]
1060 4429 1159 4465 om.
1180 4413 1241 4464 Τ.
1907 4412 1926 4439 ⁴
1947 4409 2072 4459 satis
2085 4408 2273 4475 potest]
2311 4413 2473 4471 potest
2494 4406 2630 4465 satis,
2655 4405 2719 4458 T.

809 4494 1125 4605 :prophete-:1
1162 4493 1419 4585 propheta,
1452 4490 1529 4582 Β..
1905 4527 1927 4556 s
1945 4525 2260 4593 computista]
2299 4522 2612 4590 oompow'
2637 4523 2700 4575 T·

849 4583 1107 4625 aso-omn
1144 4571 1377 4639 sactum]
1434 4570 1627 4621 faciunt
1655 4581 1734 4619 as·

738 4654 969 4716 tronomi,
992 4655 1054 4706 Τ.
1902 4644 1923 4674 ⁸
1943 4643 2024 4710 in]
2062 4658 2160 4696 om.
2185 4644 2248 4696 Β.
