3517 5750
526 1650 689 1702 Value

520 1718 583 1767 of
616 1718 703 1770 the

524 1850 686 1914 philo-

520 1918 701 1983 sophy.

588 1786 727 1837 cient

856 842 989 907 424
1610 850 1872 903 nomm
1917 848 2207 901 mcoms
2769 834 2954 919 [cu.

854 1036 923 1098 et
964 1029 1237 1095 liberius
1278 1028 1351 1095 in
1396 1050 1477 1095 ea
1518 1030 1741 1117 potuit
1783 1050 2016 1095 vacare
2059 1026 2399 1115 sapientiae
2443 1031 2515 1092 et
2557 1026 2958 1113 contempla·

854 1134 1021 1199 tioni
1097 1133 1343 1199 futurae
1415 1132 1796 1211 felicitatis3
1839 1132 2014 1197 sicut
2087 1152 2222 1195 non
2295 1128 2507 1195 solum
2582 1130 2738 1194 libri
2811 1128 2960 1215 ejus

854 1240 1205 1317 testantur,
1251 1235 1392 1305 sed.
1410 1234 1527 1301 alii
1572 1234 1961 1322 philosophi,
2007 1236 2076 1297 et
2135 1254 2269 1299 non
2313 1230 2526 1297 solum
2571 1232 2788 1299 Graeci
2837 1234 2956 1298 sed

858 1338 1097 1403 Latini.
1206 1338 1407 1406 Unde
1452 1337 1705 1403 Tullius
1765 1336 2001 1424 quinto
2047 1335 2502 1417 Quaestionum
2561 1334 2958 1399 Tusculana-

854 1462 1020 1518 rum,
1068 1446 1139 1507 et
1198 1441 1435 1525 quinto
1480 1439 2022 1505 Academicorum
2065 1432 2272 1516 libro,¹
2313 1438 2458 1524 jam
2525 1437 2724 1505 dictae
2767 1438 2958 1503 toeti-

856 1543 1149 1608 monium
1196 1542 1499 1629 perhibet
1542 1542 1831 1608 veritati.

950 1645 1083 1711 Sed
1150 1646 1233 1711 de
1300 1644 1709 1711 notabilibus
1754 1642 1968 1710 civilis
2009 1642 2304 1709 scientiae
2349 1642 2732 1710 Aristotelis
2773 1665 2960 1730 mag·

859 1770 985 1814 nus
1072 1748 1240 1813 liber
1326 1748 1541 1813 faetus
1612 1746 1761 1825 fuit,
1837 1750 1908 1812 et
1982 1746 2420 1833 dignissimae,
2511 1751 2584 1811 et
2670 1747 2962 1811 maxime

858 1850 1251 1918 conveniens
1316 1850 1447 1937 legi
1516 1848 1930 1926 Christianae,
1999 1848 2156 1934 quia
2208 1848 2289 1913 de
2349 1848 2598 1914 eisdem
2655 1854 2758 1914 est
2847 1850 2964 1915 lex

858 1952 1235 2020 Aristotelis
1322 1956 1392 2017 et
1479 1950 1593 2017 lex
1668 1950 2064 2031 Christiana,
2133 1951 2287 2017 licet
2353 1950 2566 2017 multa
2627 1950 2964 2017 addantur

854 2056 929 2121 in
1002 2055 1147 2145 lege
1214 2054 1611 2133 Christiana,
1680 2076 1829 2141 quse
1889 2052 2223 2119 excellunt
2295 2075 2558 2121 omnem
2601 2053 2963 2119 humanam

854 2159 1197 2225 scientiam
1242 2158 1313 2223 in
1360 2157 1714 2223 infinitum.
1795 2155 1937 2221 Lex
2005 2155 2182 2221 enim
2243 2154 2627 2221 Christiana
2683 2155 2966 2221 assumit

854 2262 1166 2348 quicquid
1210 2260 1488 2349 dignum
1534 2266 1635 2327 est
1684 2259 1757 2324 in
1803 2258 1948 2346 lege
1993 2259 2174 2324 civili
2228 2257 2690 2345 philosophica.
2783 2258 2964 2337 Quo-

852 2365 1037 2429 niam
1098 2365 1281 2430 Deus
1340 2362 1525 2429 dedit
1594 2360 1998 2449 philosophis
2061 2382 2322 2426 omnem
2374 2360 2742 2440 veritatem,
2788 2361 2964 2425 sicut

852 2468 1065 2533 sancti
1142 2466 1398 2543 docent,
1488 2470 1559 2531 et
1634 2464 1929 2529 maxime
2003 2463 2424 2551 Augustinus
2495 2463 2779 2529 secundo
2855 2463 2961 2529 De

853 2570 1175 2635 Doctrina
1206 2568 1585 2636 Christiana
1600 2566 1655 2649 ;Ω
1700 2572 1772 2631 et
1815 2566 2124 2631 hortatur
2171 2564 2581 2633 Christianos
2615 2571 2695 2631 ut
2723 2588 2954 2631 aurum

854 2672 1213 2759 sapientise,
1262 2676 1333 2737 et
1376 2674 1727 2757 argentum
1793 2667 2186 2755 eloquentiae
2234 2668 2593 2735 Christiani
2655 2668 2958 2733 auferant

850 2796 895 2837 a
960 2774 1381 2859 philosophis,
1448 2780 1768 2859 tanquam
1834 2772 1920 2837 ab
1994 2770 2259 2858 injustis
2323 2770 2810 2857 possessoribus,
2889 2776 2960 2837 et

854 2881 1171 2961 tanquam
1235 2875 1575 2962 proprium
1623 2875 2034 2941 Christianis.
2129 2872 2187 2940 O
2253 2896 2451 2959 quam
2517 2873 2770 2940 nobiles
2813 2897 2956 2940 sen-

852 2979 1097 3044 tentias
1171 2977 1519 3064 proferunt
1609 2977 1980 3064 philosophi
2057 2976 2140 3043 de
2208 2976 2372 3057 Deo,
2445 2981 2518 3042 et
2607 2977 2687 3042 de
2759 2977 2959 3068 beata

853 3078 1204 3161 Trinitate,
1252 3083 1322 3146 et
1367 3080 1449 3146 de
1494 3079 1947 3146 incarnatione
1981 3079 2138 3143 Filii
2169 3079 2318 3160 Dei,
2347 3083 2417 3144 et
2461 3079 2542 3144 de
2574 3078 2852 3157 Christo,
2887 3085 2958 3146 et

854 3187 936 3254 de
998 3185 1197 3254 beata
1238 3185 1533 3272 Virgine,
1580 3192 1650 3252 et
1696 3187 1778 3252 de
1839 3185 2108 3273 angelis,
2154 3189 2224 3250 et
2275 3186 2358 3252 de
2401 3185 2826 3262 daemonibus,
2887 3191 2957 3252 et

852 3291 935 3356 de
1000 3289 1253 3374 judicio
1312 3288 1516 3368 finali,
1586 3294 1655 3355 et
1730 3289 1814 3354 de
1873 3289 2084 3375 gloria
2147 3287 2415 3368 coelesti,
2483 3292 2554 3354 et
2617 3289 2700 3355 de
2759 3309 2960 3376 poena

852 3393 1179 3472 infernali,
1244 3397 1315 3460 et
1359 3392 1443 3458 de
1506 3391 1965 3478 reprobatione
2025 3389 2353 3456 malarum
2396 3389 2634 3476 legum,
2683 3395 2754 3456 et
2813 3413 2958 3478 quae

852 3497 941 3562 sit
1008 3495 1277 3583 optima,
1344 3501 1413 3560 et
1477 3494 1802 3581 quomodo
1861 3493 2125 3581 probari
2186 3493 2441 3572 debeat,
2489 3498 2559 3559 et
2617 3516 2765 3580 quae
2825 3495 2960 3558 sint

852 3599 1264 3665 conditiones
1308 3602 1378 3664 et
1422 3596 1688 3663 articuli
1734 3595 1891 3682 ejus,
1925 3601 1995 3662 et
2039 3595 2365 3683 quomodo
2409 3597 2656 3662 servari
2700 3596 2957 3676 debeat,

852 3705 922 3766 et
969 3701 1229 3768 defendi
1286 3706 1354 3765 et
1405 3699 1824 3786 promulgari,
1873 3703 1942 3764 et
2001 3697 2083 3763 de
2126 3698 2512 3786 legislatore,
2561 3704 2631 3765 et
2688 3697 2772 3763 de
2815 3699 2958 3785 ejus

854 3823 1232 3880 successore,
1271 3807 1351 3868 ut
1396 3802 1553 3866 dixi.
1647 3801 1815 3868 Haec
1857 3805 2082 3866 autem
2113 3800 2238 3866 sub
2285 3803 2595 3888 compend
2603 3802 2668 3867 io
2711 3802 2958 3888 collegi,

854 3908 924 3968 et
967 3904 1119 3968 misi
1165 3902 1432 3968 domino
1464 3903 1797 3969 Clementi
1843 3903 2218 3990 apostolicae
2254 3903 2740 3982 recordationiS‚
2787 3903 2960 3970 sicut

853 4003 1065 4070 multa
1132 4005 1307 4086 alia3
1368 4006 1524 4090 quia
1586 4006 1709 4071 hoc
1771 4005 1938 4070 mihi
1997 4005 2342 4072 efficaciter
2415 4011 2824 4094 praeceperat,
2887 4011 2959 4072 et

851 4106 1162 4175 districte,
1256 4106 1347 4172 Et
1407 4107 1489 4172 de
1533 4108 1635 4174 his
1680 4108 1800 4174 fiet
1857 4107 2080 4194 aliqua
2123 4107 2448 4194 expositio
2507 4107 2776 4176 inferius
2817 4110 2960 4176 loco

850 4229 985 4280 su0.
1078 4210 1243 4275 Haec
1294 4209 1501 4297 igitur
1550 4209 1708 4297 jura
1767 4211 2214 4296 philosophica
2257 4215 2640 4297 competunt
2691 4209 2958 4293 clericiS,

848 4318 920 4381 et
978 4336 1113 4381 non
1158 4313 1483 4380 ruditates
1542 4313 1858 4380 laicorum
1921 4313 2154 4392 Italiae,
2204 4314 2445 4399 quibus
2503 4317 2718 4380 status
2776 4314 2958 4380 cleri-

850 4439 1075 4484 corum
1134 4416 1559 4483 confunditur
1618 4416 1706 4482 ad
1765 4417 1902 4482 haec
1961 4423 2272 4502 tempora.
2365 4415 2566 4482 Unde
2631 4439 2766 4484 non
2810 4417 2957 4505 plus

2253 4625 2339 4634 *-

916 4733 929 4766 ¹
962 4729 1055 4783 See
1076 4747 1121 4798 p.
1150 4737 1229 4783 50.
1881 4728 1908 4798 Ι,
1992 4731 2013 4760 ²
2038 4729 2130 4782 See
2153 4747 2199 4798 p.
2225 4737 2271 4782 9.
