3517 5750
902 858 1041 926 480
1660 870 1922 925 noent
1965 868 2257 925 memus
2319 908 2327 913 .
2827 856 3014 947 [cu.

900 1052 1127 1115 tamen
1198 1046 1633 1115 necessarium
1720 1050 1826 1115 est
1913 1050 2184 1136 propter
2255 1046 2503 1113 multas
2591 1048 3010 1134 quaestiones.

902 1150 1093 1219 Sicut
1138 1148 1300 1219 Gen.
1364 1172 1523 1217 xxv.
1572 1148 1717 1237 [8.],
1787 1156 1825 1185 “
1845 1148 2081 1237 plenus
2143 1148 2456 1230 dierum,”
2519 1152 2696 1236 quod
2763 1151 3014 1219 dicitur

906 1250 1187 1321 dieo-tvm
1248 1252 1335 1319 ab
1394 1252 1757 1341 interprete
1819 1250 2126 1319 additum
2185 1256 2334 1334 est3
2407 1251 2584 1319 sicut
2643 1250 2870 1321 Naum
2913 1254 3010 1321 iii.

910 1354 1065 1445 [¹7.],
1130 1363 1167 1393 “
1190 1354 1357 1437 Quis
1418 1354 1715 1423 movebit
1779 1376 1977 1443 super
2017 1360 2088 1423 te
2109 1351 2180 1423 ‘P‘
2244 1354 2698 1443 Hieronymus
2759 1355 3008 1422 ibidem

900 1458 1093 1525 addit
1152 1464 1377 1545 eaput,
1422 1458 1599 1544 quod
1644 1456 1972 1525 Hebraeus
2013 1477 2150 1525 non
2194 1456 2418 1539 habet,
2461 1462 2733 1546 propter
2779 1480 3008 1525 sensus

898 1561 1307 1629 evidentium
1366 1559 1687 1650 apposuit.
1823 1560 2149 1627 Similiter
2209 1560 2408 1627 Dent.
2461 1560 2578 1626 xii.
2637 1560 2826 1649 [15.],
2885 1561 3006 1626 ubi

898 1664 1145 1731 dicitur
1188 1672 1226 1703 “
1254 1662 1417 1731 Sive
1464 1662 1886 1731 immundum
1927 1660 2191 1744 fuerit,'’
2219 1662 2564 1752 interpres
2615 1663 2880 1729 addidit
2921 1664 3008 1731 ad

896 1766 1377 1855 expositionem
1450 1766 1667 1854 hujus,
1743 1766 1868 1833 hoc
1939 1770 2058 1847 est,
2133 1764 2570 1833 maczdatum
2643 1772 2706 1832 et
2779 1764 3008 1833 debile.

900 1868 1071 1937 Cum
1142 1869 1455 1957 sequitur,
1526 1877 1562 1907 “
1590 1869 1732 1937 sive
1797 1868 2181 1949 mundum,''
2243 1868 2452 1949 addit,
2509 1866 2636 1935 hoc
2693 1874 2816 1948 est,
2891 1868 3006 1935 ‘im-

898 1979 1167 2059 tefflm
1238 1972 1391 2039 eima
1462 1970 1757 2041 ἰηααιῐα-
1885 1972 2210 2041 Similiter
2282 1971 2582 2038 omnium
2654 1970 3002 2037 nominum

900 2074 1381 2143 Hebraicorum
1426 2074 2008 2163 interpretationes
2067 2073 2330 2141 eddidit
2371 2074 2696 2161 interpres
2739 2073 2827 2139 ed
2869 2075 3014 2139 evi-

898 2178 1209 2245 dentium.
1302 2177 1408 2245 Ut
1450 2177 1613 2245 Gen.
1648 2178 1862 2247 xxxii.
1911 2176 2057 2265 [2.],
2109 2184 2144 2215 “
2177 2174 2532 2258 Mennim,”
2589 2176 2661 2242 id
2703 2182 2824 2257 est,
2865 2198 3010 2243 cae-

899 2288 1058 2361 tra;
1110 2286 1183 2349 et
1240 2302 1447 2349 xxxv.
1513 2279 1701 2367 [18.]‚
1754 2289 1790 2319 “
1813 2278 2127 2360 Benoni,”
2179 2278 2250 2345 id
2295 2284 2416 2359 est,
2465 2276 2680 2365 filius
2753 2277 3010 2345 doloris

898 2382 1055 2451 mei.
1146 2382 1239 2449 Et
1288 2384 1385 2451 sic
1442 2384 1525 2449 de
1582 2382 1813 2449 multis
1871 2382 2020 2449 aliis
2065 2382 2255 2469 quasi
2315 2382 2457 2447 sine
2499 2402 2790 2461 numero,
2859 2404 3006 2467 quae

899 2508 1037 2553 non
1080 2490 1357 2575 possunt
1400 2484 1801 2574 deprehendi
1853 2506 1971 2574 per
2015 2484 2346 2563 Latinum,
2411 2482 2530 2551 sed
2589 2488 2854 2572 oportet
2901 2506 3004 2551 re-

900 2590 1043 2657 dire
1088 2590 1173 2655 ad
1220 2588 1517 2655 Graeoem
1562 2588 1825 2655 literam
1869 2592 1940 2655 et
1983 2585 2402 2655 Hebraioem.

564 2712 669 2774 eth.
692 2713 756 2765 of
992 2690 1239 2759 Sextus
1282 2713 1471 2759 casus
1530 2695 1635 2759 est
1681 2690 1766 2758 de
1831 2690 2258 2759 distinctione
2303 2690 2516 2756 literae
2557 2710 2676 2777 per
2735 2688 2892 2769 cola,
2939 2693 3010 2755 et

563 2788 805 2902 {²12de
900 2798 1177 2876 comata,
1255 2798 1325 2861 et
1398 2794 1716 2884 periodos,
1795 2792 1974 2882 quod
2045 2799 2150 2861 est
2239 2792 2505 2892 omnino
2577 2791 3008 2859 neceesarium

898 2897 1081 2979 scire,
1128 2895 1376 2964 scilicet
1420 2903 1499 2964 ut
1542 2897 1665 2964 fiat
1708 2917 1991 2979 caeeurae,
2036 2901 2108 2964 et
2151 2894 2622 2976 distinctiones,
2669 2901 2740 2960 et
2781 2916 3010 2962 versus

897 2997 1145 3064 finales.
1237 2998 1393 3064 Non
1437 2997 1653 3064 solum
1698 2999 1916 3086 turpis
1983 3004 2086 3066 est
2151 2997 2388 3064 horum
2453 2996 2830 3084 ignorantia
2895 2997 3012 3063 sed

896 3099 1271 3187 periculosa,
1304 3099 1465 3187 quia
1493 3121 1777 3168 errorem
1805 3100 2066 3168 inducit
2094 3099 2167 3166 in
2211 3122 2406 3166 sensu
2435 3099 2622 3186 quasi
2649 3121 2770 3186 per
2794 3104 3006 3166 totum

896 3201 1185 3270 Bibliam
1214 3203 1317 3269 his
1348 3203 1595 3270 diebus.
1692 3203 1888 3284 Quod
1931 3203 2110 3270 enim
2153 3203 2320 3270 dicit
2349 3202 2675 3268 Dominus
2705 3201 3012 3268 Matthaei

894 3309 1148 3386 octav0‚
1198 3305 1271 3371 in
1314 3305 1653 3394 principie,
1699 3305 1978 3395 leproso,
2028 3314 2064 3343 “
2096 3305 2284 3385 Volo,
2328 3305 2650 3372 mundare
2671 3303 2736 3385 ;'’
2783 3325 3010 3370 versus

896 3408 1147 3496 duplex
1191 3412 1291 3476 est
1338 3414 1407 3476 et
1450 3407 1775 3497 periodus.
1869 3408 2068 3476 Unus
2111 3409 2288 3476 enim
2333 3407 2534 3474 debet
2577 3427 2715 3474 esse
2757 3405 2828 3471 in
2887 3405 3010 3474 hoc

894 3509 1219 3577 vocabulo
1270 3509 1437 3593 volo,
1484 3515 1555 3578 et
1598 3510 1908 3576 similiter
1973 3509 2048 3576 in
2091 3510 2216 3577 hoc
2259 3509 2584 3576 vocabulo
2647 3506 3008 3577 mundare.

895 3611 965 3676 N
966 3635 1075 3680 am
1118 3612 1467 3682 mundam
1510 3635 1647 3680 non
1690 3617 1794 3680 est
1835 3611 2158 3679 infinitivi
2201 3611 2384 3678 modi
2425 3611 2544 3678 sed
2585 3609 3005 3698 imperativi3

892 3714 966 3782 id
1010 3720 1131 3796 est,
1190 3721 1331 3782 esto
1374 3715 1482 3782 vel
1538 3715 1629 3780 sis
1684 3715 2064 3793 mundatus,
2128 3713 2488 3781 secundmn
2539 3713 2715 3800 quod
2767 3712 3007 3779 Hiero-

892 3839 1137 3903 nymus
1196 3817 1473 3905 exponit
1532 3822 1603 3884 et
1664 3823 1852 3905 patet
1913 3818 1988 3883 in
2035 3817 2283 3884 Graeco.
2399 3815 2602 3884 Unde
2662 3816 2796 3882 duo
2847 3821 3008 3880 sunt

892 3939 1123 3984 versus
1166 3925 1238 3985 et
1279 3941 1417 3985 non
1460 3939 1649 3986 unus,
1738 3919 2065 3986 Similiter
2095 3920 2290 3988 Lucae
2333 3920 2536 3986 tertio
2565 3917 2818 3985 decimo
2861 3917 3004 4005 [9.]‚

892 4019 1011 4086 ubi
1055 4039 1285 4086 servus
1328 4019 1626 4107 loquitur
1668 4022 1756 4088 ed
1789 4021 2156 4090 Dominum
2202 4021 2286 4088 de
2329 4022 2560 4088 arbore
2601 4020 3008 4086 infructuosa

892 4122 1132 4202 dicens,
1206 4129 1244 4160 “
1264 4123 1355 4188 Et
1400 4124 1459 4188 si
1512 4123 1781 4210 quidem
1829 4125 2058 4192 fecerit
2107 4125 2414 4204 fructum,
2479 4125 2587 4191 sin
2647 4127 2872 4190 autem
2931 4123 3008 4186 in

896 4234 933 4261 “
975 4223 1276 4290 futurum
1350 4224 1640 4292 succides
1714 4227 1900 4293 illam
1917 4225 1976 4310 ;’'
2036 4247 2296 4294 necesse
2357 4235 2460 4294 est
2525 4231 2606 4293 ut
2672 4227 2807 4292 duo
2867 4224 3006 4290 sint

894 4349 1164 4407 versus;
1205 4332 1289 4394 ut
1332 4328 1585 4416 primus
1628 4329 2025 4396 terminetur
2053 4329 2128 4396 in
2169 4329 2295 4395 hac
2339 4328 2630 4395 dictione
2657 4327 3002 4415 smctum.

894 4430 1027 4498 Sed
1072 4435 1301 4498 tamen
1360 4452 1573 4497 sermo
1636 4436 1739 4498 est
1801 4437 2165 4514 truncatae,
2235 4429 2390 4518 quia
2453 4435 2716 4518 oportet
2777 4423 3006 4496 stibin-

891 4532 1105 4620 telligi
1148 4533 1317 4600 bene
1360 4532 1645 4622 quidem,
1688 4539 1759 4601 et
1801 4555 1938 4600 non
1982 4534 2340 4616 excidetur,
2385 4533 2498 4600 vel
2538 4533 2808 4619 aliquod
2851 4555 3004 4598 con-

890 4635 1119 4700 simile.
1211 4635 1343 4702 Sed
1386 4635 1580 4702 istius
1622 4635 2000 4722 explanatio
2059 4657 2180 4724 per
2222 4635 2527 4703 Graecum
2569 4636 2780 4723 magis
2823 4635 3007 4703 vide-

890 4740 1017 4802 tur.
1138 4735 1231 4804 Et
1282 4737 1443 4810 Gen.
1488 4737 1775 4806 secundo
1841 4745 1994 4830 post
2052 4736 2492 4828 principiumt
2559 4747 2594 4778 “
2614 4737 2775 4806 Istae
2847 4741 3010 4806 sunt
