3517 5750
891 849 1024 917 290
1634 858 1893 913 soom
1933 856 2228 913 mooms
2817 842 2996 933 [cm

558 1044 685 1099 Thi·
704 1047 849 1099 work
892 1042 1173 1109 teoostes
1200 1038 1617 1107 celebrantur
1658 1036 1784 1105 hoo
1811 1060 1988 1105 anno
2017 1040 2156 1107 suis
2181 1038 2614 1127 temporibus.
2708 1037 2804 1105 Et
2827 1036 3000 1105 sicut

555 1114 755 1167 written

558 1144 1017 1235 A-D.12⁶7.h00
1059 1164 1234 1209 anno
1276 1158 1671 1209 incanum.
1730 1142 1986 1221 assidit,
2035 1144 2134 1209 ita
2205 1142 2460 1208 aocidet
2505 1143 2578 1207 in
2599 1142 2620 1181 ¹
2679 1162 2860 1207 anno
2897 1160 2998 1207 se-

565 3111 619 3162 A
640 3113 847 3179 remedy

564 3248 723 3312 easily
748 3247 813 3298 be

568 3313 782 3378 applied,
805 3327 861 3363 as

564 3379 701 3430 these
722 3379 845 3430 mis-

566 3445 711 3496 tskes
732 3449 833 3497 and

566 3511 650 3562 the
672 3527 845 3564 causes

565 3578 625 3628 of
640 3579 777 3629 them

566 3659 652 3694 are
674 3647 787 3696 well

562 3711 763 3764 known.

892 1250 1169 1334 quente:
1238 1266 1399 1311 nam
1442 1244 1806 1311 secundum
1865 1266 2138 1312 aureum
2181 1266 2532 1311 numerum
2575 1245 2706 1311 erit
2747 1242 3000 1311 Pascha

892 1354 1133 1435 quarto
1196 1348 1359 1415 Idus
1412 1347 1681 1435 Aprilis,
1728 1348 1978 1415 scilieet
2021 1368 2198 1415 anno
2241 1346 2516 1413 Domini
2575 1362 2994 1413 nouuvm.

894 1452 1028 1519 Sed
1100 1470 1241 1519 esse
1314 1449 1512 1518 debet
1585 1450 1788 1517 tertio
1863 1448 2096 1519 Nonas
2161 1449 2414 1539 Aprilis
2455 1472 2576 1538 per
2631 1452 2780 1517 octo
2855 1448 2998 1515 dies

893 1558 1069 1635 ante,
1114 1552 1321 1640 quia⁸
1363 1553 1525 1619 luna
1590 1554 1810 1640 prima
1867 1556 1970 1621 est
2029 1572 2148 1641 per
2187 1558 2322 1619 tres
2389 1552 2532 1619 dies
2591 1550 2996 1639 antequam⁸

892 1657 1275 1745 assignatur
1315 1676 1435 1745 per
1476 1675 1751 1721 aureum
1795 1676 2164 1723 numerum.
2253 1655 2347 1721 Et
2375 1654 2526 1722 ideo
2569 1659 2812 1742 quarto
2856 1652 2994 1720 Ka-

892 1760 1123 1827 lendas
1184 1758 1455 1847 Aprilis,
1500 1756 1611 1823 vel
1672 1758 1914 1825 saltem
1979 1757 2201 1841 τοι-δίο,
2247 1758 2380 1825 erit
2431 1762 2676 1846 quarta
2741 1758 2998 1827 decima

894 1863 1071 1943 luna,
1120 1882 1267 1951 quae
1312 1866 1416 1927 est
1460 1860 1790 1927 terminus
1835 1861 2120 1930 Paschae.
2203 1862 2624 1951 Quapropter
2665 1862 2740 1929 in
2783 1862 2999 1950 prima

896 1964 1251 2033 Dominioa
1322 1968 1645 2051 sequente
1732 1966 1866 2031 erit
1953 1964 2097 2031 dies
2187 1966 2546 2033 seeundum
2623 1966 2995 2031 veritatem.

897 2070 991 2135 Et
1056 2069 1229 2135 siout
1288 2066 1395 2133 his
1456 2068 1649 2133 annis
1712 2068 1974 2149 accidit,
2041 2068 2144 2134 ita
2201 2073 2272 2136 et
2315 2069 2560 2157 soepius
2625 2089 2748 2157 per
2811 2073 2999 2135 ante-

898 2170 1259 2239 cessionem
1304 2170 1687 2256 aequinoctii
1735 2176 1808 2237 et
1851 2172 2272 2259 primationis
2330 2176 2557 2259 potest
2597 2170 2997 2259 contingere,

898 2274 1078 2361 quod
1120 2272 1373 2341 Pascha
1415 2294 1553 2339 non
1596 2274 1812 2339 solum
1857 2296 1976 2361 per
2019 2280 2168 2341 ooto
2211 2274 2373 2357 dies,
2419 2275 2536 2341 sed
2579 2296 2696 2361 per
2740 2275 2957 2342 multo
2975 2274 3002 2312 ⁴

899 2377 1137 2464 plures,
1182 2374 1557 2441 celebratur
1613 2382 1972 2462 antequam
2039 2376 2298 2455 debeat,
2379 2382 2446 2443 et
2515 2381 2756 2445 eaetera
2813 2375 2996 2455 fests,

898 2478 1074 2545 siout
1134 2478 1321 2567 prius
1382 2478 1757 2567 expositum
1827 2483 1930 2545 est
1991 2478 2073 2545 de
2135 2478 2548 2565 aequinoctio·
2661 2478 2731 2545 N
2731 2500 2842 2544 am
2885 2500 3003 2567 per

902 2581 1391 2669 longitudinem
1480 2580 1800 2667 temporis
1861 2582 2116 2649 accidet
2179 2582 2407 2647 lunam
2497 2580 2630 2649 diei
2717 2581 3002 2670 primam

904 2684 1167 2769 quando
1258 2684 1387 2749 erit
1476 2683 1692 2770 plena,
1787 2688 1860 2750 et
1929 2683 2196 2770 quando
2257 2684 2386 2749 erit
2471 2685 2546 2749 in
2617 2705 3004 2771 quacunque

902 2784 1225 2851 distantia
1254 2805 1295 2850 a
1339 2786 1491 2864 sole,
1538 2792 1621 2851 ut
1661 2784 1846 2873 prius
1889 2785 2194 2853 habitum
2239 2791 2342 2852 est
2383 2786 2458 2851 in
2503 2786 2830 2855 erroribus
2867 2788 3002 2876 pri-

902 2889 1285 2956 mationum.
1397 2888 1489 2956 Et
1530 2888 1681 2954 ideo
1734 2889 2092 2980 multiplex
2149 2890 2620 2958 inconveniens
2661 2896 2734 2958 et
2773 2891 3008 2958 intole-

901 2991 1109 3058 rabile
1152 2991 1262 3056 hie
1305 2995 1633 3078 sequetur.

996 3093 1169 3162 oum
1214 3091 1427 3182 igitur
1470 3115 1697 3161 omnes
1742 3096 2104 3162 astronomi
2148 3100 2218 3162 et
2260 3097 2674 3185 computistae
2731 3102 3008 3186 possunt

904 3197 1133 3264 videre
1194 3195 1315 3264 hos
1378 3217 1646 3278 errores,
1694 3203 1764 3263 et
1809 3199 2024 3264 omnis
2066 3199 2280 3278 homo,
2329 3201 2446 3286 qui
2488 3200 2638 3266 vult
2687 3199 3005 3267 inclinare

904 3299 1227 3367 cervicem
1290 3321 1480 3366 suam
1524 3299 1611 3366 ad
1655 3300 1962 3366 veritatis
2025 3299 2574 3387 inquisitionem,¹⁵
2621 3307 2846 3390 potest
2888 3302 3010 3370 hos

904 3403 1173 3482 intueri,
1218 3401 1656 3470 neeessariam
1719 3406 1892 3468 esset
1953 3407 2024 3468 et
2075 3403 2395 3486 debitum,
2461 3427 2539 3470 ac
2600 3405 2742 3470 Deo
2808 3405 3004 3472 bene-

907 3505 1253 3593 placitum,
1309 3510 1380 3571 et
1450 3503 1832 3571 hominibus
1898 3506 2310 3594 sapientibus
2387 3507 2851 3589 desideratum,
2925 3513 3006 3574 ut

905 3609 1273 3674 remedium
1334 3611 1735 3695 poneretur:
1787 3613 1859 3674 et
1901 3608 2266 3675 remedium
2311 3609 2503 3676 facile
2547 3615 2734 3676 esset.
2823 3609 3003 3676 Nam

904 3711 1327 3778 inveniretur
1353 3730 1588 3776 verum
1617 3710 2089 3797 tequinoctium
2129 3733 2248 3799 per
2273 3712 2538 3779 tabulas
2567 3713 3002 3792 astronomiae,

900 3818 971 3879 et
1000 3834 1119 3899 per
1146 3813 1591 3878 instrumenta
1614 3838 1630 3894 ;
1674 3817 1743 3879 et
1773 3813 2228 3881 verificaretur
2255 3815 2568 3902 primatio
2595 3837 2716 3904 per
2742 3817 3001 3884 easdem

901 3913 1476 3995 considerationes,
1520 3919 1604 3979 ut
1654 3921 2136 3982 evacuarentur
2199 3939 2424 3984 omnes
2486 3919 2664 3985 modi
2709 3941 3002 3986 errorum

900 4015 1406 4102 praedietorum3
1476 4021 1547 4082 et
1602 4023 1844 4102 quarta
1917 4019 2172 4086 decima
2242 4019 2408 4086 luna
2463 4021 2552 4086 ab
2611 4021 3004 4108 aequinootio

902 4124 1293 4199 sumeretur,
1328 4118 1469 4184 sive
1512 4124 1681 4186 esset
1720 4121 1794 4185 in
1841 4121 1950 4187 die
1993 4121 2391 4208 aequinoctii,
2439 4125 2578 4190 sive
2627 4130 2780 4212 post
2837 4147 3004 4192 eum.

908 4221 1001 4288 Et
1060 4219 1159 4286 ibi
1220 4220 1411 4288 fieret
1474 4222 1800 4290 terminus
1861 4223 2147 4310 Paschae,
2209 4230 2290 4292 ut
2347 4225 2422 4290 in
2481 4227 2590 4294 die
2655 4227 3004 4294 Dominiea

970 4601 983 4629 ¹
1010 4599 1087 4666 in]
1124 4615 1224 4652 om.
1250 4601 1311 4652 Τ.
1773 4561 1778 4564 -
2072 4607 2090 4637 ⁴
2110 4605 2282 4675 multo]
2319 4607 2520 4671 multos,
2541 4607 2604 4660 B.

968 4680 989 4708 ²
1008 4679 1153 4745 ΨΜ]
1192 4695 1341 4744 qm
1363 4681 1467 4747 (ἲ),
1491 4681 1555 4734 Τ.
2073 4687 2092 4716 ⁸
2115 4688 2490 4757 inquisitionem]
2528 4687 2866 4752 intuitionem,
2889 4689 2951 4740 Τ.

970 4760 989 4788 ³
1010 4761 1289 4827 antequam]
1318 4769 1435 4814 ante
1458 4763 1607 4827 quod,
1632 4761 1694 4814 Β.
