3517 5750
1383 898 1557 951 orus
1600 900 1838 950 mnus.
2515 883 2646 955 337

549 1074 951 1161 exemplaria
999 1072 1279 1139 ecclesiae
1330 1076 1555 1159 pateat
1596 1094 1733 1139 esse
1767 1072 2179 1158 Hieronymi,
2211 1075 2648 1159 praeterquam
2677 1096 2899 1147 various

549 1176 623 1239 in
666 1176 989 1261 psalteria
1082 1174 1192 1239 Ad
1228 1174 1631 1239 evidentiam
1678 1196 1833 1240 vero
1879 1174 2203 1239 dictorum
2249 1180 2318 1240 et
2347 1174 2651 1260 quamvis
2675 1164 2900 1259 Vffli,⁰¹²}
2915 1160 2977 1209 of

547 1278 805 1343 intente
872 1277 1142 1363 expedit
1202 1276 1611 1353 considerari,
1672 1276 1851 1361 quod
1912 1276 2229 1362 Origenes
2289 1298 2422 1341 non
2496 1277 2653 1341 fecit
2675 1233 2948 1348 {Rp-{cup-

550 1380 839 1465 aliquam
883 1378 1397 1458 translationem,
1430 1378 1585 1443 lieet
1615 1378 1936 1465 Magister
1979 1378 2430 1445 Historiarum
2477 1380 2656 1444 dicat

554 1481 905 1568 Origenem
957 1480 1369 1545 transtulisse
1416 1502 1565 1545 cum
1612 1480 1921 1546 asterisco
1971 1484 2042 1545 et
2093 1482 2296 1559 obe10,
2340 1486 2408 1547 et
2457 1481 2659 1567 Hugo

550 1585 623 1649 in
670 1580 1119 1649 Didascalica¹
1172 1586 1428 1647 sextam
1493 1587 1562 1647 et
1620 1582 1968 1668 septimam
2025 1581 2378 1670 Origenem
2437 1582 2661 1648 fecisse

554 1686 929 1750 arbitratur.
1022 1684 1153 1749 Sed
1182 1705 1319 1749 non
1364 1687 1583 1770 potest
1612 1684 1959 1749 translatio
2000 1684 2128 1749 dici
2160 1706 2306 1751 cum
2338 1685 2663 1751 asteriscis

553 1792 625 1852 et
676 1782 920 1852 obelis.²
1009 1786 1187 1851 Nam
1232 1806 1381 1851 cum
1434 1786 1778 1850 asteriscus
1839 1785 2158 1873 ponatur³
2201 1792 2280 1852 ut
2331 1787 2664 1852 illuminet

554 1888 726 1953 sicut
756 1888 963 1969 stella,
996 1892 1068 1953 et
1115 1886 1423 1953 ostendat
1467 1886 1585 1951 ubi
1630 1886 1853 1971 aliqua
1897 1888 2152 1967 omissa,
2200 1892 2269 1953 et
2313 1888 2539 1953 obelus
2583 1892 2663 1953 ut

556 1990 942 2055 minuantur
985 1989 1331 2076 superflua,
1379 1992 1640 2053 constat
1685 1988 1862 2073 quod
1907 1990 2127 2054 nullus
2171 1991 2242 2054 in
2288 2011 2478 2076 opere
2523 2010 2662 2069 suc,

557 2094 670 2157 sed
722 2093 951 2168 alieno,
996 2092 1120 2156 hoc
1172 2092 1347 2155 facit.
1431 2089 1607 2155 Nam
1652 2112 1774 2155 nec
1823 2090 1886 2155 S.
1939 2090 2388 2177 Hieronymus
2434 2097 2664 2156 contra

559 2195 780 2259 hocin
817 2194 1209 2280 quibusdam
1254 2191 1555 2280 prologis,
1589 2192 1703 2277 qui
1748 2192 1920 2257 male
1965 2198 2300 2278 ponuntur
2343 2193 2415 2257 in
2448 2192 2665 2257 Biblia

556 2300 798 2377 nostra,
880 2295 993 2381 qui
1045 2316 1179 2360 non
1231 2299 1389 2358 sunt
1459 2294 1530 2357 in
1600 2314 1737 2372 sua,
1801 2293 2114 2358 transfert
2186 2295 2355 2359 male
2427 2294 2540 2359 sed
2593 2296 2665 2359 in
2745 2294 2748 2297 ’

558 2398 999 2483 Septuaginta
1070 2395 1388 2483 [gencra]‚
1455 2416 1654 2480 quam
1717 2395 2043 2460 asteriscis
2098 2402 2168 2460 et
2214 2397 2416 2461 obelis
2485 2396 2666 2483 prius

558 2500 859 2579 correxit,
914 2506 1270 2583 antequam
1325 2498 1653 2582 propriam
1730 2496 1940 2562 edidit
1999 2496 2269 2563 Latinis,
2365 2498 2436 2562 Si
2490 2500 2664 2562 enim

560 2601 849 2690 aliquam
892 2598 1149 2665 fecisset
1195 2599 1525 2684 Origenes
1574 2603 1870 2664 auctores
1939 2620 2075 2663 non
2128 2600 2523 2679 tacuissent,
2603 2605 2669 2664 et

562 2702 886 2788 praecipue
963 2700 1302 2777 Eusebius,
1366 2701 1481 2785 qui
1556 2722 1751 2786 super
1827 2700 1966 2785 ejus
2028 2700 2333 2765 laudibus
2407 2711 2668 2767 sextum

564 2804 805 2869 librum
856 2800 1323 2867 Ecclesiasticae
1373 2802 1693 2867 Historiae
1738 2802 2012 2890 scripsit.
2113 2802 2670 2869 Translationem⁴

566 2913 831 2972 tantum
892 2905 1337 2991 Septuaginta
1382 2905 1667 2969 correxit
1728 2905 2052 2970 asteriscis
2095 2910 2164 2970 et
2209 2905 2428 2986 obelis,
2479 2913 2547 2971 et
2599 2907 2667 2970 in

564 3007 877 3094 exemplis
936 3009 1070 3072 suis
1130 3006 1487 3086 collocavit,
1538 3006 1713 3092 quod
1766 3005 2008 3071 dicitur
2067 3007 2140 3070 in
2199 3013 2390 3072 sexto
2452 3008 2670 3072 Eccle-

562 3110 842 3175 siasticae
904 3107 1225 3174 Historiae
1285 3107 1469 3172 libro.
1566 3107 1882 3193 Origenes
1941 3107 2408 3174 famosissimos
2471 3108 2672 3173 libros

564 3212 777 3297 primo
836 3210 1217 3297 composuit,
1282 3209 1353 3273 in
1420 3209 1660 3294 quibus
1719 3229 1838 3294 per
1898 3209 2187 3295 singulas
2255 3211 2674 3275 columnellas

565 3313 917 3400 separatim
978 3333 1013 3377 e
1072 3311 1336 3397 regione
1398 3332 1560 3397 opus
1621 3311 1999 3397 interpretis
2059 3311 2500 3396 cujuscunque
2561 3313 2670 3378 de-

564 3415 841 3502 scripsit,
902 3419 983 3478 ut
1038 3414 1252 3500 primo
1310 3412 1455 3499 ipsa
1516 3411 1845 3476 Hebraica
1907 3411 2252 3477 Hebraicis
2305 3412 2514 3478 literis
2558 3435 2671 3500 po-

566 3521 769 3592 neret,
825 3514 1103 3580 secundo
1161 3515 1302 3579 loco
1356 3537 1471 3601 per
1523 3513 1819 3579 ordinem
1869 3512 2113 3578 Graecis
2180 3513 2388 3578 literis
2437 3511 2674 3579 verba⁵

570 3617 900 3682 Hebraica
946 3615 1381 3696 describeret3
1433 3615 1635 3680 tertio
1684 3615 1950 3700 Aquilae
1997 3613 2354 3679 editionem
2404 3615 2674 3700 subjun-

563 3723 791 3804 geret3
874 3722 1142 3803 quarto·
1189 3717 1587 3801 Symmachi,
1654 3716 1891 3802 quinto
1967 3715 2420 3803 Septuaginta,
2483 3722 2674 3782 sexto

570 3819 1039 3885 Theodotionis
1097 3819 1454 3884 editionem
1508 3819 1864 3884 collocaret.
1959 3817 2050 3882 Et
2101 3823 2370 3905 propter
2417 3840 2676 3905 compo-

568 3922 875 3986 sitionem
949 3918 1131 4007 ipsa⁶
1204 3920 1602 4007 exemplaria
1675 3920 2048 3985 nominavit
2137 3919 2461 4008 Hexapla,
2489 3921 2512 3960 ⁷
2602 3923 2673 3987 id

569 4028 686 4101 est,
719 4020 841 4088 hex
884 4019 1082 4088 simul
1127 4021 1356 4086 ordine
1400 4022 1808 4108 conscripta;
1855 4021 1978 4087 hex
2023 4021 2198 4086 enim
2233 4022 2455 4090 Graece
2499 4025 2674 4088 idem

572 4124 749 4211 quod
806 4145 921 4189 sex
982 4123 1235 4200 Latine,
1290 4127 1358 4187 et
1416 4121 1667 4208 aplum
1710 4123 1887 4188 idem
1933 4123 2108 4208 quod
2152 4125 2360 4189 simul.
2454 4125 2676 4190 Scien-

642 4435 655 4466 ¹
682 4432 1037 4501 Didascalico]
1078 4435 1141 4485 iv.
1170 4440 1215 4486 5.
1739 4437 1757 4465 ⁴
1790 4433 2200 4505 Translationem]
2239 4436 2489 4496 transfert,
2511 4437 2628 4488 MS.

639 4517 661 4546 ²
680 4515 781 4564 dici
813 4551 825 4565 .
863 4551 877 4564 .
910 4549 925 4564 .
964 4511 1137 4580 obelis]
1156 4512 1256 4563 diei
1280 4513 1377 4564 nisi
1401 4513 1582 4564 asteria
1738 4514 1759 4542 ³
1782 4511 1953 4578 verba]
1992 4529 2081 4576 per
2103 4515 2272 4574 verba,
2295 4513 2406 4564 MS.

571 4595 738 4656 obem,
764 4593 876 4644 MS.
1736 4592 1757 4620 ⁸
1781 4591 1916 4657 ipsa]
1945 4591 2066 4641 luna
2088 4591 2208 4656 ipsa,
2229 4593 2340 4644 MS.

639 4674 661 4703 ⁸
680 4675 941 4724 aslon-iscus
959 4673 1201 4740 ponatur]
1230 4673 1439 4724 asterius
1477 4686 1581 4720 non
1736 4671 1756 4698 ⁷
1778 4669 2040 4736 Hexapla]
2102 4672 2426 4736 exemplaria,
2486 4671 2539 4722 id
2583 4681 2675 4737 cst,
2705 4727 2724 4748 x

575 4760 806 4818 ponatur,
832 4753 944 4804 MS.
1672 4765 1737 4801 ex
1761 4749 1911 4800 simul
1933 4750 2110 4801 ordine
2135 4751 2435 4816 conscripta,
2463 4751 2574 4806 Ms.

753 4861 903 4909 von
936 4860 1003 4924 1..
2362 4861 2412 4910 Y
