3517 5750
882 870 1013 939 466
1638 880 1900 937 noem
1945 880 2240 937 mooms
2795 871 2990 959 [cu.

876 1062 1115 1142 sanius,
1147 1066 1347 1149 atque
1390 1060 1751 1129 virtuosius
1794 1061 1954 1129 dum
1997 1060 2071 1129 in
2113 1061 2455 1149 primitivo
2496 1082 2656 1131 vase
2695 1068 2986 1146 tenetur,

877 1187 1077 1253 quam
1122 1186 1330 1251 quum
1374 1166 1457 1233 de
1501 1186 1657 1233 vase
1710 1165 1786 1231 in
1832 1186 1954 1232 vas
2005 1166 2510 1244 transfunditur,
2559 1166 2984 1235 manifestum

874 1274 977 1335 est
1032 1268 1469 1335 necessarium
1530 1268 1671 1335 fore
1744 1266 2022 1347 Latinis,
2087 1273 2166 1335 ut
2223 1270 2284 1335 si
2355 1270 2594 1337 volunt
2665 1290 2848 1358 puro,
2913 1278 2986 1339 et

873 1393 1047 1451 sano,
1096 1377 1167 1439 et
1210 1370 1451 1437 efficaci
1490 1370 1836 1460 sapientise
1879 1370 2134 1457 liquore
2179 1372 2414 1459 poteri,
2459 1374 2638 1459 quod
2679 1374 2750 1439 in
2793 1374 2984 1441 fonte

876 1474 1193 1543 Hebraici
1250 1476 1583 1553 sermonis,
1638 1478 1711 1541 et
1771 1472 2006 1555 Graeci,
2053 1480 2122 1541 et
2174 1474 2464 1553 Arabici,
2529 1482 2846 1563 tanquam
2905 1479 2980 1543 in

872 1578 1231 1667 primitivis
1292 1578 1485 1659 vasis,
1535 1578 1796 1645 discant
1855 1578 2250 1665 sapientiam
2307 1578 2670 1647 exhaurire.
2785 1580 2979 1645 Nun-

872 1704 1073 1769 quam
1116 1680 1293 1747 enim
1352 1684 1667 1767 poterunt
1726 1680 2122 1767 dignitatem
2185 1680 2526 1769 sapientiae
2585 1683 2658 1749 in
2717 1684 2988 1770 propria

872 1784 1083 1851 forma.
1154 1790 1225 1851 et
1296 1784 1512 1871 figure
1584 1782 2030 1870 contemplari,
2105 1804 2228 1849 nee
2290 1788 2370 1851 ut
2432 1790 2536 1851 est
2605 1786 2679 1849 in
2751 1785 2984 1853 decore

872 1909 1007 1967 suo,
1052 1886 1185 1953 nisi
1228 1886 1302 1954 in
1344 1886 1475 1951 11118
1532 1884 1780 1973 linguis
1829 1906 1976 1951 eam
2027 1884 2366 1973 aspicient,
2413 1886 2488 1953 in
2545 1888 2788 1974 quibus
2845 1889 2986 1976 pri-

872 1991 1077 2057 mitus
1150 1990 1365 2057 fuerat
1438 1988 1816 2055 constituta„
1917 1986 1995 2067 O,
2066 1992 2390 2074 quantum
2463 1990 2676 2077 placet
2743 1996 2986 2078 gustus

872 2092 1217 2179 sapientise
1260 2092 1363 2157 his
1408 2090 1523 2176 qui
1583 2090 1679 2159 810
1720 2094 1882 2155 sunt
1926 2090 2162 2157 fontali
2205 2095 2278 2157 et
2333 2091 2650 2179 primaria
2689 2093 2982 2180 plenitu-

873 2195 1027 2261 dine
1101 2194 1395 2261 delibuti.
1486 2191 1623 2259 Sed
1696 2192 1814 2278 qui
1889 2193 2012 2261 1100
2085 2214 2222 2259 11011
2293 2198 2454 2261 sunt
2517 2196 2778 2282 experti
2842 2218 2978 2262 non

870 2298 1172 2364 sentiunt
1216 2296 1719 2363 delectationem
1765 2295 2155 2383 sapientiae;
2199 2296 2370 2363 sicut
2413 2318 2536 2363 nec
2578 2298 2985 2385 paralyticus

872 2404 1091 2487 potest
1162 2398 1293 2465 cibi
1368 2398 1782 2465 dulcedinem
1845 2398 2158 2483 judicare.
2309 2398 2402 2465 Et
2476 2400 2634 2485 quia
2705 2400 2984 2469 affectus

870 2524 1097 2568 eorum
1142 2506 1245 2569 est
1286 2500 1541 2567 solutus
1584 2500 1891 2587 paralysi,
1935 2506 2004 2567 et
2049 2500 2426 2567 intellectus
2469 2522 2694 2569 eorum
2739 2504 2812 2569 in
2857 2503 2984 2571 hac

870 2610 1061 2692 perte
1126 2608 1229 2671 est
1294 2604 1467 2669 sicut
1528 2602 1765 2669 surdus
1827 2626 1870 2669 a
1911 2602 2268 2671 nativitate
2331 2604 2420 2669 ad
2477 2603 2980 2673 delectationem

870 2706 1247 2787 hermoniae,
1292 2706 1443 2773 ideo
1486 2727 1621 2773 non
1681 2705 1908 2771 dolent
1951 2706 2034 2771 de
2079 2710 2270 2771 tanto
2329 2706 2572 2773 damno
2615 2707 2974 2795 sapientise,

870 2830 1023 2878 cum
1064 2814 1291 2878 tamen
1332 2810 1423 2875 sit
1466 2807 1892 2896 proculdubio
1937 2808 2292 2878 infinitum.

764 2947 847 2986 on.
962 2911 1217 2978 Octava
1280 2933 1477 2976 causa
1538 2919 1641 2978 est
1700 2933 1963 2978 annexa.
2027 2912 2184 2978 huic
2241 2913 2584 3000 septimun
2625 2935 2784 2980 nam
2839 2937 2980 2982 non

804 3096 813 3105 .
871 3015 1080 3081 solum
1130 3019 1231 3080 est
1290 3035 1665 3096 consonum,
1711 3019 1792 3080 ut
1861 3013 2086 3080 Latini
2149 3017 2360 3082 sciant
2401 3017 2666 3103 linguas
2707 3023 2978 3104 propter

868 3121 1131 3184 textum
1174 3115 1587 3195 translatum,
1634 3115 1747 3182 sed
1807 3115 2205 3202 impossibile
2249 3123 2351 3184 est
2401 3121 2578 3205 quod
2621 3121 2976 3188 veritatem

866 3219 1263 3306 intelligant,
1324 3218 1455 3284 11181
1496 3219 1743 3306 11119118
1801 3219 2110 3284 instructi
2167 3219 2416 3286 fuerint
2459 3221 2704 3288 alienis,
2797 3223 2974 3304 Quo-

864 3323 1047 3390 niam
1104 3323 1339 3390 beatus
1398 3319 1852 3407 Hieronymus
1873 3320 1894 3360 ¹
1957 3320 2122 3388 dicit
2177 3321 2252 3386 in
2309 3322 2479 3390 libro
2537 3324 2642 3390 De
2701 3324 2974 3444 Optimo

786 3481 819 3516 0
866 3425 1119 3494 Genere
1188 3423 1696 3542 Interpretendi,
1756 3425 1937 3510 quod
1993 3445 2132 3490 non
2189 3429 2409 3511 potest
2453 3427 2668 3514 gratia
2737 3429 2973 3514 prioris

710 3547 749 3584 ¹·-
862 3530 1109 3617 linguae
1150 3527 1399 3596 servari
1442 3527 1515 3592 in
1558 3525 1918 3614 posteriori
2009 3525 2208 3607 Nam,
2253 3533 2334 3593 ut
2376 3528 2474 3594 ait
2503 3527 2971 3616 Hieronymus,

862 3653 1011 3698 cum
1058 3631 1429 3698 Homerum
1472 3628 1639 3695 velis
1682 3629 1759 3694 in
1819 3628 2118 3714 linguam
2161 3633 2530 3696 maternam
2593 3639 2972 3700 convertere

860 3733 1120 3801 videbis
1192 3731 1547 3798 ridiculum
1636 3735 1707 3796 et
1796 3736 2064 3817 poetam
2155 3733 2762 3818 eloquentissimum
2851 3737 2972 3802 vix

858 3836 1209 3922 loquacem
1305 3833 1501 3914 Quod
1576 3833 1860 3919 quilibet
1917 3836 2141 3920 potest
2221 3837 2521 3922 experiri,
2583 3839 2641 3904 81
2693 3839 2970 3926 logicam

858 3936 967 4002 vel
1028 3937 1541 4023 grammaticam,
1617 3937 1729 4002 vel
1801 3935 1987 4002 aliud
2052 3939 2228 4022 quod
2303 3939 2541 4006 didicit
2597 3941 2673 4005 in
2741 3942 2973 4030 lingua

861 4039 1121 4116 Latina,
1183 4038 1351 4105 velit
1404 4039 1478 4104 in
1535 4039 1834 4126 linguam
1900 4041 2120 4126 gentis
2185 4062 2324 4108 suae
2395 4048 2671 4111 mutare.
2789 4045 2970 4110 Nam

857 4141 1223 4230 proprietas
1307 4141 1505 4206 unius
1588 4163 1725 4207 non
1788 4143 2140 4208 concordat
2221 4165 2370 4208 cum
2445 4145 2594 4227 alis,
2655 4152 2728 4213 et
2789 4149 2970 4233 quod

858 4245 1106 4332 optime
1148 4247 1343 4310 sonat
1393 4244 1467 4308 in
1514 4265 1669 4326 una,
1716 4245 1998 4332 pessime
2042 4245 2152 4312 vel
2195 4245 2366 4311 nihil
2403 4249 2580 4334 sapit
2622 4249 2698 4314 in
2741 4250 2966 4330 altera,

858 4350 1029 4416 sicut
1086 4345 1513 4414 manifestum
1572 4353 1673 4414 est
1742 4347 1876 4414 11118
1951 4347 2066 4434 qui
2129 4349 2446 4416 Latinum
2505 4357 2578 4417 et
2637 4357 2968 4419 maternas

854 4452 1118 4538 linguas
1160 4459 1509 4532 noverunt,
1564 4455 1635 4517 et
1708 4471 1780 4516 se
1843 4450 2378 4517 exercitaverant
2435 4454 2510 4518 in
2569 4455 2690 4520 hac
2755 4461 2964 4542 perte.

1444 4775 1459 4804 ²
1482 4773 1832 4840 Hieronymus]
1871 4772 1968 4826 See
1989 4774 2163 4835 above,
2187 4789 2234 4838 p.
2261 4779 2344 4826 90.
