3517 5750
488 1345 930 1423 EPISTOLA
975 1343 1472 1422 CLEMENTIS
1521 1345 1769 1420 PAPAE
1811 1347 1934 1422 IV.
1979 1347 2097 1421 AD
2142 1321 2611 1422 ROGERIUM

1325 1497 1799 1576 ΒΑΟΟΝΕΜ.ι

691 1992 953 2058 Dilecto
1003 1991 1159 2070 filio,
1214 1990 1436 2056 Fratri
1491 1991 1773 2079 Rogerio
1826 1992 2003 2059 dieto
2053 1991 2287 2072 Baeon,
2342 1991 2614 2060 Ordinis

873 2107 1186 2174 Fratrum
1233 2107 1584 2174 Minorum.

509 2273 686 2340 TUAE
738 2273 1108 2340 devotionis
1169 2273 1427 2340 litteras
1493 2278 1839 2363 gratanter
1898 2275 2295 2361 recepimus:
2366 2275 2481 2341 sed
2550 2278 2618 2340 et
2643 2293 2949 2348 A.D.12⁶6.

509 2389 718 2456 verba.
790 2389 1168 2456 notavimus
1242 2391 1595 2478 diligenter
1672 2413 1821 2478 quae
1906 2390 1993 2455 ad
2081 2391 2615 2478 explanationem

513 2527 742 2570 earum
795 2505 1074 2572 dilectus
1137 2505 1314 2572 filius
1384 2506 1460 2572 G.
1515 2507 1730 2573 dietus
1795 2507 2105 2587 Boneeor‚
2177 2506 2387 2585 Miles,
2452 2507 2615 2572 viva

516 2642 676 2686 voce
717 2621 906 2687 nobis
950 2620 1308 2708 proposuit,
1357 2625 1498 2687 tam
1543 2622 1833 2687 fideliter
1875 2643 2073 2708 quam
2120 2620 2499 2710 prudenter.

605 2735 778 2801 Sane
852 2741 932 2802 ut
1005 2737 1240 2802 melius
1304 2738 1496 2802 nobis
1563 2739 1813 2823 liqueat
1879 2737 2044 2824 quid
2108 2738 2431 2817 intendas,
2501 2759 2617 2804 vo-

514 2852 750 2931 lumus,
829 2857 898 2919 et
970 2853 1098 2919 tibi
1187 2876 1305 2941 per
1383 2852 1767 2940 Apostoliea
1850 2853 2094 2942 scripta
2130 2847 2133 2850 ⁴
2176 2854 2616 2942 praecipiendo

515 2969 922 3050 mandamus,
985 2974 1326 3054 quatenus,
1382 2991 1519 3034 non
1581 2970 1888 3035 obstante
1954 2974 2279 3056 praeeepto
2348 2970 2618 3037 Praelati

516 3084 958 3171 cujuscunque
1032 3084 1374 3165 contrariO,
1435 3085 1547 3150 vel
1621 3084 1726 3150 tui
1803 3082 2069 3150 Ordinis
2144 3086 2619 3153 constitutione

515 3222 922 3286 quacunque,
970 3221 1132 3287 opus
1173 3198 1354 3279 illud,
1404 3200 1582 3287 quod
1626 3204 1696 3266 te
1741 3199 1982 3283 dilecto
2024 3200 2160 3265 filio
2219 3201 2619 3288 Raymundo

517 3315 603 3381 de
658 3314 980 3380 Lauduno
1036 3316 1512 3381 communicare
1569 3316 1948 3403 rogavimus
2003 3314 2076 3381 in
2129 3316 2367 3379 minori
2413 3315 2621 3381 officio

519 3430 884 3509 constituti,
960 3430 1276 3517 scriptum
1353 3432 1434 3497 de
1520 3432 1694 3496 bona
1778 3432 2005 3496 littera
2088 3429 2279 3495 nobis
2358 3430 2623 3497 mittere

519 3568 721 3633 quam
781 3545 976 3611 citius
1041 3546 1287 3633 poteris
1353 3568 1489 3611 non
1556 3546 1871 3628 omittas;
1938 3551 2009 3612 et
2067 3566 2184 3633 per
2236 3550 2386 3611 tuas
2430 3546 2623 3612 nobis

519 3661 808 3727 declares
887 3662 1143 3727 litteras
1222 3682 1372 3747 quae
1465 3662 1594 3727 tibi
1669 3662 1985 3728 videntur
2060 3660 2440 3727 adhibenda
2522 3682 2623 3727 re-

520 3776 740 3843 media
804 3775 976 3841 cirea
1038 3775 1170 3855 illa,
1241 3797 1389 3862 quae
1456 3798 1666 3863 nuper
1740 3777 2073 3844 occasione
2139 3778 2319 3843 tanti
2396 3776 2625 3843 discri-

522 3892 720 3957 minis
763 3892 1092 3957 intimasti
1124 3915 1138 3957 :
1188 3896 1256 3957 et
1317 3890 1440 3957 hoe
1484 3897 1734 3978 quanto
1780 3892 2089 3959 secretius
2132 3888 2389 3979 poteris
2419 3893 2623 3960 facias

523 4007 814 4074 indilate.
2144 4010 2185 4024 '‘

613 4160 867 4227 Datum
911 4157 1214 4238 viterbii,
1263 4176 1326 4225 x.
1374 4159 1508 4225 Cal.
1554 4158 1602 4227 J
1604 4160 1740 4239 ulii,
1787 4180 1961 4226 anno
2007 4176 2083 4227 11.

2406 4406 2621 4414 ψ-

807 4550 822 4581 ¹
847 4548 1090 4611 Mau-tene,
1123 4550 1408 4601 Thesaurus
1440 4550 1618 4603 Novus
1650 4550 2042 4614 Aneodotorum,
2074 4552 2126 4606 ii.
2160 4570 2209 4619 p.
2245 4560 2359 4607 358.

705 4882 856 4931 VOL.
905 4882 948 4929 Ι.
2132 4886 2179 4933 A
