3517 5750
867 851 956 926 70
1641 867 1903 920 nocem
1946 863 2237 920 mcoms
2772 937 2777 944 .
2808 852 2982 939 [mr.

873 1045 1186 1112 solatium
1215 1067 1520 1132 quaerers,
1569 1050 1642 1114 et
1693 1067 1787 1124 ea,
1831 1065 1979 1132 quae
2022 1042 2248 1122 nescit,
2295 1046 2415 1110 aut
2456 1063 2593 1112 non
2622 1041 2981 1132 approbare

871 1154 992 1214 aut
1035 1148 1398 1236 reprobare,
1445 1153 1516 1215 et
1565 1149 1733 1214 illud
1776 1149 2106 1216 modicum
2158 1146 2337 1233 quod
2386 1145 2513 1218 scit
2539 1146 2651 1214 vel
2692 1145 2982 1217 aestimat

870 1249 1049 1330 scire,
1083 1251 1238 1318 licet
1263 1251 1526 1330 nesciat,
1558 1251 1809 1338 gaudet
1834 1249 2285 1338 imprudenter
2312 1252 2659 1318 ostentare.
2734 1247 2979 1316 Omnes

872 1352 1130 1420 autem¹
1179 1353 1416 1420 scimus
1466 1354 1646 1440 quod
1703 1353 2007 1440 exempla
2064 1357 2135 1418 et
2180 1351 2583 1420 consuetudo
2632 1353 2879 1432 nostra,
2910 1355 2980 1418 et

870 1477 1100 1522 sensus
1156 1456 1358 1542 vulgi,
1433 1461 1516 1522 ut
1587 1455 1661 1522 in
1718 1455 2031 1542 pluribus,
2108 1453 2353 1522 cadunt
2406 1473 2603 1542 super
2674 1453 2853 1520 mala
2910 1457 2979 1522 et

867 1557 1074 1640 falsa3
1139 1562 1210 1624 et
1267 1557 1327 1624 si
1371 1557 1724 1644 anquando
1768 1579 1965 1644 super
2008 1556 2183 1624 bona
2230 1561 2301 1624 et
2347 1577 2509 1624 vera
2554 1555 2799 1626 cadant
2862 1576 2978 1624 ex-

869 1659 1161 1748 emplum
1190 1665 1260 1728 et
1287 1661 1704 1742 consuetudo,
1741 1661 1867 1726 hoc
1895 1663 1997 1728 est
2038 1658 2113 1726 in
2160 1657 2462 1746 pluribus
2500 1657 2972 1746 imperfectum,

868 1767 942 1828 et
995 1763 1322 1830 rarissime
1379 1762 1618 1830 accidit
1673 1763 1943 1850 aliquod
2016 1761 2397 1850 exemplum
2455 1761 2635 1850 quod
2691 1761 2763 1828 in
2822 1781 2972 1831 con-

865 1865 1292 1932 suetudinum
1313 1865 1344 1910 ²
1399 1865 1612 1934 trahit
1669 1865 2153 1952 perfectionem,
2216 1884 2339 1930 noo
2380 1863 2454 1930 in
2520 1864 2669 1932 vita
2736 1885 2861 1932 nec
2900 1863 2974 1930 in

865 1966 1158 2034 scientia.
1263 1967 1520 2056 Vulgus
1573 1974 1797 2034 autem
1855 1966 2237 2054 imperitum
2281 1987 2541 2054 semper
2580 1970 2684 2034 est
2730 1965 2970 2052 imper-

865 2069 1110 2136 fectum
1139 2094 1156 2150 3
1199 2071 1376 2136 unde
1405 2069 1646 2136 sufficit
1697 2068 1759 2135 ei
1804 2073 1884 2136 ut
1910 2091 2049 2134 non
2090 2074 2301 2135 erret:
2348 2090 2504 2134 nam
2548 2068 2622 2134 in
2650 2067 2972 2155 sapientia

863 2171 994 2237 Dei
1021 2172 1263 2260 vulgus
1306 2171 1562 2260 generis
1590 2171 1867 2238 humani
1909 2175 2099 2249 errat,
2134 2171 2291 2256 quia
2333 2168 2694 2235 multitudo
2753 2173 2856 2236 est
2895 2168 2971 2235 in

862 2275 1128 2340 mortali
1156 2279 1443 2362 peccato,
1475 2273 1775 2361 paucitas
1822 2281 2123 2360 respectu
2164 2271 2361 2357 hujus
2389 2269 2840 2338 multitudinis
2869 2275 2971 2337 est

863 2376 936 2442 in
983 2381 1167 2444 statu
1219 2377 1464 2446 salutis.
1557 2375 1650 2443 Et
1685 2376 1742 2442 si
1791 2376 1975 2441 illam
2023 2374 2425 2462 paucitatem
2472 2374 2845 2441 dividamus
2894 2374 2969 2440 in

862 2479 1100 2568 vulgus
1131 2483 1200 2545 et
1243 2479 1317 2544 in
1359 2483 1645 2558 caeteros,
1676 2479 1919 2568 vfflgm
1964 2481 2065 2544 est
2104 2475 2577 2566 imperfectum,
2620 2481 2688 2543 et
2716 2476 2968 2568 paucis-

735 2635 740 2642 .
863 2581 1016 2646 simi
1058 2586 1218 2648 sunt
1261 2581 1332 2646 in
1381 2587 1562 2648 statu
1607 2579 2027 2668 perfectionis
2054 2603 2071 2660 ;
2132 2585 2205 2649 et
2244 2579 2459 2646 adhuc
2500 2584 2735 2666 regnat
2777 2583 2971 2646 tanta

867 2681 1298 2774 imperfecti0‚
1325 2683 1502 2776 quod
1531 2683 1859 2771 sapientes
1888 2682 2080 2754 istius
2108 2682 2423 2772 temporis
2452 2681 2859 2750 contendunt
2887 2682 2969 2748 de

869 2784 1000 2852 ista
1027 2783 1471 2872 perfectione,
1524 2785 1886 2851 nescientes
1948 2806 2095 2852 eam
2146 2783 2459 2852 invenire.
2550 2782 2717 2868 Quis
2759 2783 2969 2872 igitur

867 2887 1192 2977 perfectus
1237 2892 1382 2957 est?
1439 2888 1622 2957 Deus
1650 2889 1845 2956 novit
1875 2888 2132 2955 omnia:
2180 2888 2297 2954 sed
2332 2886 2564 2955 saltem
2612 2886 2745 2955 scio
2790 2888 2968 2975 quod

867 2990 1228 3059 multitudo
1271 2996 1373 3059 est
1414 2989 1815 3083 imperfecta,
1848 2990 2051 3058 etiam
2080 2990 2443 3058 multitudo
2471 2990 2753 3059 istorum
2798 2988 2967 3078 sapi-

867 3098 1098 3161 entum
1157 3094 1273 3183 qui
1316 3094 1409 3161 sic
1453 3095 1865 3163 contendunt
1892 3118 1909 3175 ;
1954 3097 2025 3161 et
2064 3094 2323 3162 utinam
2350 3114 2488 3160 non
2530 3097 2763 3172 essent,
2808 3093 2967 3180 quia

867 3201 1080 3263 totam
1125 3194 1253 3263 Dei
1299 3196 1632 3265 ecclesiam
1675 3194 2087 3265 conturbant.
2180 3196 2503 3263 Similiter
2543 3200 2731 3283 patet
2792 3196 2966 3282 quod

833 3294 1108 3387 vulgus
1152 3298 1426 3365 humani
1487 3299 1744 3392 generis
1808 3304 1985 3367 errat
2029 3299 2104 3364 in
2146 3298 2469 3393 sapientia
2520 3297 2963 3387 philosophiae,

865 3407 936 3469 et
977 3402 1272 3493 paucitas
1314 3400 1850 3492 philosophorum
1893 3400 2099 3467 habet
2140 3401 2506 3467 veritatem.
2618 3398 2712 3466 Et
2752 3400 2966 3468 adhuc

861 3506 1104 3595 vulgus
1178 3503 1786 3597 philosophantium
1846 3524 2101 3597 semper
2175 3506 2276 3569 est
2348 3501 2821 3591 imperfectum,
2892 3508 2964 3571 et

859 3606 1053 3701 pauci
1097 3606 1562 3693 sapientissimi
1613 3606 1887 3673 fuerunt
1938 3605 2012 3669 in
2055 3603 2452 3696 perfectione
2495 3604 2963 3693 phfloeophiae3

863 3713 942 3775 ut
979 3706 1184 3801 primi
1210 3708 1692 3801 compositores,
1721 3712 1793 3775 et
1840 3706 2170 3788 Salomon,
2202 3710 2275 3773 et
2304 3706 2542 3774 deinde
2570 3706 2961 3775 Aristoteles

858 3830 978 3901 pro
1051 3814 1346 3898 tempore
1407 3831 1578 3891 suo;
1637 3816 1708 3876 et
1770 3814 1999 3899 postea
2057 3808 2420 3890 Avicenna,
2466 3814 2537 3876 et
2594 3810 2669 3875 in
2732 3810 2963 3877 diebus

527 3922 724 3976 Bobert
858 3912 1108 3979 nostris
1180 3912 1484 3981 dominus
1559 3912 1889 3981 Robertus
1964 3911 2301 4000 episcopus
2358 3932 2569 3999 nuper
2636 3911 2963 3983 Linoolni-

522 3988 780 4127 ssm
857 4012 1048 4093 ensis,
1111 4018 1182 4081 et
1258 4014 1464 4085 stater
1525 4012 1748 4083 Adam
1816 4015 1899 4081 de
1968 4012 2267 4099 Mariam,
2328 4014 2485 4107 quia
2556 4011 2629 4077 hi
2687 4012 2958 4080 flierunt

523 4139 759 4195 Mna-ineo.
851 4114 1123 4205 perfecti
1167 4116 1241 4180 in
1292 4116 1474 4183 omni
1523 4116 1870 4205 sapientia,
1916 4120 1987 4183 et
2032 4137 2371 4203 nunquam
2418 4116 2685 4182 fuerunt
2735 4115 2957 4203 plures

853 4216 1122 4313 perfecti
1179 4218 1253 4283 in
1299 4218 1731 4313 philosophia.
1826 4220 2082 4309 Vulgus
2126 4220 2349 4307 igitur,
2402 4224 2483 4285 ut
2524 4219 2598 4283 in
2654 4218 2954 4305 pluribus

853 4325 1045 4403 errat,
1077 4325 1147 4389 et
1177 4320 1396 4408 capita
1439 4340 1559 4386 sua
1606 4320 1925 4399 similiter,
1960 4325 2029 4387 et
2075 4342 2223 4386 raro
2276 4320 2573 4387 sentiunt
2601 4319 2953 4387 veritatem

812 4427 920 4490 “et
965 4423 1039 4489 in
1083 4424 1320 4512 paucis.
1433 4423 1526 4488 Et
1584 4424 1706 4489 hoc
1765 4424 2020 4490 declaro
2092 4445 2211 4511 per
2260 4423 2687 4491 auctoritates
2758 4424 2958 4511 scrip-

913 4706 926 4736 ¹
951 4702 1136 4769 auten]
1160 4718 1258 4759 om.
1284 4702 1348 4755 Τ.
1944 4700 2269 4769 secundinum]
2326 4702 2531 4768 aliquod
2588 4704 2723 4769 quod
2776 4706 2961 4755 mim·

911 4784 932 4814 ²
949 4780 1146 4851 aliquod
1177 4780 1437 4851 exemplum
1481 4782 1611 4851 quod
1645 4783 1700 4839 in
1727 4799 1841 4840 οωι-
1944 4782 2082 4849 plum
2104 4783 2242 4851 quod.
2262 4782 2319 4845 in
2338 4778 2911 4847 incommmja.
