3517 5750
817 867 904 929 58
1571 877 1831 930 noum
1874 877 2166 931 mcoms
2746 863 2921 956 [cnr.

812 1053 1062 1120 rilibus.
1151 1052 1378 1141 Atque
1421 1057 1812 1122 correctores
1876 1055 2095 1122 varios
2154 1057 2417 1144 oportet
2490 1055 2736 1136 haberi,
2803 1055 2920 1146 qui

815 1155 1037 1224 omnia
1091 1156 1342 1244 scripta
1404 1157 1657 1244 praevia
1725 1155 1873 1224 vice
1952 1158 2304 1247 corrigant,
2366 1159 2455 1226 ad
2510 1161 2919 1248 exemplaria

812 1264 1136 1342 ultimate,
1185 1263 1390 1330 donec
1450 1264 1733 1331 artifices
1777 1263 2167 1353 principales
2224 1263 2633 1355 perlegerent
2678 1267 2918 1350 omnia,

812 1371 892 1433 ut
935 1365 1106 1432 nihil
1150 1371 1323 1433 esset
1365 1365 1785 1454 superfluum,
1830 1367 2003 1433 nihil
2050 1367 2464 1450 diminutum·
2563 1367 2655 1435 Et
2698 1369 2918 1456 plures

812 1472 1140 1556 oporteret
1209 1467 1438 1535 haberi
1495 1467 1612 1555 qui
1687 1473 2042 1556 praeessent
2104 1469 2447 1537 fraudibus
2505 1469 2915 1559 scriptorum,

812 1575 881 1638 et
925 1569 1042 1658 qui
1083 1568 1404 1638 rationem
1449 1571 1797 1639 redderent
1840 1573 1911 1639 et
1952 1571 2241 1641 facerent
2284 1595 2733 1663 expensarum.

1645 1901 1805 1972 C'Ar.
1856 1901 2080 1972 XVII.

473 2126 572 2178 ms
587 2139 789 2179 remon:
906 2106 1086 2172 ΗΕΘ
1151 2109 1373 2173 autem
1419 2105 1691 2172 recitavi
1705 2103 1726 2142 ¹
1791 2112 2059 2193 propter
2117 2107 2401 2192 quatuor
2460 2123 2731 2186 causas3
2776 2127 2911 2172 una

471 2194 552 2274 ἴθ’
572 2193 741 2246 insist-
811 2213 912 2278 est
956 2211 1221 2297 propter
1262 2211 1500 2275 veetrae
1545 2207 1771 2295 gloriae
1814 2207 2219 2288 mandatum,
2268 2207 2349 2274 de
2392 2229 2521 2294 quo
2551 2207 2911 2275 confundor

471 2275 564 2325 mg
582 2276 650 2311 on

469 2327 609 2377 these

471 2393 645 2459 topice.

812 2321 881 2380 et
939 2313 1128 2381 doleo
1197 2312 1377 2399 quod
1447 2333 1583 2376 non
1657 2311 2015 2398 adimplevi
2088 2311 2214 2376 sub
2288 2309 2501 2376 forma
2558 2309 2909 2378 verborum

811 2419 1198 2492 vestrorum,
1274 2417 1353 2480 ut
1433 2413 1748 2500 scriptum
1823 2409 2253 2501 philosophiae
2328 2413 2660 2480 mitterem
2733 2413 2911 2500 prin-

809 2517 1030 2606 cipale.
1121 2513 1216 2582 Et
1248 2515 1395 2604 jam
1452 2521 1672 2602 potest
1731 2513 2055 2604 sapientia
2113 2517 2339 2581 vestra
2397 2515 2749 2582 clarissime
2806 2517 2905 2581 in-

805 2621 996 2702 tueri,
1058 2620 1235 2708 quod
1293 2620 1416 2685 hoc
1473 2641 1607 2684 non
1666 2615 1796 2684 fuit
1854 2619 1927 2682 in
1986 2639 2134 2683 mea
2190 2621 2529 2705 potestate.
2650 2617 2907 2683 Deinde

811 2727 1078 2810 propter
1120 2723 1360 2787 vestrae
1419 2719 1781 2786 clementiae
1842 2717 2243 2788 desiderium
2286 2716 2779 2807 adimplendum
2824 2720 2906 2786 de

808 2825 1033 2893 futuro
1093 2823 1234 2891 haec
1292 2821 1605 2904 recitavi3
1671 2822 1751 2888 ut
1796 2822 1853 2889 si
1912 2821 2168 2911 placeat
2214 2825 2452 2891 vestlae
2511 2819 2903 2905 celsitudini,

805 2928 1028 2996 omnia
1069 2926 1236 2993 fiant
1279 2926 1451 2992 sicut
1493 2925 1728 2991 fuerit'
1789 2928 2248 3013 opportunum.
2338 2924 2576 3005 Tertio,
2638 2930 2907 3013 propter

803 3031 1052 3098 bonum
1101 3048 1460 3109 commune,
1507 3031 1576 3093 et
1628 3023 1837 3093 totius
1884 3026 2089 3093 studii
2132 3026 2561 3115 philosophiae
2606 3032 2675 3095 et
2718 3028 2903 3095 theo-

725 3112 734 3119 ·
801 3130 1011 3221 logiae,
1044 3128 1152 3198 ac⁸
1195 3134 1463 3218 propter
1506 3128 1833 3195 utilitates
1877 3128 2161 3195 ecclesiae
2200 3127 2437 3209 varias,
2480 3130 2651 3197 sicut
2694 3130 2902 3197 scribo

801 3238 876 3303 in
921 3235 1242 3323 operibu3‚
1275 3238 1344 3299 et
1385 3238 1654 3320 propter
1695 3232 2123 3298 directionem
2166 3230 2543 3319 reipublicae
2587 3232 2901 3313 fidelium,

809 3343 878 3406 et
929 3340 1196 3427 propter
1241 3334 1730 3403 conversionem
1778 3332 2169 3415 infidelium,
2224 3339 2294 3400 et
2337 3339 2610 3422 propter
2654 3356 2901 3422 repres-

807 3442 1058 3507 sionem
1117 3461 1341 3505 eorum
1401 3438 1516 3525 qui
1559 3460 1695 3503 non
1737 3440 2014 3523 possunt
2074 3436 2391 3517 converti,
2445 3436 2615 3503 sicut
2646 3434 2901 3529 ‘multis

799 3542 1009 3609 modis
1079 3540 1222 3607 haec
1296 3538 1584 3607 ostendo.
1677 3535 1932 3620 Quarta
2004 3532 2175 3603 ratio
2252 3543 2353 3603 est
2424 3542 2692 3625 propter
2764 3560 2899 3605 me-

798 3647 1032 3733 ipsum,
1081 3644 1238 3730 quia
1277 3642 1422 3730 jam
1481 3664 1522 3707 a
1570 3642 1927 3729 juventute
1979 3635 2279 3705 laboravi
2337 3638 2411 3705 in
2470 3638 2768 3719 scientiiS,
2832 3644 2902 3707 et

799 3745 1058 3833 lingui&
1111 3748 1177 3810 et
1231 3741 1534 3811 omnibus
1593 3741 1923 3830 praedictis
1981 3740 2480 3828 multipliciter-3
2542 3744 2612 3807 et
2670 3738 2900 3831 collegi

799 3846 1013 3913 multa
1069 3842 1279 3927 utilia,
1335 3848 1406 3911 et
1465 3842 1767 3910 ordinavi
1820 3844 1902 3911 de
1955 3840 2263 3931 personis,
2400 3840 2577 3908 Nam
2623 3843 2897 3931 quaesivi

799 3947 1158 4015 amicitiam
1215 3943 1508 4012 omnium
1567 3943 1941 4033 sapientum
2014 3942 2193 4011 inter
2266 3940 2557 4024 Latinos,
2632 3950 2705 4012 et
2776 3944 2896 4012 feci

788 4054 1070 4141 juvenes
1126 4048 1370 4115 instrui
1425 4044 1499 4114 in
1547 4048 1818 4137 linguis,
1872 4054 1943 4116 et
2002 4043 2250 4138 sigui-ie,
2312 4050 2384 4114 et
2438 4045 2747 4128 numeris,
2826 4053 2897 4115 et

798 4150 1062 4234 tabulis,
1109 4155 1179 4218 et
1231 4148 1709 4232 instrumentis,
1754 4157 1827 4218 et
1889 4146 1962 4216 in
2015 4148 2241 4217 multis
2300 4146 2691 4217 necessariis,
2804 4146 2896 4215 Et

803 4252 1180 4325 examinavi
1253 4252 1474 4320 omnia
1545 4274 1693 4341 quae
1766 4250 1876 4319 hic
1948 4248 2312 4321 necessaria
2386 4255 2561 4335 sunt,
2620 4254 2691 4318 et
2762 4250 2895 4319 scio

761 4406 776 4421 .
799 4356 1084 4448 qualiter
1140 4352 1623 4446 procedendum
1681 4358 1801 4433 est,
1848 4358 1919 4421 et
1977 4352 2217 4442 quibus
2276 4352 2560 4437 auxiliiS,
2618 4356 2687 4421 et
2745 4375 2893 4442 quae

863 4700 878 4731 ι
902 4698 1130 4764 ,απ-ω’]
1163 4694 1393 4757 manvi,
1427 4692 1490 4747 Τ.
1523 4692 1590 4745 U.
1961 4693 1981 4722 ⁸
2002 4690 2093 4757 ac]
2132 4696 2298 4755 atque,
2320 4688 2385 4742 Τ.
2401 4690 2467 4742 U.

858 4781 879 4810 ²
887 4776 1080 4845 fuerit]
1115 4774 1294 4838 metat,
1325 4774 1386 4826 B.
