3517 5750
852 854 983 921 224
1604 868 1864 919 nomm
1909 866 2202 920 memus
2777 857 2952 945 [cn.

848 1047 921 1111 in
996 1045 1411 1115 revolutione
1486 1044 1800 1132 temporis
1870 1044 2122 1109 lunaris
2203 1044 2386 1111 nullo
2461 1046 2656 1111 modo
2731 1052 2956 1113 errent

842 1148 1093 1215 tabulae
1138 1147 1576 1225 astronomiae,
1624 1154 1704 1213 ut
1748 1152 2000 1213 eertum
2046 1154 2148 1214 est
2171 1144 2210 1227 3¹
2259 1146 2418 1233 quia
2461 1148 2798 1235 proprium
2851 1154 2954 1215 est

842 1250 1255 1317 astronomiae
1302 1249 1657 1315 certificare
1700 1250 1844 1316 hsec
1887 1253 2225 1336 tempora3
2269 1255 2340 1315 et
2382 1272 2722 1336 nunquam
2767 1253 2954 1317 inve-

842 1354 1061 1417 nimus
1104 1352 1463 1418 falsitatem
1510 1352 1864 1418 secundum
1921 1352 2184 1417 tabulas
2251 1352 2414 1431 illas,
2481 1353 2654 1419 sicut
2713 1354 2954 1441 proba-

842 1477 989 1520 mus
1033 1477 1151 1541 per
1192 1455 1459 1543 eclipses
1507 1460 1579 1521 et
1638 1458 1879 1521 coetera
1941 1476 2090 1539 quae
2153 1454 2226 1519 in
2293 1455 2460 1520 coelo
2525 1462 2957 1522 renovantur.

842 1558 935 1623 Et
978 1557 1033 1622 si
1080 1558 1457 1645 opinionem
1500 1561 1715 1623 totam
1760 1556 1950 1643 vulgi
2017 1556 2100 1623 de
2163 1557 2503 1623 lunatione
2555 1564 2624 1624 et
2669 1558 2954 1624 kalenda

841 1660 1249 1747 accipiamus,
1314 1660 1605 1727 dicentes
1666 1660 1846 1746 quod
1893 1658 2218 1726 Dominus
2269 1660 2402 1726 fuit
2445 1682 2671 1747 passus
2715 1666 2954 1727 octavo

840 1761 1159 1829 kalendas
1204 1762 1469 1850 Aprilis,
1518 1767 1589 1829 et
1632 1760 2124 1848 quintadecima
2151 1762 2328 1841 luna,
2355 1767 2518 1829 tunc
2561 1784 2800 1831 aureus
2827 1784 2951 1829 nu-

840 1888 1059 1931 merus
1088 1866 1160 1931 in
1189 1886 1365 1932 anno
1396 1864 1729 1931 Passionis
1773 1864 1904 1931 fuit
1949 1864 2240 1931 decimus
2271 1864 2520 1944 tertius,
2553 1866 2728 1932 sicut
2773 1864 2956 1931 Beda

841 1969 1085 2047 scribit,
1119 1972 1188 2035 et
1216 1972 1403 2056 patet
1446 1967 1792 2034 manifeste
1836 1968 1909 2033 in
1951 1965 2354 2033 kalendario,
2447 1966 2582 2034 Sed
2627 1968 2956 2035 Dominus

840 2072 973 2139 fuit
1014 2076 1212 2139 natus
1256 2072 1541 2137 secundo
1570 2093 1745 2136 anno
1791 2069 1958 2157 cycli
2004 2070 2564 2151 decennovenalis,
2595 2071 2952 2137 secundum

844 2174 1175 2241 ecclesiam
1242 2178 1315 2241 et
1374 2196 1617 2254 omnes,
1665 2180 1736 2239 et
1799 2173 1900 2239 ita
1963 2174 2322 2239 secundum
2391 2173 2650 2259 cyclum
2715 2173 2956 2239 habuit

842 2278 1201 2344 octodecim
1230 2298 1435 2343 annos
1464 2277 1537 2342 in
1564 2276 1695 2341 fine
1726 2276 1923 2363 primi
1970 2276 2130 2361 cycli
2160 2300 2175 2356 ;
2241 2276 2482 2361 quibus
2531 2276 2589 2341 si
2641 2277 2960 2343 tredecim

847 2382 1005 2445 anni
1052 2380 1325 2446 alterius
1379 2380 1545 2465 cycli
1593 2378 1928 2444 addantur
1977 2378 2166 2466 (quia
2219 2378 2510 2444 decimus
2545 2380 2784 2445 tertius
2827 2378 2958 2445 fuit

854 2504 1093 2550 aureus
1156 2504 1466 2549 numerus
1532 2482 1606 2546 in
1668 2504 1844 2547 anno
1891 2479 2272 2567 Passionis),
2323 2487 2484 2547 tunc
2545 2486 2744 2547 erunt
2799 2482 2960 2549 anni

850 2587 1131 2674 triginta
1172 2590 1244 2651 et
1286 2607 1459 2650 unus
1502 2583 1860 2649 secundum
1907 2582 2182 2669 cyclum.
2291 2583 2424 2649 Sed
2467 2582 2540 2649 hi
2583 2585 2860 2671 triginta
2889 2589 2958 2649 et

853 2711 1024 2755 unus
1090 2710 1227 2755 non
1276 2694 1435 2753 sunt
1480 2686 1836 2753 secundum
1879 2690 2148 2752 aetatem
2215 2708 2442 2751 veram
2513 2686 2762 2754 Clu-isti
2827 2688 2960 2753 nisi

854 2791 1097 2880 viginti
1128 2811 1386 2869 novem,
1418 2795 1488 2855 et
1518 2794 1840 2878 quantum
1886 2788 2086 2855 fluxit
2113 2810 2156 2853 a
2185 2788 2418 2855 Natali
2449 2810 2654 2876 usque
2683 2788 2768 2855 ad
2801 2790 2956 2855 Pas-

852 2896 1103 2960 sionem
1136 2893 1425 2970 Domini,
1456 2899 1537 2958 ut
1569 2899 1756 2980 patet
1801 2890 2256 2958 consideranti.
2349 2893 2526 2980 Ergo
2558 2892 2690 2959 fuit
2733 2915 2958 2980 passus

853 2998 925 3063 in
955 2995 1283 3062 tricesimo
1312 3018 1485 3061 anno
1530 2996 1753 3062 aetatis
1797 3017 1951 3075 suoe,
1983 2993 2156 3081 quod
2189 2999 2292 3061 est
2319 3001 2552 3062 eontra
2581 2995 2960 3084 Evangelia.

852 3100 1033 3166 Nam
1096 3099 1305 3166 Lucas
1324 3099 1351 3136 ⁹
1412 3098 1615 3165 refert
1690 3097 1737 3164 J
1740 3099 2066 3164 ohannem
2144 3096 2520 3184 Baptistam
2593 3097 2960 3186 baptizasse

854 3202 1195 3269 Christum
1268 3201 1690 3289 incipientem
1765 3200 1956 3287 quasi
2039 3200 2336 3287 trigenta.
2419 3223 2758 3267 annorum.
2867 3201 2960 3267 Et

851 3305 1210 3372 secundum
1253 3305 1453 3372 fidem
1500 3303 2004 3389 Evangeliorum
2055 3302 2443 3388 praedicavit
2487 3309 2714 3390 postea
2757 3304 2960 3392 pluri-

851 3410 977 3476 bus
1051 3409 1257 3476 annis.
1380 3407 1512 3474 Sed
1584 3406 1778 3492 longe
1851 3403 2088 3470 fortius
2160 3409 2382 3492 potest
2456 3404 2668 3490 objici.
2783 3406 2958 3472 Nam

852 3515 1151 3600 sequitur
1222 3535 1308 3578 ex
1384 3510 1507 3576 hoc
1581 3506 1755 3595 quod
1829 3506 2156 3572 Dominus
2227 3505 2360 3572 fuit
2425 3529 2653 3594 passus
2719 3509 2793 3574 in
2853 3508 2960 3574 die

850 3616 1212 3692 Dominica,
1292 3613 1471 3700 quod
1546 3616 1648 3676 est
1713 3607 2058 3674 manifeste
2112 3607 2366 3674 falsum.
2479 3608 2674 3689 Quod
2737 3616 2960 3677 autem

850 3715 1195 3804 sequatur³
1240 3737 1325 3780 ex
1370 3715 1509 3794 hoc,
1558 3711 1834 3778 ostendo
1880 3711 1992 3776 sic.
2087 3711 2374 3776 Ecclesia
2417 3713 2716 3799 sequitur
2775 3714 2962 3780 tabu-

517 3833 631 3884 'rhe
650 3836 806 3886 tames
851 3821 983 3885 lam
1052 3816 1355 3902 Dionysii
1418 3813 1713 3880 abbatis⁴
1790 3813 2087 3892 Romani,
2135 3819 2206 3880 et
2249 3813 2322 3878 in
2385 3835 2568 3880 cereo
2635 3816 2964 3902 paschali3

516 3901 661 4028 223¹
652 3918 801 4020 abffdt
850 3920 1231 3985 inveniatur
1274 3918 1483 4004 igitur
1527 3916 1725 3980 litera
1752 3914 2177 3998 tabularum3
2229 3921 2298 3982 et
2327 3917 2708 3982 revolvatur
2734 3917 2964 3983 tabula

512 4035 574 4087 of
588 4035 668 4085 Ro
635 4049 761 4088 o.me
852 4043 1057 4108 usque
1100 4020 1187 4086 ad
1232 4019 1673 4084 Nativitatem
1703 4024 1774 4083 et
1819 4017 1995 4083 diem
2031 4016 2399 4096 Passionis3
2443 4027 2514 4084 et
2556 4024 2966 4106 supponatur

851 4122 1027 4212 quod
1100 4119 1585 4208 quintadecima
1650 4120 1783 4185 fuit
1843 4118 2006 4185 luna
2071 4121 2144 4185 in
2211 4120 2520 4187 Passione
2587 4121 2662 4186 in
2725 4127 2962 4188 octavo

848 4225 1204 4292 kalendas:
1252 4233 1411 4290 tunc
1453 4223 1872 4288 manifestum
1937 4217 2102 4288 erit⁵
2163 4222 2337 4308 quod
2405 4222 2540 4288 fuit
2601 4245 2828 4310 passus
2891 4226 2964 4290 in

848 4329 957 4398 die
1002 4327 1363 4394 Dominica.
1474 4324 1653 4391 Nam
1698 4325 1981 4412 quilibet
2025 4326 2140 4411 qui
2183 4325 2308 4390 scit
2351 4325 2604 4411 aliquid
2657 4325 2738 4390 de
2791 4347 2964 4392 com·

918 4627 933 4656 ¹
958 4633 1013 4675 ur
1033 4631 1207 4676 eertum
1232 4623 1329 4689 est]
1368 4636 1467 4672 om.
1491 4619 1554 4672 Τ.
1901 4619 1912 4638 ’
2026 4621 2045 4649 ⁴
2069 4617 2306 4684 Dionysii
2341 4617 2566 4686 abbatis]
2607 4619 2802 4671 abbatis
2835 4621 2962 4672 Dio·

918 4707 940 4736 ²
961 4703 1157 4768 Lucas]
1186 4702 1256 4752 iii.
1282 4707 1363 4752 23.
1959 4699 2112 4765 unii,
2137 4697 2199 4748 Τ.

918 4787 940 4816 ⁸
960 4781 1217 4847 sequatur]
1255 4789 1501 4846 sequetur,
1524 4780 1585 4830 B.
2023 4777 2044 4806 ⁸
2063 4777 2182 4848 erit]
2219 4793 2317 4827 om.
2345 4777 2406 4830 Β.
