3517 5750
541 3865 721 3924 Silver.

878 862 1009 931 :376
1637 872 1896 922 noum
1939 870 2234 923 memus

880 1047 1085 1113 tionis
1138 1046 1281 1111 sine
1322 1045 1493 1111 ealce
1536 1050 1607 1111 et
1648 1044 2002 1124 ablutione,
2049 1044 2212 1110 scies
2252 1042 2428 1130 quod
2471 1048 2574 1109 est
2619 1043 2702 1109 de
2743 1044 2980 1131 magis-

860 1148 1049 1213 terio
1090 1168 1263 1213 vero.
1352 1146 1445 1212 Et
1502 1146 1836 1212 deseendit
1876 1147 1964 1212 ad
2005 1146 2232 1213 modos
2273 1147 2421 1211 auri
2462 1145 2544 1211 de
2587 1146 2982 1232 magisteriO,

882 1254 963 1314 ut
1022 1247 1265 1313 sciatur
1322 1247 1509 1333 cujus
1564 1248 1657 1313 sit
1714 1269 1948 1313 aurum
2007 1242 2340 1313 ablatum.¹
2465 1246 2599 1312 Sed
2657 1245 2754 1311 ibi
2804 1246 2980 1311 fiunt

884 1349 1091 1417 verba
1147 1348 1414 1435 propria
1472 1348 1912 1434 alkymistiea,
1971 1369 2092 1414 nec
2163 1352 2436 1435 possunt
2491 1347 2645 1414 sciri
2717 1348 2848 1412 nisi
2904 1348 2978 1411 in

882 1451 1122 1517 ultima
1164 1454 1355 1536 parte
1396 1454 1741 1515 tractatus.

974 1550 1077 1617 De
1150 1549 1289 1616 loeo
1355 1572 1515 1617 vero
1578 1550 2022 1638 generationis
2094 1550 2240 1615 auri
2305 1547 2628 1615 naturalis
2687 1548 2978 1634 loquitur

884 1653 1139 1719 Plinius
1180 1652 1431 1716 xxxiiio
1476 1652 1645 1738 [21]
1708 1651 1880 1717 libro
1949 1650 2392 1717 Naturalium.
2481 1650 2742 1715 Aurum
2801 1649 2978 1715 enim

880 1753 954 1818 in
998 1753 1212 1818 tribus
1254 1753 1412 1818 loeis
1477 1752 1819 1818 invenitur
1846 1777 1864 1833 ;
1923 1752 2172 1818 scilieet
2212 1752 2289 1817 in
2330 1750 2648 1817 ramentis
2689 1756 2760 1816 et
2801 1751 2980 1816 inter

880 1854 1137 1940 lapillos
1200 1854 1570 1932 fluminum,
1638 1860 1673 1889 “
1696 1859 1776 1919 ut
1842 1854 1916 1918 in
1983 1854 2164 1941 Tago
2230 1853 2592 1939 Hispaniae,
2655 1852 2732 1917 in
2793 1851 2976 1917 Pado

882 1961 921 1993 “
968 1955 1205 2034 Italiae,
1266 1954 1444 2021 Ebro
1488 1952 1799 2031 Thraciae,
1864 1953 2131 2021 Pactolo
2189 1953 2393 2033 Asiae,
2455 1952 2686 2040 Gange
2745 1952 2978 2019 Indiae.

881 2062 921 2093 “
964 2054 1035 2121 N
1034 2078 1107 2122 ee
1164 2055 1377 2123 ullum
1436 2054 1800 2121 absolutius
1861 2076 2098 2121 aurum
2155 2060 2273 2134 est,
2319 2055 2478 2140 quia
2533 2074 2730 2121 cursu
2785 2076 2976 2140 aquae

886 2163 923 2193 “
966 2162 1038 2223 et
1094 2178 1246 2223 eum
1296 2156 1639 2222 ffieatione
1698 2156 2078 2243 perpolitus.
2138 2145 2322 2221 'Alio
2382 2154 2576 2221 modo
2634 2160 2976 2242 puteorum

884 2266 921 2293 “
965 2259 1299 2355 scrobibus
1364 2258 1695 2335 effoditur,
1742 2262 1862 2322 aut
1923 2258 1998 2321 in
2061 2258 2258 2322 ruina
2321 2256 2666 2323 montium.
2769 2255 2976 2321 Aliud

884 2368 920 2395 “
962 2360 1039 2425 in
1080 2380 1337 2426 summa
1378 2364 1449 2425 et
1491 2360 1691 2445 plana
1732 2358 1996 2425 telluris
2039 2380 2191 2425 rara
2247 2357 2601 2437 felicitat03
2644 2362 2726 2422 ut
2767 2378 2976 2443 nuper

882 2471 920 2497 “
963 2462 1037 2527 in
1082 2461 1421 2527 Dalmatia
1462 2460 1836 2548 principatu
1882 2460 2166 2527 Neronis
2207 2459 2487 2547 singulis
2530 2460 2760 2525 diebus
2789 2462 2976 2545 quin·

882 2570 919 2601 “
964 2584 1295 2650 quagenas
1338 2562 1541 2629 libras
1584 2562 1868 2629 fundens
1927 2612 1942 2629 .
2033 2608 2052 2629 .
2143 2612 2162 2629 .
2251 2612 2266 2629 .
2325 2582 2580 2626 summo
2623 2560 2926 2647 cespite-'⁸
2946 2561 2971 2598 ²

970 2762 1136 2828 Haee
1196 2760 1405 2847 igitur
1470 2760 1649 2827 dieta
1691 2764 1852 2827 sunt
1911 2760 1992 2827 de
2037 2781 2200 2827 auro
2250 2759 2308 2825 si
2352 2764 2459 2826 tot
2521 2760 2836 2825 deberent
2892 2758 2973 2823 de

874 2961 1254 3030 excederem
1312 2965 1525 3028 metas
1582 2963 1778 3030 istius
1835 2963 2286 3050 persuasionis,
2347 2982 2468 3028 nee
2523 2965 2632 3028 tot
2675 2966 2832 3027 sunt
2875 2960 2975 3026 di-

873 3063 1079 3130 eenda
1120 3063 1204 3129 de
1246 3063 1468 3147 aliquo
1513 3062 1661 3142 alio,
1708 3063 1882 3130 sicut
1911 3065 1992 3130 de
2039 3085 2216 3143 auro,
2249 3069 2516 3150 propter
2559 3061 2700 3149 ejus
2741 3062 2976 3128 nobili-

874 3169 1085 3230 tatem
1126 3185 1262 3232 non
1306 3163 1518 3232 solum
1569 3164 1643 3229 in
1686 3165 2206 3232 consideratione
2266 3165 2554 3251 physica,
2599 3165 2716 3230 sed
2775 3164 2977 3230 etiam

872 3266 946 3330 in
991 3265 1341 3352 theologia,
1388 3266 1547 3351 quia
1589 3265 1836 3353 pluries
1878 3267 1950 3330 in
1995 3265 2342 3353 Scriptura
2407 3271 2478 3332 et
2545 3267 2616 3330 in
2674 3265 2975 3351 pluribus

874 3372 943 3433 et
1016 3366 1450 3434 nobilioribus
1524 3367 1822 3434 sensibus
1895 3368 2130 3454 gratiae
2197 3372 2266 3432 et
2339 3365 2565 3454 gloriae
2631 3366 2970 3452 reperitur,

874 3490 1074 3555 quam
1117 3469 1339 3534 omnia
1381 3469 1513 3534 alia
1555 3468 1839 3535 metalla„
1933 3467 2038 3534 Ne
2069 3473 2296 3534 tamen
2323 3468 2726 3555 negligentia
2753 3467 2974 3552 aliqua

876 3571 1183 3638 omittam
1236 3571 1675 3657 perstringam
1735 3569 2004 3636 brevius
2065 3574 2374 3636 naturam
2417 3575 2486 3635 et
2543 3569 2975 3657 proprietates

874 3693 1100 3736 eorum
1146 3691 1485 3756 usquequo
1552 3672 1848 3756 scriptas.
1941 3669 2154 3758 Super
2203 3670 2307 3736 his
2369 3671 2744 3757 requiratur
2797 3672 2974 3757 prin-

871 3791 1057 3857 eipns
1115 3821 1129 3836 .
1191 3821 1205 3838 .
1267 3821 1281 3838 .

962 3871 1123 3934 Post
1166 3891 1403 3936 aurum
1452 3871 1783 3957 dignitate
1845 3876 1948 3938 est
2009 3878 2374 3959 argentum,
2421 3873 2598 3959 quod
2659 3893 2744 3939 ex
2801 3894 2972 3938 eom-

872 3969 1179 4057 plexione
1221 3971 1601 4037 elementari
1658 3978 1759 4038 est
1809 3973 2122 4060 frigidum
2167 3979 2236 4042 et
2278 3975 2646 4054 humidum,
2689 3981 2770 4040 ut
2813 3975 2976 4041 dieit-

872 4071 1215 4136 Avioenna
1266 4072 1498 4156 quinto
1561 4072 1664 4139 De
1708 4074 2034 4154 Materia3
2093 4079 2164 4140 et
2224 4075 2297 4140 in
2357 4075 2526 4167 libro
2587 4075 2689 4142 De
2735 4074 2974 4163 Corpo-

870 4173 1053 4241 ribus
1103 4177 1173 4236 et
1218 4171 1579 4257 Spiritibus
1622 4173 1867 4240 dieitur
1913 4176 2081 4241 illud
2142 4175 2334 4242 idem.
2440 4176 2508 4241 N
2509 4199 2618 4242 am
2667 4198 2754 4242 ex
2803 4197 2976 4242 eom·-

868 4273 1191 4361 positione
1253 4275 1511 4360 argenti
1576 4275 1718 4340 vivi
1763 4281 1832 4341 et
1899 4275 2228 4364 sulphuris
2271 4279 2345 4342 in
2403 4298 2479 4343 eo
2541 4277 2748 4344 habet
2805 4277 2973 4342 mul-

934 4571 1212 4640 Ιαόῑαειωι]
1249 4575 1471 4626 oblatum
1485 4575 1564 4638 (ἲ)
1969 4590 2119 4627 ieme
2172 4583 2226 4628 to
2279 4575 2436 4642 Pliny
2468 4577 2576 4628 vill
2629 4575 2832 4640 explain
2887 4575 2974 4626 the

934 4651 956 4681 ²
975 4667 1150 4701 mmo
1170 4651 1372 4716 cespite]
1412 4651 1579 4706 'rheae
1609 4653 1791 4712 words,
1815 4667 1870 4704 as
1969 4655 2184 4706 blunder
2215 4655 2277 4705 of
2315 4655 2401 4706 the
2438 4654 2757 4716 transcribet,
2789 4655 2863 4720 by
2904 4668 2974 4703 no
3111 4651 3124 4666 ⁸

869 4731 991 4798 they
1013 4733 1175 4797 stand,
1194 4732 1324 4788 have
1358 4749 1426 4788 no
1459 4749 1617 4790 sense.
1666 4735 1722 4791 A
1741 4735 1870 4792 refe·
1969 4748 2142 4788 means
2163 4747 2196 4785 a
2215 4733 2424 4800 uolitat-y
2445 4733 2682 4788 instsnoe.
