3517 5750
570 3078 795 3132 material

570 3147 791 3198 distance

572 3215 693 3279 only
714 3229 801 3280 ap-

568 3281 695 3344 plics
716 3289 770 3332 to

568 3347 797 3400 material

569 3423 757 3481 agents.

775 1262 798 1273 ·
904 1241 1361 1323 separarentur
1388 1258 1431 1301 a
1460 1236 1854 1323 corporibus,
1887 1241 1957 1301 et
1985 1238 2157 1301 fiant
2201 1237 2272 1301 in
2317 1236 2478 1302 coelo
2509 1240 2578 1303 et
2607 1236 3007 1323 purgatorio,

906 844 1035 907 182
1662 854 1922 907 nouam
1968 855 2188 907 moon
2199 858 2262 907 1s
2835 838 3012 926 [mr.

902 1030 1299 1110 movebitur,
1347 1035 1415 1095 et
1466 1031 1566 1096 ita
1612 1052 1747 1095 non
1803 1030 2123 1117 possunt¹
2177 1030 2394 1117 angeli
2455 1029 2599 1097 fieri
2657 1036 3010 1117 praesentes

904 1133 1107 1212 nobie,
1208 1154 1327 1199 nec
1402 1132 1749 1213 daemones,
1845 1156 1964 1201 nec
2055 1132 2296 1199 animae
2384 1137 2626 1199 nostrae
2714 1154 3009 1219 unquam

904 1360 1053 1426 quse
1114 1338 1335 1405 omnia
1410 1341 1571 1405 sunt
1628 1338 1796 1404 falsa
1853 1344 1923 1404 et
1981 1338 2453 1425 impossibilia:
2547 1339 3012 1423 consequentia

906 1445 1095 1528 patet
1140 1464 1225 1508 ex
1272 1462 1471 1528 supra
1498 1440 1731 1516 dictis3
1795 1440 1952 1527 quia
2001 1447 2336 1507 ostensum
2381 1446 2484 1507 est
2534 1442 2714 1526 quod
2756 1442 2814 1505 si
2873 1462 3009 1507 non

906 1544 1150 1609 habeat
1238 1545 1453 1611 locum
1526 1542 1930 1611 divisibilem
2019 1566 2154 1609 non
2227 1545 2476 1630 poterit
2551 1542 2802 1609 moveri
2889 1564 3012 1610 nec

906 1646 1193 1725 mutari3
1238 1652 1309 1711 et
1360 1648 1417 1712 si
1468 1668 1604 1711 non
1646 1645 1852 1712 habet
1895 1648 2446 1733 comparationem
2499 1646 2722 1733 aliquo
2766 1648 2958 1711 modo
2981 1646 3010 1683 ²

906 1748 995 1813 ad
1042 1748 1255 1814 locum
1301 1770 1435 1815 non
1464 1746 1715 1835 potest³
1763 1748 2006 1815 habere
2050 1750 2604 1837 comparationem
2639 1750 2728 1815 ad
2753 1754 3010 1815 motum

906 1851 1265 1917 secundum
1337 1851 1568 1927 locum,
1632 1850 1792 1936 quia
1863 1858 2082 1918 motus
2155 1852 2514 1919 secundum
2587 1852 2800 1917 locum
2873 1872 3009 1917 non

907 1958 1127 2041 potest
1172 1952 1317 2020 fieri
1364 1954 1493 2019 nisi
1540 1954 1949 2020 considerata
1993 1954 2249 2020 ratione
2308 1954 2482 2036 loei3
2528 1959 2598 2021 et
2657 1956 2756 2020 ita
2813 1960 3008 2020 erunt

908 2056 1175 2123 omnino
1224 2056 1589 2123 immobiles
1638 2057 1998 2123 secundum
2047 2058 2280 2123 locum.
2371 2058 2476 2121 Ex
2523 2078 2653 2143 quo
2697 2057 3012 2125 videntur

905 2158 1091 2245 sequi
1140 2158 1673 2227 inconvenientia
1724 2158 1918 2225 dicta
2013 2160 2104 2225 Et
2148 2160 2273 2225 hoc
2317 2159 2728 2247 philosophia
2769 2160 3010 2225 clamat

906 2267 1068 2340 tota,
1116 2264 1295 2349 quod
1344 2262 1721 2329 substantia
1781 2262 2142 2349 spiritualis
2203 2267 2304 2329 est
2363 2262 2738 2343 immobilis,
2783 2284 3010 2329 secun-

906 2366 1066 2431 dum
1119 2366 1351 2447 locum,
1402 2371 1483 2432 ut
1526 2366 1810 2432 habetur
1867 2364 1971 2430 in⁴
2015 2366 2186 2431 libro
2231 2366 2311 2431 de
2359 2364 2608 2445 Causis,
2663 2370 2736 2431 et
2787 2368 3008 2433 tamen

905 2472 1214 2555 operatur
1271 2470 1344 2534 in
1418 2468 1577 2535 locis
1638 2468 1928 2535 diversis.
2051 2468 2144 2533 Et
2217 2469 2360 2535 haec
2421 2474 2521 2535 est
2595 2469 3006 2555 quorundam

904 2571 1361 2659 theologorum
1434 2572 1673 2659 positio
1747 2572 2000 2637 famosa
2070 2570 2380 2652 >Parisiu3,
2457 2572 2756 2637 volentes
2831 2571 3006 2658 quod

904 2679 1209 2761 operetur
1282 2675 1356 2739 in
1430 2675 1591 2741 coelo
1666 2680 1735 2740 et
1809 2674 1880 2739 in
1955 2679 2152 2753 terra,
2226 2674 2382 2740 licet
2453 2695 2590 2740 non
2663 2678 3008 2741 moveatur

904 2775 1260 2841 secundum
1321 2777 1557 2857 locum,
1620 2798 1741 2844 nec
1803 2780 2114 2843 mutetur.
2207 2776 2489 2844 Ponitur
2545 2776 2770 2865 igitur,
2833 2776 3010 2863 quod

904 2879 1087 2944 nulla
1138 2879 1457 2945 distantia
1515 2880 1868 2968 corporalis
1927 2879 2206 2968 impedit
2267 2881 2710 2968 operationem
2770 2879 3006 2967 angeli,

904 3003 1025 3050 nec
1070 2987 1367 3070 respectu
1416 2983 1556 3070 ejus
1602 2989 1703 3050 est
1750 2984 1974 3070 aliqua
2017 2981 2412 3071 hujusmodi·
2442 2983 2800 3065 distantia3
2852 3005 3004 3050 nam

905 3085 1227 3151 distantia
1299 3085 1649 3173 corporalis
1722 3085 1810 3152 ad
1869 3107 2138 3174 corpora
2195 3085 2490 3166 refertur,
2539 3085 2655 3152 sed
2723 3107 2858 3152 non
2924 3086 3010 3152 ad

905 3188 1192 3275 spiritus.
1313 3187 1405 3254 Et
1478 3188 1627 3254 ideo
1688 3186 1745 3254 si
1805 3188 2244 3275 imaginemur
2301 3189 2608 3277 angelum
2678 3189 2752 3254 in
2827 3187 3008 3266 coelo,

904 3311 1021 3359 seu
1077 3297 1446 3379 presentem
1504 3292 1687 3370 coe10‚
1751 3313 1888 3356 non
1947 3299 2214 3379 propter
2271 3292 2396 3358 hoc
2459 3291 2668 3358 distat
2727 3314 2770 3357 a
2833 3297 3012 3358 terra

904 3395 1227 3462 distantia
1282 3395 1624 3482 corporali,
1684 3394 1840 3480 quia
1917 3399 2216 3481 respectu
2278 3395 2417 3481 ejus
2475 3394 2660 3460 nulla
2719 3401 2834 3473 est,
2895 3395 3010 3460 sed

904 3505 1203 3586 respectu
1248 3499 1551 3585 corporis,
1598 3501 1677 3562 ut
1720 3496 1930 3563 stellae
1975 3495 2046 3561 in
2091 3496 2254 3563 coelo
2298 3498 2704 3578 existentes3
2751 3502 2818 3562 et
2861 3495 3010 3562 ideo

905 3602 1174 3688 angelus
1250 3621 1538 3688 praesens
1598 3599 1761 3665 coelo
1821 3605 2042 3686 potest
2115 3600 2370 3687 operari
2445 3601 2516 3665 in
2589 3605 2786 3678 terra,
2841 3603 2914 3665 et
2973 3621 3010 3665 e

905 3725 1271 3784 convers03
1333 3707 1405 3769 et
1464 3724 1597 3768 non
1674 3706 1778 3767 est
1828 3701 1958 3767 nisi
2033 3703 2150 3767 ubi
2211 3707 2536 3789 operatur,
2599 3703 2772 3769 sicut
2846 3702 3012 3768 dicit

906 3806 1151 3892 positio
1210 3805 1665 3892 theologorum
1725 3802 2206 3891 praedictorum,
2261 3801 2370 3871 vel
2427 3827 2562 3872 non
2621 3806 2820 3871 debet
2877 3805 3008 3871 dici

907 3907 1148 3973 alicubi
1205 3927 1341 3972 esse
1398 3907 1529 3972 nisi
1588 3929 1703 3994 per
1781 3907 2240 3994 operationem,
2302 3908 2410 3974 vel
2471 3907 2646 3995 quod
2723 3909 3012 3996 operatio

906 4009 1050 4096 ejus
1108 4010 1197 4074 sit
1257 4009 1502 4074 alicubi
1558 4009 1634 4074 in
1692 4009 1858 4078 coelo
1917 4011 2028 4077 vel
2086 4011 2160 4075 in
2219 4016 2436 4092 terra3
2489 4013 2605 4079 sed
2663 4012 2802 4098 ejus
2861 4011 3011 4079 sub-

909 4111 1159 4178 stantia
1240 4133 1572 4197 nusquam
1657 4118 1758 4180 est
1832 4112 2131 4180 localiter
2201 4135 2318 4202 per
2391 4114 3014 4182 determinationem

908 4213 1185 4300 alicujus
1244 4213 1417 4295 loci;
1492 4215 1652 4302 quia
1708 4215 1912 4282 situm
1971 4238 2109 4282 non
2165 4217 2382 4283 habet.
2505 4215 2596 4282 Et
2655 4218 2806 4284 ideo
2864 4237 3012 4284 cum

906 4317 1179 4404 angelus
1254 4317 1452 4384 duxit
1524 4323 1595 4384 et
1667 4318 1940 4385 reduxit
2015 4318 2308 4399 Tobiam,
2361 4315 2652 4407 operatio
2727 4320 2867 4407 ejus
2943 4325 3014 4387 et

970 4676 985 4717 ¹
1016 4677 1247 4752 possunt]
1284 4681 1489 4750 possint,
1510 4679 1569 4737 Β.
2083 4685 2102 4719 ³
2127 4651 2312 4756 potest]
2349 4685 2548 4755 poterit,
2582 4685 2640 4744 B.-

972 4759 993 4797 ¹
1026 4761 1213 4831 aliquo]
1239 4763 1389 4818 modo
1418 4777 1518 4817 cm.
1545 4760 1605 4816 Τ.
2081 4769 2100 4800 ⁴
2135 4767 2212 4835 in]
2249 4783 2346 4822 om.
2371 4767 2433 4821 T:
