3517 5750
600 807 738 896 xn]
1378 823 1552 875 orus
1596 823 1916 876 resnou.
2570 807 2696 877 139

596 1000 825 1075 rectos,
872 999 951 1063 ut
994 1000 1219 1085 petet3
1264 1000 1379 1064 sed
1423 1000 1866 1087 quadraginta
1909 997 2136 1087 anguli
2178 1000 2344 1065 recti
2373 1020 2506 1065 non
2545 1004 2702 1065 sunt

598 1098 767 1163 circu.
808 1104 1126 1185 punctum
1170 1121 1391 1168 unum.
1472 1100 1607 1168 Sed
1636 1102 1835 1167 aliam
1865 1100 2298 1187 objectionem
2327 1123 2450 1189 ego
2494 1100 2703 1167 infero

598 1200 703 1265 hic
747 1201 1267 1284 validissimam;
1328 1208 1398 1269 et
1440 1203 1713 1269 videtur
1775 1203 1952 1289 quod
2009 1224 2250 1270 novem
2309 1204 2704 1271 octoccdron

596 1302 916 1389 impleant
956 1304 1171 1371 locum
1199 1330 1217 1387 ;
1262 1311 1332 1371 et
1372 1310 1477 1371 cst
1520 1305 1912 1373 octocedron
1969 1305 2180 1393 figura
2239 1310 2386 1373 octo
2443 1305 2704 1371 basium

595 1404 1121 1493 triangular-ium,
1212 1428 1361 1493 quse
1424 1413 1527 1475 est
1586 1430 1721 1475 una
1765 1407 1846 1475 de
1907 1408 2196 1495 quinque
2263 1408 2704 1497 corporalibus

597 1507 827 1594 figuris
870 1508 1157 1591 famosiS‚
1205 1531 1407 1594 quam
1450 1510 1735 1599 figuram
1780 1510 2168 1597 philosophi,
2192 1510 2518 1577 dederunt
2543 1510 2700 1576 aeri.

596 1609 666 1674 N
666 1632 775 1675 am
821 1612 1045 1697 anguli
1098 1634 1339 1678 novem
1385 1614 1469 1681 de
1514 1612 1774 1701 angulis
1819 1614 2204 1679 octocedron
2247 1635 2486 1679 novem
2546 1613 2703 1678 faci—-

594 1719 720 1778 unt
762 1714 1007 1800 viginti
1051 1726 1335 1799 quatuor
1376 1720 1587 1783 rectos
1616 1716 1930 1803 angulos;
1976 1716 2135 1801 quia
2163 1716 2443 1804 angulus
2472 1714 2700 1781 unius¹

594 1815 747 1881 talis
790 1822 1049 1883 constat
1094 1840 1180 1883 ex
1224 1818 1482 1884 duobus
1524 1818 1723 1883 rectis
1766 1818 2296 1905 superficialibus,
2329 1824 2400 1883 et
2447 1818 2702 1884 duobus

588 1919 807 1984 tertiis
852 1920 1049 1985 unius
1093 1921 1274 1987 recti.
1368 1920 1443 1987 Si
1488 1920 1699 2008 igitur
1760 1941 2001 1987 novem
2054 1921 2222 1987 tales
2289 1920 2702 2007 accipiantur

593 2025 793 2087 erunt
836 2022 1235 2103 octodecim3
1284 2028 1353 2089 ct
1395 2022 1455 2087 si
1498 2021 1727 2089 novies
1774 2023 1924 2088 duae
1977 2022 2196 2089 tertiae
2257 2023 2481 2087 minus
2527 2022 2700 2089 acci-

590 2123 863 2210 piantur
906 2124 1079 2189 fiunt
1146 2146 1264 2190 sex
1324 2123 1549 2211 anguli
1612 2124 1813 2201 recti3
1875 2124 2037 2209 quia.
2094 2129 2200 2189 ter
2257 2124 2408 2191 duae
2483 2123 2700 2191 tertiae

590 2224 845 2291 faciunt
888 2228 1052 2293 duos
1094 2232 1323 2293 rectos.
1420 2226 1847 2293 Manifestum
1897 2231 2000 2291 est
2041 2225 2249 2311 igitur
2307 2230 2378 2291 et
2434 2224 2702 2291 videtur

592 2328 771 2413 quod
814 2350 1051 2395 novem
1094 2329 1326 2417 angffli
1369 2330 1535 2395 tales
1578 2328 1833 2394 faciunt
1875 2327 2122 2415 viginti
2153 2332 2438 2415 quatuor
2466 2338 2696 2395 rectos.

592 2430 683 2496 Et
726 2436 952 2497 tamen
996 2429 1387 2499 Aristoteles
1431 2436 1502 2497 et
1532 2432 1860 2499 Averroe‘s
1903 2428 2223 2496 videntur
2266 2430 2480 2497 dicere
2524 2430 2700 2516 quod

588 2538 855 2601 tantum
918 2534 1123 2600 cubus
1184 2539 1257 2601 et
1317 2534 1614 2621 pyramis
1676 2534 1934 2621 replent
2007 2530 2236 2601 locum.
2359 2532 2433 2598 Si
2491 2532 2700 2621 igitur

589 2636 901 2723 dignetur
943 2641 1164 2703 vestra
1206 2636 1417 2724 gloria
1460 2636 1868 2703 considerare
1913 2656 2063 2722 quse
2108 2657 2284 2701 nunc
2341 2634 2572 2714 scrib0,
2621 2639 2692 2703 et

586 2737 661 2803 in
708 2736 930 2803 Primo
980 2738 1212 2826 Opere,
1256 2737 1557 2826 poteritis
1606 2736 1894 2803 conferre
1943 2758 2092 2803 cum
2141 2738 2320 2803 omni
2365 2742 2700 2825 geometro

590 2844 658 2907 et
714 2840 1026 2923 naturali,
1078 2847 1150 2908 et
1200 2839 1530 2906 neminem
1582 2838 1940 2906 invenietis
2000 2839 2114 2928 qui
2161 2839 2350 2908 vobis
2407 2838 2686 2908 resistet.

588 2943 983 3010 Adolescens
1042 2943 1309 3029 quidem
1377 2941 1568 3009 vobis
1626 2941 1699 3006 in
1757 2941 1864 3008 his
1921 2941 2227 3008 omnibus
2285 2943 2532 3030 poterit
2587 2965 2688 3010 re-

587 3045 922 3132 spondere,
999 3045 1156 3131 quia
1214 3043 1405 3110 docui
1464 3065 1617 3110 eum
1678 3043 1917 3124 omnia,
1971 3065 2122 3130 quae
2167 3051 2328 3111 sunt
2391 3045 2476 3110 de
2544 3045 2690 3111 istis

584 3146 1085 3234 figurationibus
1159 3166 1513 3233 corporum.
1604 3143 1738 3212 Sed
1804 3144 1938 3211 fere
2005 3144 2250 3233 viginti
2315 3147 2478 3212 anni
2535 3152 2691 3213 sunt
2714 3158 2886 3210 Bacon
2908 3161 3010 3214 had

586 3249 761 3336 quod
806 3249 914 3337 egi
956 3247 1173 3313 intra²
1219 3247 1543 3335 principia
1570 3243 1820 3312 multa⁸
1861 3245 2325 3332 magistrorum
2369 3267 2692 3312 novorum

2715 3226 2959 3294 carefully

2716 3294 2954 3344 attended

592 3351 674 3416 de
734 3351 857 3418 hac
900 3349 1221 3431 materia3
1282 3349 1395 3415 sed
1454 3349 1677 3415 nullus
1734 3369 2028 3434 unquam
2088 3347 2418 3412 inventus.
2461 3353 2562 3414 est
2618 3350 2692 3414 in
2715 3359 3024 3414 thelectures

592 3459 737 3520 tota
798 3453 1233 3520 universitate
1296 3451 1412 3538 qui
1478 3451 1800 3517 terminos
1865 3449 2040 3536 ipsos
2097 3447 2538 3536 intelligerem
2622 3454 2692 3515 et

2715 3425 2776 3474 of
2788 3425 2875 3476 the
2895 3443 3008 3479 new

2713 3492 2937 3544 tenebere
2957 3511 3025 3546 on

592 3554 742 3621 ideo
803 3555 1047 3642 pluries
1108 3553 1235 3620 feci
1297 3553 1645 3618 lectionem
1704 3549 2007 3638 magistri
2065 3549 2224 3615 novi
2283 3549 2365 3618 de
2410 3549 2688 3616 veritate
2712 3557 2814 3609 this
2835 3562 2952 3611 sub-

586 3679 787 3744 quam
832 3656 1222 3732 Aristoteles
1268 3659 1357 3748 et·
1382 3655 1708 3720 Averroe's
1754 3656 2044 3732 narrant,
2093 3673 2240 3718 cum
2285 3652 2690 3740 expositione

588 3758 1075 3842 vocabulorum,
1123 3762 1193 3824 et
1238 3749 1459 3823 tamen
1511 3755 1734 3822 nullus
1791 3753 2014 3841 potuit
2060 3753 2531 3842 disputationi⁴
2588 3779 2688 3822 re-

589 3881 751 4028 spol?
748 3860 869 4027 3151.
869 3883 1113 4049 epotest
1156 3959 1425 4048 quidem
1484 3958 1680 4047 plena
1738 3957 2064 4026 certitudo
2123 3955 2387 4027 haberi⁵
2446 3958 2530 4026 de
2586 3960 2690 4026 his

586 4062 718 4130 nisi
768 4065 937 4130 fiant
982 4085 1269 4152 corpora,
1300 4068 1370 4128 et
1414 4047 1782 4150 figurentur
1811 4063 2168 4129 secundum
2214 4064 2391 4152 quod
2421 4064 2690 4132 docetur

652 4491 667 4521 ¹
690 4490 860 4557 unius]
897 4505 1041 4552 unus,
1072 4491 1197 4544 LTa
1747 4489 1768 4519 ⁴
1779 4487 1944 4580 potuit
1977 4487 2319 4554 disputationi]
2356 4485 2679 4552 disputationi

646 4619 669 4652 ²
688 4621 847 4686 i’ml
884 4637 980 4673 ⁰¹¹¹·
1013 4621 1137 4674 ΒΦ·
1284 4615 1291 4621 ’
1679 4567 2209 4712 Ροξῗξηῗαηῑωαο
2250 4643 2445 4712 halam]
2503 4643 2678 4698 hnberi

648 4725 669 4758 ³
692 4725 863 4791 multa]
898 4742 998 4780 oma
1020 4727 1083 4780 T.
1680 4723 1829 4790 plena
1849 4723 2106 4788 certitudo,
2139 4723 2200 4776 Ta

2705 3623 2824 3688 ject.
