3517 5750
837 884 965 949 130
1600 894 1856 946 Romam
1903 894 2190 945 BAcoms
2763 875 2942 965 [CAR

834 1072 1207 1140 substantia
1266 1072 1564 1159 simplex,
1611 1072 1874 1137 diversa
1931 1072 2006 1137 in
2065 1070 2351 1137 essentia
2411 1092 2453 1135 a
2495 1068 2742 1137 forma:
2823 1068 2942 1135 sed

834 1178 941 1243 hic
984 1176 1295 1242 sumitur·
1312 1174 1591 1241 materia,
1634 1197 1753 1263 pro
1797 1174 2080 1261 quodam
2121 1172 2480 1260 composito
2521 1172 2938 1259 incompletO,

837 1279 1015 1365 quod
1060 1282 1162 1343 est
1206 1278 1489 1343 essentia,
1532 1276 1806 1361 alicujus
1857 1276 2131 1363 generis,
2180 1297 2326 1363 quae
2371 1280 2474 1341 eet
2516 1274 2593 1340 in
2633 1274 2940 1361 potentia

836 1380 925 1445 ad
988 1380 1229 1467 species
1292 1384 1774 1465 consequentes,
1866 1378 1963 1444 Et
2023 1378 2148 1444 hoc
2207 1377 2402 1443 modo
2463 1398 2716 1463 semper
2776 1376 2938 1442 acci-

836 1485 1021 1570 pitur
1078 1482 1359 1547 materia
1422 1502 1540 1568 per
1598 1485 1814 1547 totam
1873 1479 2244 1545 naturalem
2304 1478 2808 1566 philosophiam,
2873 1483 2943 1543 et

838 1583 1105 1671 quando
1171 1582 1503 1671 loquimur
1563 1584 1647 1649 de
1712 1580 2006 1669 subjecto
2073 1581 2538 1668 generationi8‚
2600 1578 2778 1666 quod
2839 1586 2942 1646 est

837 1686 1129 1753 materia..
1230 1686 1725 1773 Metaphysicus
1769 1706 1926 1751 vero
1971 1684 2340 1750 considerat
2383 1682 2810 1770 principalius
2856 1682 2938 1748 de

837 1788 955 1854 illa
1010 1789 1291 1854 materia.
1340 1788 1635 1874 simplici,
1682 1788 1840 1873 quia
1901 1787 1982 1853 de
2034 1786 2150 1851 ffla
2191 1785 2567 1852 verificatur
2611 1784 2779 1849 illud
2825 1782 2934 1849 in¹

840 1891 1121 1980 septimo
1214 1889 1704 1977 Metaphysicae,
1724 1888 1751 1927 ⁹
1829 1890 2004 1975 quod
2098 1887 2378 1955 materia,
2455 1887 2588 1953 alia.
2669 1892 2772 1953 est
2857 1888 2944 1952 ab

842 1996 1127 2061 essentia
1170 1993 1520 2079 cujuslibet
1562 1992 1994 2079 praedicabilis
2024 2014 2039 2071 3
2107 1997 2178 2058 et
2221 1991 2437 2056 multa.
2479 1992 2630 2057 alia.

512 2120 624 2171 The
938 2096 1130 2178 Quod
1184 2118 1338 2162 vero
1401 2096 1794 2161 Aristoteles
1860 2094 2022 2160 dicit
2070 2100 2304 2181 quarto
2351 2092 2830 2180 Physicorum,³
2875 2098 2945 2159 et

509 2183 791 2308 32²}ssng
846 2199 1009 2265 alibi
1055 2198 1455 2275 multotien8‚
1504 2198 1680 2284 quod
1732 2198 2011 2263 materia.
2037 2197 2512 2262 contrariorum
2567 2202 2668 2261 est
2711 2195 2942 2261 eadem

847 2324 1138 2383 numero,
1184 2306 1265 2367 ut
1306 2299 1501 2367 calidi
1546 2304 1617 2364 et
1658 2300 1897 2387 frigidi,
1927 2300 2061 2364 rari
2091 2304 2161 2365 et
2191 2298 2394 2376 densi,
2425 2300 2596 2385 ignis
2629 2304 2698 2364 et
2727 2304 2938 2377 terrae,

850 2411 919 2471 et
976 2406 1068 2470 sic
1135 2403 1217 2469 de
1280 2402 1469 2483 aliis;
1543 2406 1613 2467 et
1688 2401 1865 2488 quod
1939 2406 2415 2467 commentator
2485 2401 2812 2467 Averroes
2877 2400 2951 2465 in

847 2506 1191 2573 undecimo
1268 2504 1741 2590 Metaphysicae
1817 2503 1994 2581 dicit,
2057 2502 2235 2590 quod
2303 2506 2580 2569 materia
2649 2510 2750 2569 est
2815 2524 2953 2568 una

844 2630 1131 2687 numero,
1209 2605 1717 2693 intelligendum
1805 2611 1907 2672 est
1981 2606 2064 2671 de
2137 2606 2433 2684 materia,
2520 2606 2691 2673 sicut
2775 2628 2952 2673 nunc

843 2712 1095 2777 dictum
1147 2714 1248 2775 est
1276 2734 1292 2789 ;
1353 2708 1509 2794 quia
1552 2728 1761 2793 genus
1805 2716 2082 2774 vocatur
2111 2708 2221 2773 hic
2265 2708 2562 2775 materia.
2655 2708 2748 2773 Et
2780 2709 2954 2773 sicut

840 2834 1049 2880 unum
1122 2832 1329 2898 genus
1402 2832 1692 2891 numero,
1757 2814 1827 2878 et
1901 2832 2035 2876 non
2111 2810 2316 2897 plura,
2379 2810 2746 2897 subjectum
2807 2815 2910 2876 est
2925 2808 2951 2846 ⁴

842 2917 1097 2982 duobus
1158 2913 1545 2992 contrarii53
1630 2913 1723 2978 sic
1783 2917 1958 2980 certe
2035 2933 2172 2978 una
2244 2915 2538 2992 materia,
2610 2935 2762 2998 quae
2829 2912 2952 2978 sci-

839 3019 993 3084 licet
1038 3022 1139 3084 est
1184 3015 1463 3082 essentia.
1512 3016 1691 3080 illius
1737 3016 2012 3102 generi&
2062 3020 2166 3080 est
2181 3012 2210 3052 ⁶
2255 3017 2328 3080 in
2372 3014 2676 3103 potentia
2721 3014 2810 3080 ad
2853 3015 2952 3079 di-

840 3143 1059 3187 versas
1118 3120 1381 3206 speciest,
1450 3141 1597 3205 quae
1659 3118 1890 3184 formae
1957 3109 2295 3184 vocantur.
2407 3117 2542 3184 Sed
2607 3139 2755 3184 cum
2807 3117 2952 3183 dico

840 3245 1045 3289 unum
1098 3245 1304 3310 genus
1358 3241 1646 3298 numer0,
1694 3242 1832 3285 non
1876 3225 1979 3286 est
2023 3225 2291 3306 propter
2357 3219 2480 3286 hoc
2524 3219 2776 3305 aliquid
2819 3219 2952 3284 sin-

840 3327 1081 3413 gulare,
1155 3323 1335 3410 quod
1396 3329 1499 3389 est
1566 3343 1721 3388 vere
1781 3343 1992 3386 unum
2035 3343 2327 3402 numero,
2375 3328 2456 3387 ut
2501 3321 2802 3387 Socrates
2847 3320 2956 3386 vel

847 3429 1040 3494 Plato
1083 3451 1098 3508 ;
1190 3426 1307 3492 sed
1350 3431 1451 3491 est
1494 3445 1633 3490 una,
1703 3424 1988 3490 essentia
2033 3424 2322 3510 generis,
2391 3429 2461 3489 et
2521 3445 2659 3489 non
2719 3422 2956 3509 plures.

848 3531 1065 3608 Unde,
1142 3528 1497 3594 secundum
1575 3527 1751 3614 quod
1815 3547 2026 3591 unum
2099 3547 2372 3592 numero
2448 3526 2734 3592 sumitur
2751 3522 2778 3562 ⁰
2837 3545 2957 3611 pro

843 3632 1178 3718 singulari,
1226 3635 1295 3696 et
1338 3651 1549 3696 unum
1594 3629 1806 3716 specie
1867 3633 1937 3694 et
1998 3649 2210 3694 unum
2269 3649 2506 3715 genere
2567 3627 2958 3693 dividuntur

848 3736 933 3798 ab
962 3733 1262 3811 invicem,
1293 3732 1387 3796 sic
1416 3753 1551 3796 non
1580 3735 1682 3796 est
1711 3753 1921 3818 genus
1951 3753 2158 3795 unum
2188 3753 2480 3796 numero,
2567 3730 2702 3796 Sed
2731 3735 2958 3796 tamen

844 3857 1052 3900 unum
1082 3855 1289 3920 genus
1332 3854 1467 3897 non
1512 3838 1613 3898 est
1656 3834 1849 3920 plura
1891 3854 2134 3921 genera.
2179 3833 2537 3899 secundum
2567 3855 2956 3912 numerum3

844 3942 913 4002 et
1000 3935 1148 4000 ideo
1244 3934 1487 4000 dicitur
1578 3957 1787 4000 unum
1872 3957 2080 4022 genus
2175 3957 2468 4015 numere,
2547 3957 2684 4001 non
2746 3956 2956 3999 unum

844 4059 1119 4104 numero
1136 4035 1161 4074 ⁷
1206 4036 1520 4102 absolute.
1612 4036 1680 4101 N
1682 4059 1792 4102 am
1857 4060 2005 4103 cum
2051 4039 2198 4104 dico
2242 4039 2317 4102 in
2377 4038 2500 4103 hoc
2544 4036 2685 4103 loco
2747 4057 2954 4101 unum

842 4163 1051 4228 genus
1116 4137 1433 4219 numerO,⁸
1497 4139 1619 4205 hoc
1684 4139 1863 4225 quod
1938 4140 2082 4206 dico
2147 4162 2368 4226 yenuo
2431 4145 2533 4206 est
2581 4138 2956 4205 differentia

848 4243 1219 4309 distrahens
1262 4263 1473 4306 unum
1518 4262 1791 4308 numero
1835 4265 1878 4307 a
1921 4265 2040 4308 sua
2083 4243 2342 4309 ratione
2371 4243 2729 4309 secundum
2776 4239 2954 4328 quod

911 4473 924 4502 ¹
952 4468 1031 4535 in]
1070 4484 1168 4520 om.
1204 4469 1265 4518 T.

907 4551 928 4582 ²
950 4547 1333 4614 Memphysicoe]
1372 4561 1471 4598 om.
1504 4546 1566 4596 L.
1596 4547 1653 4595 T.
1673 4547 1733 4596 B.

907 4632 929 4661 ⁸
948 4627 1289 4693 Pkyea'corum]
1326 4641 1433 4691 cap.
1469 4623 1539 4676 ix.
1614 4624 1709 4677 See
1742 4624 1847 4675 also

843 4710 997 4775 Phys.
1021 4707 1054 4759 i.
1079 4713 1128 4758 4.

907 4789 927 4818 ⁴
943 4787 1203 4853 subjectum
1224 4783 1321 4850 est]
1348 4791 1425 4835 est
1440 4784 1734 4850 subiectum,
1763 4783 1823 4834 T.

2020 4469 2038 4496 ⁵
2061 4467 2156 4533 ese]
2197 4483 2301 4528 ens,
2336 4467 2398 4517 T.
2427 4467 2486 4518 B.
2523 4481 2624 4516 cor.
2647 4473 2731 4516 est.

2014 4546 2035 4575 ⁰
2053 4547 2302 4612 sumitur]
2327 4562 2424 4597 om.
2459 4546 2520 4596 B.

2013 4625 2031 4652 ¹¹
2054 4641 2148 4674 non
2181 4642 2328 4676 unum
2363 4627 2582 4693 numero]
2609 4639 2822 4676 numero
2852 4639 2956 4676 non

1947 4719 2120 4767 unum,
2158 4705 2218 4756 Τ.

2011 4785 2032 4815 ⁸
2054 4783 2270 4852 numero]
2307 4799 2406 4838 om.
2441 4783 2504 4836 Τ.
