3517 5750
534 1274 725 1341 Utility
746 1274 807 1325 of

532 1342 821 1395 arithmetie

534 1410 614 1459 for
633 1409 721 1459 the

533 1490 671 1525 same
692 1490 811 1541 pur-

534 3759 612 3811 Of
624 3757 797 3810 music.

872 868 1003 933 228
1566 853 1587 875 ‘
1622 880 1876 931 nosset
1923 881 2215 933 mcoms
2797 868 2978 955 [car.

870 1054 1327 1143 adaptationes
1414 1056 1844 1143 geometricas
1933 1056 2246 1125 brevibus
2325 1062 2552 1145 tango,
2615 1064 2685 1125 et
2774 1059 2978 1125 innuo

870 1180 1166 1245 majores.

962 1262 1055 1327 Et
1098 1266 1247 1349 post
1310 1262 1452 1329 haec
1476 1258 1499 1301 ¹
1564 1262 1856 1329 docendo
1903 1266 2302 1349 potestatem
2363 1283 2786 1329 numerorum
2859 1284 2984 1350 pro

869 1364 1300 1431 arithmetica.
1412 1364 1589 1445 Quia
1664 1364 2081 1451 Augustinus
2144 1364 2306 1431 dicit
2381 1366 2557 1451 quod
2633 1366 2718 1433 ad
2785 1365 2976 1431 Divi—

868 1488 1107 1533 narum
1152 1466 1651 1555 Scripturarum
1696 1466 2140 1555 cognitionem
2191 1488 2385 1533 nemo
2429 1468 2630 1534 debet
2675 1468 2978 1535 accedere

870 1570 1009 1636 sine
1040 1570 1345 1657 potentia
1374 1568 1848 1635 numerorum.8
1937 1569 2031 1637 Et
2073 1569 2288 1656 primo
2331 1570 2608 1637 ostendo
2653 1570 2978 1658 quomodo

870 1678 1157 1759 quatuor
1185 1670 1399 1737 modis
1430 1676 1591 1737 sunt
1618 1672 1880 1739 numeri
1919 1672 2304 1739 necessarii:
2353 1693 2632 1758 quorum
2663 1696 2836 1741 unus
2877 1679 2981 1740 est

870 1779 1141 1863 propter
1182 1772 1545 1841 falsitatem
1590 1774 1844 1841 Textus
1885 1773 2069 1841 Sacri
2103 1775 2553 1861 corrigendam
2574 1774 2630 1857 3³
2673 1782 2746 1843 et
2774 1776 2980 1864 pono⁴

870 1876 1171 1965 exempla
1212 1877 1295 1943 de
1336 1876 1475 1943 hoe.
1570 1876 1663 1943 Et
1692 1882 1921 1965 postea
1965 1880 2170 1963 tango
2213 1878 2544 1965 quomodo
2587 1878 2979 1945 medietates

870 1986 1021 2061 tros,
1070 2002 1232 2067 ques
1294 1980 1666 2047 considerat
1728 1980 2202 2061 arithmeticus,
2245 1981 2668 2067 reperiuntur
2711 1982 2782 2046 in
2859 1980 2976 2046 Di-

870 2085 1047 2151 vinis
1114 2082 1494 2170 Scripturis,
1556 2083 1639 2149 de
1684 2083 1927 2169 quibus
1943 2080 1972 2120 ⁶
2015 2082 2308 2170 theologi
2353 2088 2425 2149 et
2468 2083 2766 2150 doctores
2809 2085 2978 2150 sacri

870 2191 1309 2278 negotiantur.
1424 2189 1682 2255 Deinde
1726 2189 1884 2277 quia
1929 2193 2158 2256 textus
2201 2195 2272 2256 et
2312 2190 2708 2276 quaestiones
2723 2186 2752 2227 ⁶
2795 2190 2978 2257 theo-

868 2294 1065 2380 logiae
1140 2294 1423 2359 multum
1491 2296 1781 2359 utuntur
1855 2291 2249 2373 coelestibuS‚
2316 2299 2387 2358 et
2458 2292 2825 2380 loquuntur
2897 2295 2978 2359 de

869 2395 1223 2461 altitudine
1290 2395 1619 2472 coelorum,
1676 2400 1745 2461 et
1811 2395 1892 2459 de
1961 2416 2188 2461 eorum
2263 2400 2333 2461 et
2409 2394 2748 2461 stellarum
2823 2398 2982 2482 spis-

868 2498 1163 2565 situdine
1231 2503 1301 2563 et
1361 2496 1838 2584 magnitudine,
1921 2501 1990 2564 et
2063 2518 2198 2562 non
2267 2501 2540 2583 possunt
2615 2498 2756 2565 haec
2829 2499 2978 2563 sciri

868 2602 997 2669 nisi
1064 2623 1183 2689 per
1244 2622 1553 2687 magnam
1621 2622 2043 2667 numerorum
2109 2604 2528 2687 potestatem,
2582 2600 2729 2669 ideo
2789 2602 2977 2689 posui

869 2705 1118 2770 radices
1164 2703 1335 2769 circa
1380 2704 1535 2781 haec,
1583 2708 1653 2769 et
1698 2702 1988 2769 extraho·
2019 2703 2214 2769 flores
2258 2708 2330 2769 et
2372 2702 2637 2770 fructus.

960 2805 1051 2871 Et
1096 2804 1237 2871 haec
1259 2803 1283 2842 ⁷
1336 2812 1437 2871 est
1510 2804 1855 2872 distinctio
1929 2826 2186 2893 magna,
2257 2810 2328 2871 et
2402 2806 2608 2893 digna
2669 2806 2862 2873 valde
2907 2812 2978 2872 et

869 2907 1158 2996 pulchra,
1206 2929 1409 2992 quam
1472 2909 1690 2972 omnis
1750 2909 1948 2974 homo
2015 2909 2285 2974 deberet
2353 2908 2592 2974 habere
2659 2932 2792 2996 prae
2839 2933 2976 2974 ma-

868 3012 1076 3076 nibus.
1200 3009 1375 3074 Nam
1420 3010 1752 3076 mirabilia.
1798 3012 1926 3077 Dei
1993 3015 2064 3076 et
2127 3017 2386 3078 naturae
2453 3034 2673 3078 rerum
2749 3014 2978 3078 mundi

870 3113 1379 3178 manifestantur
1422 3135 1541 3198 per
1586 3113 1724 3179 hoc.
1819 3115 1912 3179 Et
1957 3113 2052 3179 ibi
2099 3119 2200 3180 est
2259 3115 2588 3180 certitudo
2633 3113 2973 3181 sufficiens,

868 3217 1003 3282 Sed
1075 3215 1265 3280 labor
1336 3237 1619 3303 magnus
1690 3215 1823 3286 fuit
1897 3215 1970 3282 in
2043 3216 2495 3296 certificando,‘
2549 3223 2619 3283 et
2671 3239 2979 3304 expensae

870 3322 1113 3391 multae.

1734 3562 1896 3628 CAP.
1945 3559 2126 3627 LIX.

958 3744 1135 3810 POST
1176 3745 1299 3810 hoc
1346 3746 1543 3832 tetigi
1600 3744 1966 3810 utilitatem
2019 3743 2284 3811 musicae
2329 3745 2400 3809 in
2454 3745 2796 3832 Scriptura
2831 3769 2847 3826 ;
2905 3751 2976 3811 et

864 3847 1077 3910 sancti
1136 3868 1269 3911 non
1329 3851 1603 3934 possunt
1662 3847 1894 3912 satiari
1955 3849 2036 3912 de
2095 3847 2289 3913 laude
2357 3847 2624 3914 musicae
2681 3853 2976 3935 respectu

866 3947 1217 4033 theologiae
1306 3955 1376 4015 et
1462 3949 1824 4036 Scripturas
1899 3949 2119 4015 Sacrae
2201 3949 2667 4036 intelligendae.
2795 3950 2970 4016 Nam

864 4050 1222 4115 secundum
1268 4050 1445 4136 quod
1496 4052 1768 4138 exposui
1833 4051 1902 4116 in
1967 4052 2182 4138 Opere
2245 4051 2498 4137 Majori‚
2561 4051 2975 4138 Augustinus

864 4151 1035 4218 libro
1094 4151 1713 4234 Retrmtationum?
1773 4157 1843 4220 et
1904 4154 2016 4219 Ad
2077 4151 2495 4235 Homerum‚⁰
2557 4158 2628 4220 et
2691 4155 2974 4221 secundo

933 4431 947 4462 ¹
972 4429 1101 4497 laec]
1138 4445 1236 4482 om.
1261 4431 1323 4482 Τ.
2032 4431 2053 4459 ⁸
2075 4437 2233 4480 tea-m
2254 4437 2301 4480 et
2331 4429 2639 4496 quoestn‘ones]
2674 4431 2972 4498 questiones

928 4512 951 4540 ²
970 4513 1291 4578 nummus]
1320 4511 1401 4563 De
1421 4509 1607 4564 Libero
1622 4510 1868 4574 Arbitrio,
1965 4517 2017 4563 et
2047 4517 2230 4570 textus,
2253 4510 2315 4560 Τ.

862 4591 915 4640 ii.
945 4595 1023 4641 12.
1048 4592 1123 4655 (ἲ)
2031 4591 2051 4618 ’
2071 4589 2200 4654 hcc]
2237 4589 2338 4650 hic,
2371 4589 2436 4640 B.
2461 4589 2522 4640 Τ.

929 4669 949 4699 ¹
969 4669 1321 4737 eoeriqendam]
1360 4671 1659 4738 corrigendi,
1680 4671 1741 4722 B.
2027 4671 2048 4699 ⁸
2071 4668 2518 4736 Rev-actationum]
2553 4669 2585 4719 i.
2613 4674 2688 4720 11.

928 4749 947 4777 ⁴
963 4747 1120 4814 pono]
1158 4765 1355 4815 ponam,
1390 4751 1453 4802 T.
2029 4749 2049 4778 ⁹
2071 4746 2158 4797 Ad
2211 4747 2496 4813 Homerum]
2568 4747 2824 4814 Probably
2883 4749 2972 4800 the

930 4828 950 4856 ⁸
968 4825 1167 4892 quibus]
1207 4843 1307 4893 qua
1355 4828 1415 4881 Τ.
1439 4831 1497 4882 Β.
1965 4829 2138 4894 epistle
2161 4827 2220 4880 ci.
2245 4829 2309 4878 ad
2331 4827 2648 4880 Memorium.
