3517 5750
584 926 685 1010 11.]
1252 941 1713 991 commolunt
1760 940 2012 990 srunn.
2557 928 2684 989 405

580 1138 793 1183 errore
861 1117 947 1181 ab
1010 1116 1157 1203 ipsa
1220 1117 1599 1197 nativitate,
1659 1118 1760 1183 ita
1818 1116 1996 1203 quod
2065 1119 2266 1185 etiam
2330 1137 2478 1183 cum
2545 1138 2690 1203 per-

580 1220 770 1284 venit
814 1220 901 1285 ad
946 1240 1153 1284 annos
1198 1217 1625 1298 discretioniS,
1672 1224 1742 1285 et
1803 1218 2068 1285 deberet
2130 1220 2233 1285 uti
2292 1219 2568 1299 ratione,
2617 1224 2687 1284 et

578 1322 802 1388 vivere
875 1320 949 1386 in
1038 1320 1343 1387 omnibus
1430 1321 1788 1387 secundum
1861 1321 2037 1387 vires
2125 1322 2280 1408 ejus,
2355 1326 2684 1407 repugnat

579 1423 761 1489 omni
827 1422 1074 1489 rationi
1140 1424 1311 1489 sicut
1376 1424 1649 1489 brutum
1724 1423 2024 1503 anima13
2099 1425 2196 1491 ita
2271 1423 2445 1510 quod
2513 1423 2682 1488 nihil

576 1526 963 1613 sapientiale
1026 1547 1481 1611 quaereremus,
1544 1526 1672 1591 nisi
1730 1529 2036 1613 parentes
2104 1531 2173 1593 et
2247 1525 2546 1613 magistri
2612 1530 2682 1590 et

577 1630 797 1695 caeteri
840 1628 1118 1716 majores
1161 1650 1281 1693 nos
1326 1633 1633 1715 cogerent
1676 1628 1764 1693 ad
1807 1628 1953 1693 vias
1998 1628 2254 1715 aliquas
2296 1627 2680 1715 sapientiae3

578 1736 649 1795 et
737 1736 883 1795 tum
980 1732 1079 1795 ita
1166 1730 1441 1797 rebelles
1514 1752 1759 1813 sumus,
1851 1731 2029 1816 quod
2119 1738 2236 1796 aut
2325 1730 2494 1795 nihil
2561 1735 2681 1795 aut

576 1855 809 1919 parum
882 1832 1259 1919 proficimus
1333 1832 1507 1898 infra
1580 1832 1862 1919 triginta
1949 1834 2196 1919 primos
2269 1854 2492 1899 annos.
2586 1833 2681 1897 Et

576 1940 737 2001 tunc
779 1936 977 2022 longa
1020 1934 1497 2001 consuetudine
1544 1934 1782 2001 erroris
1825 1939 1896 2001 et
1938 1936 2338 2023 ignorantiae
2401 1957 2481 2001 ea
2528 1957 2678 2021 quae

576 2037 863 2102 maxime
928 2039 1156 2103 valent
1202 2042 1635 2105 contemnunt
1695 2037 2012 2119 homines,
2081 2043 2150 2103 et
2217 2038 2388 2103 circa
2433 2037 2682 2101 cineres
2809 2040 2818 2051 “

575 2144 645 2204 et
706 2140 1067 2227 egestiones
1150 2138 1507 2226 sapientise,
1564 2144 1635 2205 et
1708 2138 1974 2205 delicias
2033 2138 2196 2205 vitae
2259 2137 2540 2205 carnalis
2609 2143 2681 2203 et

576 2241 847 2307 divitias
890 2248 1309 2328 occupantur.
1402 2242 1551 2307 Hoc
1610 2241 2157 2329 impedimentum
2204 2246 2515 2307 causatur
2559 2262 2678 2329 per
2704 2256 2934 2325 Original

574 2344 893 2431 originale
956 2350 1313 2432 peccatum,
1384 2365 1515 2430 quo
1573 2344 2050 2431 corrumpimur
2102 2350 2172 2410 et
2222 2345 2674 2431 depravamur,
2699 2323 2932 2444 {2233

571 2447 742 2512 sicut
786 2447 982 2512 debet
1042 2447 1302 2512 credere
1368 2446 1667 2532 quilibet.
1791 2446 1926 2513 Sed
1987 2446 2144 2532 quia
2204 2447 2506 2512 naturale
2575 2452 2678 2512 est
2699 2458 2838 2535 tineae
2853 2458 3012 2525 impe-

570 2548 695 2614 hoc
755 2548 1315 2636 impedimentum,
1372 2552 1441 2613 et
1506 2571 1851 2615 commune
1914 2550 2232 2628 omnibus,
2281 2553 2350 2615 et
2411 2549 2485 2614 in
2554 2550 2678 2615 hoc
2700 2526 2928 2577 (lamenta.

570 2651 713 2716 nati
759 2656 829 2717 et
887 2651 1128 2717 nutriti
1195 2674 1435 2728 sumus,
1500 2652 1650 2717 ideo
1712 2650 2110 2745 negligimus
2171 2656 2242 2717 et
2303 2673 2438 2717 non
2500 2675 2676 2739 quae-

570 2754 777 2819 rimus
842 2754 1149 2835 remedia,
1210 2754 1381 2819 sicut
1444 2754 1637 2820 nobis
1700 2757 1873 2818 esset
1931 2754 2004 2818 in
2055 2754 2178 2819 hac
2223 2760 2410 2841 parte
2455 2776 2674 2820 neces-

572 2857 831 2922 sarium.
967 2855 1373 2922 Deberemus
1452 2855 1630 2922 0111111
1698 2855 1922 2922 dolere
1996 2860 2068 2921 et
2143 2856 2452 2944 plangere
2523 2879 2672 2923 cum

573 2960 972 3046 philosophis
1038 2959 1348 3044 antiquis,
1396 2958 1769 3024 dicentibus
1829 2959 2004 3044 quod
2054 2960 2512 3046 multipliciter
2572 2964 2676 3025 est

570 3067 809 3127 natura
849 3061 1134 3128 hominis
1186 3061 1425 3126 ancilla
1467 3065 1537 3126 et
1580 3060 1836 3142 misera,
1882 3066 1962 3126 ut
2005 3060 2394 3127 Aristoteles
2445 3061 2678 3127 scribit

570 3165 641 3228 in
686 3165 899 3251 primo
948 3163 1439 3250 Metaphysicae.
1535 3163 1628 3228 Et
1694 3162 1770 3226 in
1823 3162 2147 3248 principio
2193 3163 2461 3228 secundi
2509 3163 2672 3228 dicit

571 3267 749 3354 quod
808 3265 1179 3332 intellectus
1259 3264 1544 3331 hominis
1604 3264 1810 3331 habet
1873 3286 1944 3330 se
2011 3265 2098 3330 ad
2171 3286 2250 3329 ea
2301 3287 2450 3352 quoe
2511 3271 2675 3330 sunt

570 3368 1101 3435 manifestissima
1188 3368 1261 3432 in
1334 3389 1454 3434 sua
1526 3371 1783 3446 natura,
1860 3367 2032 3432 sicut
2113 3366 2338 3440 oculus
2412 3389 2671 3457 vesper-

570 3471 819 3536 tilionis
862 3472 951 3537 ad
993 3472 1205 3537 lucem
1244 3468 1441 3535 solis.¹
1534 3469 1625 3534 Et
1677 3469 1751 3532 in
1811 3469 2108 3556 septimo,
2154 3470 2331 3554 quod
2383 3491 2462 3534 ea
2520 3492 2672 3555 quse

570 3579 727 3639 sunt
777 3573 1084 3639 maximae
1159 3570 1552 3660 cognitionis
1603 3569 1962 3636 secundum
2023 3593 2109 3652 se,
2161 3576 2319 3636 sunt
2376 3572 2671 3638 minimae

568 3675 961 3763 cognitionis
1018 3675 1198 3762 apud
1260 3695 1397 3754 1100,
1458 3677 1529 3738 01,
1587 3695 1624 3738 0
1683 3679 1924 3739 contra.
2035 3673 2128 3738 Et
2193 3672 2537 3738 Avicenna
2597 3675 2672 3739 in

568 3798 744 3845 nono
831 3777 1301 3866 Metaphysicae
1375 3775 1557 3854 dicit,
1616 3775 1796 3863 quod
1862 3775 2237 3842 intellectus
2300 3781 2527 3842 noster
2601 3797 2672 3842 se

568 3880 769 3947 habet
831 3881 917 3946 ad
978 3881 1268 3946 maxime
1334 3878 1605 3960 scibilia,
1674 3879 1847 3945 sicut
1913 3879 2152 3946 surdus
2208 3899 2250 3944 a
2310 3878 2670 3946 nativitate

566 3983 653 4048 ad
713 3982 1213 4050 delectationem
1286 3981 1692 4062 harmoniae3
1767 3979 1907 4048 haec
1973 3985 2194 4047 autem
2269 3987 2428 4048 sunt
2486 3981 2668 4048 Deus

563 4084 721 4172 ipse,
766 4088 836 4150 et
878 4084 1114 4172 angeli,
1162 4088 1233 4149 et
1274 4083 1489 4149 beatae
1533 4083 1790 4164 animae,
1823 4087 1892 4148 et
1933 4082 2079 4148 vita
2121 4088 2386 4166 aeterna,
2423 4088 2492 4150 et
2535 4084 2670 4150 vir-

567 4191 761 4265 tute8‚
806 4191 877 4253 et
926 4187 1161 4274 gratia,
1224 4190 1294 4251 et
1364 4185 1703 4272 sapientia,
1769 4189 1838 4250 et
1899 4185 2248 4266 daemones,
2291 4190 2361 4250 et
2427 4186 2669 4252 animae

566 4289 911 4368 damnatae,
994 4287 1307 4366 infernus,
1383 4286 1860 4373 purgatorium,
1931 4292 2199 4372 peccata
2255 4287 2666 4374 ignorantiae,

565 4394 636 4455 et
689 4411 953 4457 errores,
1074 4391 1243 4458 Haec
1298 4392 1520 4454 autem
1590 4393 1749 4454 sunt
1817 4387 1993 4452 bona
2049 4393 2120 4454 et
2180 4388 2354 4455 mala
2423 4394 2662 4455 nostra.

567 4491 731 4558 Haec
775 4498 1000 4560 autem
1062 4497 1224 4559 sunt
1282 4488 1671 4577 dignissima
1729 4488 2266 4570 consideratione,
2319 4495 2389 4554 et
2437 4511 2669 4556 secun-

562 4593 723 4660 dum
788 4616 863 4662 se
924 4599 1087 4662 sunt
1136 4591 1503 4673 manifesta,
1566 4591 1681 4660 sed
1743 4590 2098 4656 infirmitas
2163 4591 2457 4658 humana
2522 4597 2668 4662 tur-

1360 4817 1373 4847 ¹
1396 4813 1539 4884 solis]
1568 4831 1733 4882 supra,
1754 4831 1801 4881 p.
1829 4819 1874 4866 6.
