3517 5750
865 899 994 962 566
1035 963 1046 972 ,
1673 907 2031 958 Arrmtmx
2076 909 2149 957 11.

861 1093 1068 1166 centa,
1117 1091 1196 1153 ut
1236 1085 1336 1152 ita
1375 1085 1626 1172 loquar,
1671 1085 1929 1174 generis
1970 1081 2171 1168 hujus
2238 1079 2635 1162 testimonia,
2682 1102 2831 1167 quae
2875 1083 2965 1148 ad

861 1211 1188 1256 summum
1231 1187 1680 1273 imperfectam
1728 1184 2209 1252 divinationem
2268 1185 2682 1270 permittunt,
2728 1183 2965 1250 afferre

861 1313 1236 1380 possemus3
1281 1291 1397 1355 sed
1442 1289 1666 1354 omnia
1710 1289 1985 1354 recitare
2028 1286 2313 1374 longum.
2405 1285 2702 1350 Sufficiat
2744 1291 2959 1350 osten-

861 1393 1032 1458 disse
1116 1393 1444 1458 Baoonem
1507 1391 1793 1456 multum
1858 1391 2125 1476 quidem
2188 1387 2442 1454 dedisse
2505 1388 2959 1467 astronomiae3

861 1495 974 1560 sed
1017 1493 1188 1558 1111111
1231 1493 1520 1580 profecto
1556 1491 1857 1578 judiciali
1904 1491 2293 1578 astrologiae.

953 1595 1132 1677 Quid
1185 1596 1330 1682 jam
1393 1596 1476 1660 de
1521 1593 1883 1684 Augustini
1948 1591 2331 1658 testimonio
2376 1591 2709 1656 dicemus?
2795 1591 2966 1655 Tan-

863 1704 1010 1764 tum
1066 1697 1268 1774 abest,
1313 1701 1394 1762 ut
1453 1695 1859 1783 palinodiam
1924 1715 2251 1775 canamus,
2296 1694 2461 1780 quin
2526 1694 2747 1779 potius
2811 1715 2961 1758 con-

862 1803 1196 1866 firmemus
1239 1821 1318 1864 ea
1361 1819 1508 1884 quae
1551 1819 1670 1885 pro
1725 1800 1914 1884 justa
1958 1797 2235 1862 Baconis
2303 1795 2679 1860 defensione
2739 1800 2964 1860 nostro

861 1903 938 1967 in
1003 1901 1272 1988 prologo
1339 1898 1730 1985 scripsimus.
1827 1899 1929 1966 Ut
1996 1920 2146 1964 eum
2188 1898 2567 1984 Augustino
2632 1897 2965 1963 Baeonem

864 2001 1210 2070 convenire
1324 2002 1936 2078 demonstraremus,
2027 2000 2151 2066 hoc
2238 1999 2603 2086 Augustini
2712 1999 2966 2064 dictum

863 2103 1326 2192 usurpavimus
1369 2125 1454 2169 ex
1483 2103 1592 2168 lib.
1639 2103 1706 2168 11.
1743 2102 1847 2168 Ι)0
1878 2101 2198 2168 Doctrina
2229 2101 2627 2180 Christiana,
2656 2123 2793 2187 cap.
2825 2101 2959 2166 29:

889 2207 1254 2272 ‘Siderum
1301 2205 1899 2292 cognoscendorum
1962 2225 2099 2270 non
2165 2203 2477 2282 narrati0‚
2524 2204 2640 2268 sed
2701 2203 2964 2268 demon-

867 2313 906 2345 “
951 2307 1188 2374 stratio
1234 2313 1351 2387 est,
1400 2327 1678 2392 quorum
1725 2327 2048 2393 perpauca
2100 2306 2442 2393 Scriptura
2484 2312 2963 2371 commemorat-

1162 2457 1178 2475 .
1225 2409 1454 2474 Habet
1519 2414 1742 2474 autem
1807 2413 2049 2495 praeter
2110 2409 2733 2474 demonstrationem
2800 2429 2965 2494 pree-

869 2518 906 2548 “
951 2512 1254 2590 sentium,
1304 2511 1506 2577 etiam
1559 2511 2047 2597 praeteritorum
2114 2509 2482 2576 narrationi
2526 2508 2741 2574 simile
2784 2509 2961 2596 quid,

869 2621 905 2650 “
951 2615 1126 2700 quod
1171 2635 1214 2678 a
1279 2613 1592 2700 praesenti
1657 2611 1987 2699 positione
2052 2616 2365 2698 motuque
2428 2611 2735 2689 siderum,
2780 2617 2851 2677 et
2890 2612 2965 2676 in

867 2723 905 2753 “
950 2717 1290 2802 praeterita
1333 2737 1556 2780 eorum
1602 2714 1901 2801 vestigia,
1946 2713 2337 2800 regulariter
2402 2714 2560 2780 lieet
2618 2735 2958 2780 recurrere.

867 2825 906 2854 “
953 2819 1183 2885 Habet
1248 2816 1449 2883 etiam
1513 2817 1889 2883 futurorum
1956 2817 2287 2905 regulares
2346 2816 2767 2903 conjecturas,
2828 2837 2963 2881 non

869 2926 905 2955 “
949 2920 1338 3004 suspiciosas
1397 2925 1466 2984 et
1541 2920 1887 3001 ominosas,
1964 2920 2081 2985 sed
2151 2924 2349 2997 ratas,
2427 2924 2497 2984 et
2562 2916 2826 2997 certas,”
2893 2926 2963 2985 et

863 3024 1117 3087 caetera.
1245 3019 1540 3085 Aureum
1616 3020 1987 3108 Augustini
2078 3020 2535 3088 testimonium
2624 3042 2773 3087 cum
2836 3020 2965 3086 fre-

865 3126 1162 3207 quenter,
1225 3126 1376 3187 tum
1443 3120 1767 3209 praecipue
1812 3146 1960 3210 pag.
2006 3126 2093 3189 83
2140 3128 2211 3188 et
2248 3146 2389 3211 pag.
2440 3126 2473 3188 1
2486 3126 2517 3186 1
2531 3126 2588 3205 6,
2652 3144 2965 3208 usurpare

865 3225 1030 3289 solet
1075 3224 1267 3306 Baco,
1313 3246 1444 3311 quo
1491 3225 1770 3305 evincat,
1817 3224 2200 3312 Augustino
2242 3226 2353 3291 vel
2416 3224 2546 3312 ipsi
2587 3224 2959 3290 futurorum

855 3327 1184 3412 judicium
1228 3326 1428 3393 finisse
1473 3328 1846 3413 probatum.
1940 3326 2073 3393 Sed
2124 3327 2317 3414 quale
2378 3348 2537 3415 rogo
2590 3328 2913 3414 judicium
2934 3331 2963 3391 3

867 3430 1132 3495 Scilicet
1203 3430 1386 3509 illud,
1453 3429 1634 3515 quod
1707 3450 1787 3495 eo
1860 3433 2129 3515 spectat,
2206 3434 2285 3495 ut
2348 3430 2613 3496 effectus
2679 3432 2815 3495 suis
2886 3430 2963 3494 in

864 3532 1076 3597 causis
1119 3531 1499 3597 consideret.
1593 3531 1724 3597 Sed
1768 3531 1911 3597 11ωο
1951 3532 2282 3599 hactenus.

951 3634 1260 3698 Alterum
1327 3638 1427 3698 est
1487 3634 1664 3719 quod
1726 3635 1920 3698 nobis
1986 3634 2255 3720 objiciat
2328 3654 2564 3701 censor.
2686 3632 2971 3721 Legerat

861 3756 1008 3821 pag.
1056 3738 1207 3815 119,
1249 3735 1325 3799 111
1359 3754 1490 3819 qua
1531 3740 1775 3821 praeter
1800 3741 2073 3813 coetera,
2116 3758 2265 3821 quse
2300 3737 2383 3802 de
2426 3736 2736 3801 mathesis
2780 3734 2969 3801 utili-

861 3841 1022 3913 tate,
1070 3841 1140 3902 et
1182 3836 1568 3901 necessitate
1612 3838 1875 3903 dixerat
1920 3838 2109 3915 Bam,
2142 3838 2623 3905 mathematicae
2668 3839 2966 3904 studium

863 3958 1011 4001 cum
1055 3936 1285 4021 primis
1314 3937 1546 4001 laudat
1577 3960 1662 4004 ex
1690 3940 1829 4019 hoc,
1865 3940 2041 4025 quod
2072 3940 2386 4005 utilitatis
2414 3942 2701 4007 multum
2730 3942 2971 4007 afferat

859 4036 1156 4103 ecclesiae.
1243 4036 1527 4103 Utilitas
1572 4062 1764 4125 porro
1810 4041 1955 4120 ista,
2012 4062 2207 4127 quam
2258 4044 2439 4129 capit
2480 4043 2763 4123 ecclesia,
2809 4063 2967 4108 0011-

857 4140 1148 4203 firmatio
1194 4144 1294 4205 est
1336 4140 1493 4205 fidei
1537 4144 1939 4209 orthodoxae.
2018 4144 2305 4209 Rursum
2350 4168 2491 4233 pag.
2530 4149 2653 4211 121
2698 4145 2967 4233 legerat,

860 4242 1256 4307 Mercurium
1312 4262 1656 4329 nunquam
1723 4245 2051 4311 dominari
2120 4248 2329 4334 magis
2381 4270 2582 4334 quam
2640 4248 2715 4313 in
2776 4248 2967 4333 signo

859 4344 1201 4431 Virginis:
1281 4350 1316 4379 “
1347 4344 1440 4408 Et
1501 4344 1650 4411 ideo
1713 4366 1798 4411 ex
1866 4346 1987 4412 hac
2056 4368 2251 4413 causa
2312 4348 2547 4415 dicunt
2602 4349 2967 4415 astronomi

860 4452 896 4481 “
943 4448 1154 4532 legem
1228 4446 1679 4513 mercurialem
1755 4448 1991 4514 debere
2066 4471 2207 4516 esse
2298 4457 2541 4517 sectam
2628 4452 2965 4539 prophetae

859 4554 898 4582 “
939 4547 1254 4613 nascituri
1325 4549 1408 4613 de
1477 4548 1814 4637 Virgine.’'
1904 4550 2073 4617 Tum
2116 4572 2259 4639 pag.
2308 4555 2483 4619 126:
2578 4559 2615 4590 “
2646 4554 2739 4618 Et
2803 4574 2964 4639 (1110-

862 4657 897 4684 “
945 4650 1126 4715 niam
1199 4653 1350 4737 post
1421 4650 1632 4737 legem
1709 4650 2077 4719 Mahometi
2150 4676 2284 4720 non
2374 4655 2698 4721 credimus
2786 4656 2963 4740 quod

856 4756 894 4786 “
941 4751 1160 4841 aliqua
1207 4756 1384 4822 secta
1425 4753 1651 4828 veniet
1693 4754 1823 4826 nisi.
1866 4756 1977 4826 lex
2021 4756 2438 4841 Antichristi,
2486 4762 2557 4826 et
2600 4757 2962 4825 astronomi
