3517 5750
1336 903 1511 955 orus
1554 868 1793 955 umus,
2499 889 2633 965 357

526 1028 879 1138 morabilis:
928 1072 1066 1138 sint
1124 1076 1425 1161 exempla
1486 1075 1920 1162 corruptionis
1965 1078 2360 1164 hujusmodi,
2406 1083 2633 1146 tamen

526 1179 787 1260 oportet
830 1174 917 1240 ad
960 1175 1094 1241 alia
1134 1174 1457 1242 festinare.
1549 1178 1869 1263 Sequitur

617 1375 753 1441 Sed
802 1376 995 1463 longe
1038 1378 1250 1463 major
1292 1400 1487 1443 causa
1552 1379 1788 1444 erroris
1853 1380 1927 1443 in
1989 1400 2182 1445 sensu
2255 1379 2500 1445 literali
2559 1386 2629 1449 et
2651 1394 2930 1459 Ignes-anco

524 1478 853 1563 spirituali
898 1480 1137 1546 accidit
1196 1485 1463 1567 propter
1523 1480 1966 1567 ignorantiam
2027 1486 2096 1547 et
2159 1483 2628 1569 proprietatem
2651 1463 2947 1581 {gghssffiffi

522 1600 741 1645 rerum
784 1582 858 1645 in
902 1582 1258 1668 Scriptura.
1348 1582 1527 1646 Nam
1602 1604 1828 1647 sensus
1893 1582 2168 1647 literalis
2211 1584 2512 1649 consistit
2555 1585 2628 1651 in
2651 1594 2742 1659 ing
2763 1596 2824 1645 of

522 1701 745 1747 rerum
816 1684 1073 1749 naturis
1146 1688 1217 1749 et
1278 1684 1809 1769 proprietatibuS,
1879 1689 1958 1749 ut
2003 1702 2120 1770 per
2162 1686 2627 1755 convenientes
2651 1661 2797 1727 scrip
2799 1670 2922 1715 ‘¹¹¹⁶‘

522 1783 983 1870 adaptationes
1059 1792 1129 1851 et
1217 1786 1679 1851 similitudines
1765 1792 2193 1872 congruentes
2283 1788 2626 1855 eliciantur

521 1906 747 1951 sensus
790 1888 1175 1973 spirituales
1267 1888 1445 1953 Nam
1486 1887 1623 1955 haec
1658 1892 1757 1953 est
1787 1888 1900 1952 via
1939 1888 2202 1975 propria
2246 1888 2622 1976 Scripturoe,

520 1992 591 2051 et
634 1986 776 2054 haec
819 1995 921 2055 est
960 1990 1284 2076 expositio
1328 1994 1703 2055 sanctorum
1748 1994 1819 2054 et
1863 1990 2154 2056 omnium
2199 1992 2622 2076 antiquorum

519 2091 931 2175 sapientum3
976 2092 1288 2178 quoniam
1348 2086 1571 2157 omnes
1622 2092 1834 2157 sancti
1896 2096 1966 2158 et
2023 2092 2348 2180 sapientes
2407 2115 2621 2159 recur-

520 2198 681 2257 runt
724 2195 796 2258 in
860 2197 1041 2260 omni
1103 2194 1421 2259 vocabulo
1483 2194 1569 2258 ad
1634 2199 1944 2259 naturam
2007 2199 2077 2259 et
2149 2194 2620 2281 proprietatem

518 2314 739 2359 rerum
777 2297 857 2362 de
889 2295 1159 2381 quibuss
1188 2296 1247 2360 it
1292 2317 1517 2361 sermo,
1594 2294 1685 2360 Et
1730 2295 1942 2381 primo
1987 2293 2454 2361 contemnunt¹
2489 2296 2622 2362 his-

518 2396 758 2462 toriam
822 2398 1195 2463 naturalem
1265 2396 1555 2483 ipsarum
1600 2418 1818 2462 rerum
1863 2395 1936 2461 in
1995 2418 2128 2482 qua
2171 2401 2308 2461 stat
2349 2398 2622 2463 literalis

518 2520 785 2579 sensus3
846 2499 1081 2565 deinde
1128 2498 1402 2564 eliciunt
1454 2520 1605 2563 cum
1665 2497 1846 2563 omni
1904 2498 2236 2563 suavitate
2281 2500 2620 2585 sapientiae

515 2620 743 2665 sensus
789 2600 1177 2687 spirituales.
1290 2601 1381 2665 Et
1454 2600 1578 2666 hoc
1644 2600 1991 2665 confirmat
2063 2601 2476 2687 Augustinus
2549 2603 2623 2666 in

442 2692 459 2711 ⁸
514 2701 688 2767 libro
734 2702 838 2767 De
884 2701 1200 2768 Doctrina
1230 2700 1603 2768 Christiana
1650 2723 1770 2788 per
1811 2702 2025 2767 multa
2051 2701 2366 2789 exempla.
2442 2703 2620 2768 Nam

517 2804 635 2869 ubi
680 2802 957 2869 dicitur:
1010 2808 1047 2839 “
1070 2802 1307 2869 Estote
1334 2802 1691 2891 prudentes
1735 2804 1908 2869 sicut
1949 2809 2296 2891 serpentes,
2353 2810 2424 2869 et
2466 2805 2618 2870 sim-

520 2911 559 2944 “
574 2907 770 2992 plices
844 2906 1015 2972 sicut
1094 2907 1415 2972 columbae
1435 2929 1450 2970 :
1472 2905 1509 2932 ”
1600 2906 1818 2971 voluit
1893 2907 2217 2971 Dominus
2283 2906 2620 2994 Apostolis

516 3008 846 3076 insinuare
906 3013 989 3074 ut
1048 3007 1431 3095 intelligant
1488 3011 1799 3073 naturam
1843 3011 1914 3073 et
1957 3009 2426 3094 proprietatem
2487 3031 2616 3074 ser-

515 3111 733 3197 pentis
792 3115 861 3177 et
912 3110 1274 3192 columbae3
1342 3115 1422 3175 ut
1479 3110 1653 3176 sicut
1717 3131 1984 3198 serpens
2056 3132 2176 3197 pro
2244 3111 2618 3177 defensione

514 3213 747 3299 capitis
804 3217 1023 3279 totum
1068 3233 1298 3299 corpus
1341 3212 1631 3278 involvit
1694 3217 1766 3279 et
1811 3212 2099 3298 exponit,
2147 3213 2242 3278 sic
2284 3219 2352 3278 et
2396 3212 2614 3279 Chris-

513 3315 737 3379 tianus
786 3315 984 3381 debet
1031 3315 1255 3380 omnia
1300 3336 1450 3401 quae
1502 3337 1622 3379 sua
1664 3317 1824 3379 sunt
1867 3335 2192 3400 exponere
2237 3336 2354 3400 pro
2399 3317 2615 3401 capite

514 3437 633 3482 suo
679 3416 727 3483 J
730 3435 845 3482 esu
899 3416 1179 3496 Christo,
1233 3437 1355 3481 nec
1400 3437 1692 3500 unquam
1746 3421 1976 3480 contra
2033 3415 2232 3479 fidem
2292 3414 2494 3480 faciat
2544 3422 2614 3481 et

512 3539 815 3582 amorem.
918 3518 1009 3582 Et
1054 3540 1201 3583 cum
1276 3518 1649 3583 columbina
1721 3516 2104 3604 simplicitas
2177 3535 2312 3580 non
2368 3516 2613 3582 habeat

512 3618 860 3698 asininum,
884 3641 1005 3684 nec
1032 3620 1323 3705 vulpinae
1351 3619 1711 3684 mentiatur
1738 3615 2179 3704 simplicitatis
2199 3617 2610 3703 figmentum,

510 3719 715 3786 habet
742 3727 969 3786 tamen
1012 3721 1337 3786 cautelam
1380 3721 1737 3808 simplicem
1767 3721 1830 3786 ei
1858 3721 2174 3799 innatam,
2207 3723 2287 3784 ut
2329 3719 2612 3784 libenter

500 3821 701 3908 juxta
743 3823 919 3909 ripas
970 3843 1289 3908 aquarum
1340 3823 1581 3900 sedeat,
1638 3827 1964 3908 quatenus
2007 3823 2231 3886 avium
2277 3822 2611 3908 rapacium

508 3924 877 3989 volantium
920 3924 995 3989 in
1039 3930 1190 3989 aere
1233 3945 1351 4011 per
1394 3925 1836 3990 reflectionem
1879 3924 2236 4011 specierum
2265 3923 2352 3988 ab
2397 3923 2492 3988 eis
2539 3925 2610 3988 in

508 4025 843 4112 superficie
925 4047 1246 4112 aquarum
1306 4026 1697 4104 cadentium,
1746 4048 1971 4092 earum
2046 4027 2608 4113 propinquitatem

504 4127 991 4213 apprehendat:
1070 4131 1339 4213 propter
1388 4127 1559 4212 quod
1612 4127 2034 4194 Canticorum
2078 4128 2320 4195 dicitur
2337 4128 2363 4166 ²

773 4227 813 4268 ι
1082 4228 1121 4268 ι
1387 4226 1423 4270 s
1696 4229 1735 4270 ι
1998 4227 2038 4268 s
2306 4228 2346 4270 ιι

596 4331 687 4396 Et
729 4331 786 4396 si
830 4331 1107 4397 sciretur
1158 4335 1303 4398 tota
1360 4329 1683 4417 sapientia
1735 4329 2164 4416 philosophiae
2223 4353 2376 4397 cum
2421 4330 2606 4398 theo-

502 4433 697 4520 logia,
743 4435 947 4498 immo
1003 4434 1341 4500 videretur
1406 4437 1567 4499 tunc
1626 4431 1884 4497 utilitas
1943 4432 2384 4520 philosophiae,
2447 4433 2606 4518 quia

572 4674 587 4704 ¹
609 4673 938 4741 contemnunt]
976 4679 1168 4738 tepunt,
1190 4673 1301 4725 MS.
1618 4669 1854 4736 'dict'lmss
1885 4669 1997 4720 The
2019 4671 2180 4722 scribe
2203 4671 2292 4722 has
2308 4671 2428 4724 here
2451 4672 2601 4726 omit-

1566 4751 1647 4802 ted
1668 4765 1701 4800 a
1720 4749 1838 4800 line.
