3517 5750
794 912 923 975 102
1552 920 1814 974 nocam
1855 922 2148 973 mooms
2719 906 2894 994 [oar.

792 1100 883 1163 Et
942 1104 1167 1164 tamen
1226 1120 1359 1165 non
1420 1098 1637 1166 indico
1706 1096 2164 1186 probationem
2223 1118 2308 1163 ex
2367 1097 2746 1183 Augustino
2811 1096 2896 1161 de

792 1200 1077 1268 secundo
1139 1206 1210 1266 et
1294 1203 1495 1267 tertio
1574 1202 1749 1268 libro
1817 1201 2178 1267 ‘Doctrinoe
2241 1199 2658 1279 Christianae,
2743 1218 2896 1264 cum

792 1309 1016 1369 tamen
1060 1302 1199 1391 ipse
1264 1302 1395 1370 ista
1438 1308 1679 1371 tractet
1742 1303 2188 1391 grammatice,
2237 1305 2318 1369 ut
2363 1308 2550 1391 patet
2595 1324 2682 1369 ex
2731 1300 2896 1367 serie

794 1407 897 1472 sui
940 1410 1283 1473 tractatus·

1556 1700 1719 1767 CAP.
1771 1700 2106 1767 XXVIII.

457 1884 569 1940 Τιιο
585 1888 757 1943 som-th
888 1877 1460 1948 Pssocnnsnnum
1523 1886 1625 1947 est
1678 1880 1767 1947 ad
1809 1880 2286 1969 expositionem
2347 1884 2602 1969 quartae
2645 1882 2856 1969 partis
2871 1880 2900 1917 ²

453 1957 705 2088 ξ’ζζιὸζω
801 2006 949 2071 quae
994 1987 1097 2051 est
1140 1984 1223 2049 de
1266 1982 1751 2051 mathematicae
1796 1988 2138 2071 potestate.
2229 1982 2494 2049 Notitia
2519 1983 2898 2071 ling-uarum

456 2090 642 2154 Musas,
667 2157 696 2206 f
799 2093 901 2154 est
958 2089 1174 2177 prima
1232 2092 1427 2175 porta
1486 2088 1846 2176 sapientise,
1893 2092 1962 2154 et
2023 2088 2312 2155 maxime
2369 2087 2547 2175 apud
2607 2086 2900 2167 Latinos,

456 2162 713 2288 m
796 2192 911 2277 qui
977 2212 1115 2257 non
1176 2190 1427 2257 habent
1492 2193 1755 2258 textum
1817 2189 2188 2277 theologiae,
2249 2212 2374 2257 nec
2445 2188 2896 2279 philosophiae,

457 2291 559 2342 ⁸¹¹⁶
581 2290 732 2357 1ogic.
795 2293 924 2361 nisi
970 2316 1011 2359 a
1053 2293 1300 2381 linguis
1344 2292 1575 2363 alienis
1602 2316 1621 2377 3
1666 2297 1737 2360 et
1781 2293 1930 2361 ideo
1960 2293 2175 2359 omnis
2213 2293 2413 2359 homo
2441 2291 2710 2361 deberet
2736 2291 2900 2359 scire

796 2395 1073 2483 linguae,
1121 2400 1193 2461 et
1235 2394 1499 2481 indiget
1554 2394 1782 2461 studio
1826 2398 1898 2461 et
1944 2393 2246 2463 doctrina
2287 2394 2541 2476 harum,
2588 2416 2664 2461 eo
2723 2394 2900 2481 quod

796 2520 932 2563 non
988 2502 1211 2585 potest
1272 2518 1351 2563 ea
1410 2518 1791 2585 cognoscere
1857 2497 2270 2581 naturaliter,
2331 2498 2490 2587 quia
2565 2497 2739 2565 fiunt
2815 2496 2902 2563 ad

794 2600 1111 2689 placitum
1177 2599 1483 2680 hominis,
1552 2604 1624 2665 et
1688 2600 2038 2667 variantur
2120 2599 2476 2667 secundum
2558 2600 2900 2667 hominum

794 2702 1230 2771 voluntatem.
1326 2701 1637 2789 Cognitio
1682 2702 1862 2769 enim
1905 2702 2228 2769 naturalis
2291 2706 2392 2769 est
2449 2706 2608 2769 ante
2671 2702 2900 2769 inven-

796 2806 1045 2871 tionem
1090 2808 1160 2870 et
1203 2804 1574 2871 doctrinam
1604 2828 1621 2888 ;
1672 2808 1745 2871 et
1785 2806 1964 2894 quod
2009 2806 2224 2894 primo
2266 2804 2582 2871 habemus
2619 2825 2738 2894 per
2766 2801 2904 2871 ω’

796 2912 901 2974 est
957 2907 1204 2974 notitia
1262 2906 1509 2994 linguae
1568 2908 1862 2996 alicuqu
1913 2930 2114 2996 quam
2159 2907 2556 2994 acquirimus
2615 2927 2701 2972 ex
2752 2908 2900 2974 doc-

794 3009 989 3075 trina.
1053 3009 1184 3076 Sed
1214 3009 1411 3096 primi
1442 3014 1739 3075 auctores
1775 3009 2154 3098 linguarum
2191 3031 2300 3076 eas
2345 3010 2762 3090 invenerunt,
2792 3007 2903 3078 vel

795 3134 838 3178 a
899 3111 1043 3178 Deo
1102 3110 1479 3177 habuerunt
1546 3113 1620 3178 in
1696 3111 2025 3178 divisione
2098 3112 2492 3200 linguarum,
2549 3133 2700 3182 cum
2749 3133 2902 3178 con-

796 3218 1052 3280 structa
1103 3219 1204 3280 est
1252 3213 1479 3280 Turris
1516 3213 1722 3280 Babel
1767 3219 1916 3302 post
1947 3213 2312 3282 Diluvium.
2405 3215 2710 3283 Secunda
2747 3235 2903 3282 vero

796 3322 992 3403 porta
1062 3315 1463 3404 principalis,
1534 3337 1683 3404 quae
1774 3317 1965 3384 nobis
2035 3316 2262 3386 deficit
2317 3317 2732 3396 naturaliter,
2801 3320 2904 3383 est

458 3429 621 3499 Logia
636 3434 738 3484 and
796 3420 1039 3486 notitia
1068 3418 1570 3488 mathematicae.
1676 3419 1781 3484 De
1819 3418 2030 3506 logica
2057 3419 2235 3486 enim
2263 3441 2402 3487 non
2429 3425 2534 3486 est
2561 3421 2666 3488 vis
2693 3424 2904 3498 tanta,

458 3515 714 3618 {3¹:3⁸²
797 3522 956 3609 quia
1026 3522 1264 3588 scimus
1321 3544 1467 3588 eam
1526 3543 1643 3610 per
1700 3525 2030 3602 naturam,
2091 3521 2248 3588 licet
2297 3522 2620 3590 vocabula
2675 3521 2904 3609 logicae

794 3625 867 3691 in
912 3627 1157 3712 lingua,
1213 3648 1349 3712 qua
1400 3625 1681 3706 utimur,
1726 3625 2082 3712 quaerimus
2133 3646 2252 3711 per
2301 3625 2680 3694 doctrinam.
2772 3624 2902 3690 Sed

796 3729 1006 3814 ipsam
1036 3727 1377 3794 scientiam
1420 3727 1669 3794 habent
1707 3747 1934 3794 omnes
1973 3726 2270 3794 homines
2297 3749 2382 3794 ex
2411 3732 2668 3806 natura,
2699 3724 2909 3794 sicut‘

798 3829 989 3894 docet
1035 3833 1265 3896 auctor
1310 3828 1749 3917 Perspectivae
1809 3829 1882 3896 in
1930 3827 2216 3896 secundo
2275 3827 2463 3910 libro,
2513 3833 2585 3896 et
2629 3828 2903 3896 Boetius

800 3930 929 3996 hoc
1002 3930 1192 3996 docet
1252 3930 1325 3997 in
1363 3932 1579 4020 primo
1629 3931 1804 3998 libro
1857 3953 2055 4020 super
2113 3930 2354 4018 Topica
2416 3930 2508 3997 M.
2573 3929 2790 4008 Tullii,
2835 3935 2905 3998 et

800 4030 1074 4096 inferius
1125 4031 1199 4096 in
1272 4033 1499 4102 eodem
1560 4034 2046 4102 commentario,
2138 4033 2230 4100 Et
2289 4031 2684 4098 Aristoteles
2741 4032 2905 4097 dicit

801 4132 979 4219 quod
1008 4131 1235 4200 idiotae
1264 4133 1679 4222 syllogizant,
1769 4135 1950 4202 Nam
1977 4141 2208 4202 auctor
2237 4132 2672 4221 Perspectivae
2715 4134 2906 4220 ponit

798 4234 1177 4321 exemplum
1226 4235 1309 4302 de
1348 4253 1569 4324 puer0‚
1610 4237 1730 4326 qui
1777 4260 1928 4304 cum
1979 4238 2046 4303 ei
2093 4237 2460 4306 offeruntur
2519 4236 2652 4306 duo
2691 4258 2902 4324 poma,

800 4357 1082 4424 quorum
1124 4357 1333 4406 unum
1376 4341 1481 4403 eet
1508 4336 1846 4426 pulchrius
1887 4340 2118 4421 altero,
2151 4339 2292 4426 ipse
2321 4337 2512 4426 eligit
2549 4338 2903 4426 pulchriuS,

864 4659 879 4690 ¹
910 4652 1286 4731 procedendum]
1325 4663 1672 4724 accedendum,
1696 4663 1759 4716 Τ.
1977 4667 1997 4697 ¹
2009 4683 2104 4733 per
2124 4665 2236 4735 eas]
2273 4681 2371 4719 om.
2408 4665 2471 4719 Τ.

862 4739 883 4768 ²
904 4749 1091 4802 quarm
1140 4745 1337 4809 partie]
1417 4744 1558 4808 Opus
1616 4743 1804 4809 Hujus,-

796 4830 844 4880 p.
870 4821 933 4867 57
1973 4821 1992 4852 ⁴
2025 4821 2176 4889 nime]
2215 4829 2289 4880 nt.
2319 4819 2380 4876 T.
