3517 5750
449 3007 688 3059 children

445 3075 624 3125 should
643 3076 706 3125 be

445 3141 624 3205 taught
643 3148 697 3190 to

795 865 882 930 54
1544 877 1801 929 Roomu
1845 877 2137 928 mcoms
2708 863 2890 952 [cAr.

789 1059 938 1122 tota
1011 1054 1424 1144 philosophia
1483 1054 1889 1142 speculativa
1946 1056 2243 1140 respectu
2319 1051 2511 1119 istius
2573 1055 2893 1141 practicae.

793 1158 968 1239 Quia.
1029 1158 1170 1224 haec
1213 1157 1344 1223 fuit
1385 1157 1720 1244 theologia
1764 1177 1989 1222 eorum
2051 1160 2119 1221 et
2162 1177 2280 1242 per
2324 1155 2493 1222 hanc
2536 1157 2895 1224 credebant

787 1261 1046 1342 salvari,
1094 1283 1232 1327 non
1275 1281 1393 1347 per
1417 1259 1594 1324 alias.
1687 1258 1765 1326 Si
1806 1258 2011 1346 igitur
2058 1257 2314 1324 utilitas
2361 1258 2640 1325 aliarum
2692 1259 2896 1326 scien-

785 1363 1026 1428 tiarum
1075 1385 1210 1428 non
1255 1363 1663 1450 cognoscitur
1711 1360 1842 1426 nisi
1884 1360 2129 1426 notitia
2176 1359 2401 1426 istius¹
2447 1361 2770 1428 habeatur
2820 1363 2894 1428 in

787 1469 1110 1552 quantum
1183 1465 1268 1529 ad
1355 1485 1502 1529 eam
1590 1463 2005 1551 applicantur
2093 1465 2164 1529 et
2254 1463 2659 1544 ordinentur,
2734 1469 2893 1531 tunc

786 1573 1011 1634 tamen
1071 1565 1294 1632 Latini
1352 1565 1664 1654 ignorant
1721 1557 1892 1632 haine
1956 1565 2315 1647 scientiam,
2375 1566 2533 1651 quia
2590 1585 2727 1631 non
2792 1571 2895 1634 est

787 1669 860 1735 in
919 1691 1044 1734 usu
1087 1689 1331 1750 eorum,
1391 1667 1797 1755 ignorabunt
1853 1671 2250 1754 potestatem
2309 1667 2540 1734 utilem
2598 1667 2893 1736 aliarum.

788 1771 883 1837 Et
941 1771 1091 1837 ideo
1149 1771 1305 1838 licet
1347 1772 1490 1838 haec
1533 1771 1623 1837 sit
1665 1770 1819 1834 finis
1862 1769 2159 1836 omnium
2202 1769 2623 1836 scientiarum
2666 1773 2891 1838 temen

785 1873 918 1940 alio
962 1873 1156 1940 modo
1217 1877 1320 1940 est
1379 1871 1662 1938 initium.
1754 1871 1825 1936 N
1825 1895 1933 1938 am
1994 1871 2146 1938 finis
2210 1873 2423 1960 primo
2468 1877 2585 1938 est
2644 1871 2717 1937 in
2788 1873 2893 1938 in-

785 1977 1082 2043 tentione
1147 1981 1217 2042 et
1281 1977 1678 2064 cogitatione
1729 1979 1799 2042 et
1852 1979 2083 2052 ‚movet
2136 1973 2419 2041 efficiens
2438 1973 2467 2012 ⁸
2529 1973 2617 2040 ad
2674 1977 2889 2041 totam

787 2079 1271 2167 operationem3
1345 2083 1415 2145 et
1495 2077 1646 2144 ideo
1721 2077 1863 2144 haec
1963 2076 2237 2143 scientia
2326 2075 2593 2143 deberet
2674 2076 2888 2165 primo

785 2182 934 2248 sciri
997 2187 1078 2248 ut
1145 2180 1341 2247 homo
1404 2185 1821 2269 cognosceret
1887 2180 1973 2246 ad
2035 2181 2199 2266 quid
2265 2183 2335 2246 et
2400 2183 2666 2267 propter
2727 2181 2890 2266 quid

783 2288 1205 2370 operaretur-3
1281 2287 1608 2369 quatenus
1681 2283 1823 2350 hoec
1898 2279 2173 2349 scientia
2236 2281 2327 2347 sit
2391 2283 2623 2371 regula.
2682 2283 2889 2348 totius

784 2386 1180 2473 operationis
1241 2385 1566 2465 humente,
1627 2389 1706 2452 ut
1779 2383 1950 2450 nihil
2014 2385 2258 2451 faceret
2328 2382 2459 2450 nisi
2532 2385 2887 2451 secundum

783 2490 951 2554 hanc
1011 2487 1366 2554 scientiam.
1491 2486 1582 2552 Et
1653 2487 1804 2552 ideo
1866 2507 1909 2551 a
1972 2487 2327 2572 juventute
2402 2485 2671 2552 deberet
2745 2487 2895 2573 qui-

781 2589 946 2655 libet
987 2589 1229 2655 instrui
1291 2589 1526 2655 saltem
1569 2589 1644 2653 in
1686 2589 2041 2654 universali
2104 2588 2177 2653 in
2236 2587 2360 2653 hac
2418 2587 2703 2654 scientia.
2796 2589 2889 2654 Et

780 2695 1046 2779 propter
1116 2691 1241 2758 hoc
1314 2691 1592 2777 quilibet
1651 2713 1694 2756 a
1744 2691 2101 2779 juventute
2174 2690 2528 2756 instruitur
2600 2703 2717 2776 per
2783 2711 2887 2756 ec·
2988 2719 2995 2726 ·

781 2793 1044 2860 clesiam
1109 2791 1183 2857 in
1245 2791 1330 2858 iis
1397 2814 1545 2880 quse
1606 2793 1763 2859 fidei
1830 2797 2002 2858 sunt.
2093 2791 2186 2859 Et
2252 2791 2634 2858 deberemus
2690 2791 2884 2880 longe

782 2897 931 2985 plus
1003 2896 1245 2961 instrui
1309 2895 1390 2960 in
1463 2896 1738 2962 scientia.
1814 2895 2061 2962 Christi
2136 2916 2179 2960 a
2242 2894 2594 2982 juventute
2684 2916 2882 2981 quam

780 2997 1182 3064 instruimur.
1274 2996 1344 3063 N
1345 3018 1453 3063 am
1495 2997 1608 3065 lex
1637 2998 1770 3063 Dei
1813 2996 2115 3063 deberet³
2142 2996 2275 3086 legi
2318 2998 2553 3085 pueris,
2586 3000 2667 3062 ut
2710 3017 2887 3063 assu-

780 3104 1067 3167 escerent
1139 3120 1394 3188 semper
1467 3101 1552 3165 ad
1593 3100 1944 3166 veritatem
2007 3100 2179 3179 fidei,
2244 3102 2315 3166 et
2380 3100 2669 3165 maxime
2732 3100 2905 3166 libri·

445 3208 567 3257 read
588 3207 674 3258 the
778 3202 1103 3292 planiores
1146 3208 1216 3271 et
1259 3204 1468 3290 magis
1508 3202 1789 3269 morales
1833 3203 2177 3287 utriusque
2220 3202 2627 3268 Testamenti
2654 3226 2671 3284 3
2716 3204 2885 3269 sicut

443 3274 609 3333 nime,
631 3274 732 3323 and

443 3346 534 3390 not
549 3340 638 3391 the

443 3406 606 3457 follies
628 3406 688 3456 of

447 3472 582 3525 Ovid
604 3473 704 3523 and

780 3307 982 3373 etiam
1027 3306 1234 3394 aliqui
1293 3304 1577 3372 audiunt
1626 3305 1907 3371 Bibliam
1954 3304 2430 3381 versificatam3
2492 3304 2606 3370 sed
2650 3288 2903 3371 melius·

779 3414 948 3475 esset
977 3409 1152 3499 quod
1196 3407 1503 3475 audirent
1531 3412 1602 3473 et
1630 3411 2085 3473 construerent
2126 3406 2541 3493 evangelium
2570 3405 2643 3471 in
2672 3424 2905 3493 prosa,-

443 3540 752 3591 theheathen
783 3517 851 3578 et
896 3511 1244 3601 Epistolas,
1309 3518 1381 3577 et
1442 3510 1646 3577 libros
1711 3509 2099 3589 Salomonis
2147 3508 2305 3595 quis
2354 3508 2472 3573 illa
2512 3508 2883 3575 versificata

445 3613 598 3671 poe&-

776 3620 1042 3680 truncat
1085 3614 1323 3694 omnia,
1371 3618 1441 3680 et
1483 3613 1652 3679 nihil
1714 3612 1908 3677 valet.
2006 3610 2185 3677 Nam
2252 3610 2464 3699 primo
2526 3617 2627 3678 est
2688 3612 2881 3679 homo

777 3716 1200 3782 instruendus
1243 3716 1318 3779 in
1359 3714 1442 3780 iis
1505 3736 1654 3802 quae
1719 3714 2059 3801 pertinent
2123 3712 2208 3779 ad
2274 3712 2555 3780 salutem
2622 3714 2879 3796 animae,

779 3822 857 3883 ut
901 3836 1154 3903 semper
1196 3820 1522 3882 assuescat
1565 3817 1871 3903 proficere
1902 3815 1975 3881 in
2019 3813 2267 3881 melius.
2345 3814 2437 3881 Et
2466 3821 2732 3902 propter
2760 3816 2883 3883 hoc

778 3918 1003 3983 Judaei
1064 3939 1108 3982 11,
1157 3917 1514 4004 juventute
1580 3918 1797 4006 primo
1856 3916 2201 3983 addiscunt
2266 3917 2479 4003 legem
2542 3916 2686 3981 Dei.
2780 3914 2879 3983 Et

781 4016 1088 4084 Boetius⁴
1151 4018 1224 4083 in
1284 4018 1453 4084 libro
1499 4016 1579 4085 de
1639 4018 2004 4106 Disciplina.
2050 4018 2411 4085 Scolarium
2470 4016 2657 4083 docet
2701 4018 2879 4103 quod

776 4121 964 4209 pueri
1008 4120 1219 4208 primo
1263 4120 1630 4186 instruendi
1673 4125 1833 4186 sunt
1876 4121 1949 4185 in
1993 4120 2181 4186 libris
2227 4120 2532 4200 Senecse3
2584 4122 2655 4185 et
2698 4118 2880 4187 Beda

777 4222 1050 4309 exponit
1093 4220 1270 4309 quod
1310 4222 1432 4288 hoc
1475 4220 1636 4288 dicit
1679 4224 1839 4309 quia
1881 4222 2093 4309 primo
2138 4227 2297 4287 sunt
2340 4220 2611 4289 docendi
2638 4222 2712 4287 in
2740 4242 2881 4289 mo-

775 4324 974 4419 ribus,
1022 4324 1178 4412 quia
1233 4323 1390 4389 libri
1451 4322 1716 4393 Senecae
1779 4328 1937 4391 sunt
2002 4324 2301 4390 morales.
2394 4322 2525 4392 Sed
2589 4344 2725 4393 non
2784 4326 2879 4393 sic

837 4696 853 4728 ¹
877 4696 1048 4747 notitia
1067 4694 1237 4761 iatius]
1269 4694 1383 4755 ista,
1419 4692 1482 4744 Τ.
1942 4694 1963 4722 ’
1980 4688 2194 4756 deberet]
2230 4691 2391 4751 debet,
2420 4690 2481 4743 U.

835 4775 858 4805 ⁸
875 4774 1113 4842 efficiens]
1149 4774 1457 4837 efficientem,
1481 4772 1548 4825 U.
1846 4816 1857 4835 ,
1945 4772 1963 4801 ⁴
1986 4768 2219 4838 Βοέεἰαε]
2256 4784 2364 4837 cup.
2384 4768 2419 4821 i.
