3517 5750
578 2365 689 2417 The
710 2368 846 2433 body

574 2433 637 2481 of
644 2434 885 2484 Adamin

575 2498 812 2550 Pas-adise

916 856 1047 929 370
1672 870 1926 921 soe-sm
1971 867 2264 923 moeurs

914 1054 983 1113 et
1028 1044 1509 1113 nobilissimum
1552 1046 1623 1111 in
1668 1046 1884 1113 mixto
1927 1068 2138 1113 unum
2183 1046 2474 1113 mixtum
2519 1049 2636 1111 est.
2725 1044 2816 1110 Et
2861 1044 3010 1110 ideo

912 1148 1147 1214 habita
1206 1147 1587 1233 aequslitate
1660 1148 1938 1233 quiescit
2011 1144 2393 1236 appetitus¹
2449 1146 2763 1213 materiae.
2881 1145 3014 1212 Sed

911 1252 1121 1317 forma
1178 1272 1327 1336 quae
1384 1250 1643 1337 perfluit
1702 1251 2080 1336 appetitum
2123 1250 2420 1317 materiae
2475 1271 2616 1319 non
2657 1252 2878 1336 potest
2929 1248 3014 1313 ab

914 1376 993 1420 ea
1020 1352 1321 1439 separari,
1351 1372 1471 1419 nee
1497 1351 1709 1417 forma
1735 1352 1922 1417 eoeli²
1951 1372 2102 1438 quae
2143 1357 2356 1419 totam
2399 1352 2770 1439 potentiam
2811 1354 3018 1417 mate-

912 1455 1031 1521 riae
1077 1454 1379 1541 complet.
1440 1452 1642 1519 Unde
1684 1452 1759 1517 in
1801 1452 2036 1519 mixtis
2077 1454 2272 1520 rebus
2311 1454 2488 1519 idem
2533 1458 2634 1520 est
2675 1452 3016 1539 aequnlitas

914 1557 1387 1623 elementorum
1430 1554 1790 1621 seeundum
1855 1556 2212 1641 qualitates
2275 1554 2454 1642 quod
2497 1556 2708 1621 forma
2749 1555 2900 1621 ooeli
2943 1554 3015 1619 in

916 1658 1305 1723 coelestibus.
1426 1652 1525 1722 Et
1596 1656 1747 1721 ideo
1823 1656 2091 1741 quando
2159 1658 2486 1723 elementa.
2574 1656 2856 1723 veniunt
2929 1656 3014 1721 ed

916 1758 1367 1845 aequalitatem
1409 1759 1579 1824 hane
1622 1756 1839 1825 omnis
1881 1758 2216 1845 appetitus
2259 1759 2556 1825 msteriae
2599 1758 3015 1825 elementaris

918 1861 1196 1948 quiescit
1238 1864 1308 1927 et
1356 1862 1733 1947 eompletur.
1827 1860 1920 1926 Et
1961 1859 2114 1926 ideo
2156 1860 2454 1929 aufertur
2497 1860 2742 1927 occasio
2787 1860 3013 1947 agenti

882 1956 989 2027 'et
1048 1960 1333 2051 patienti
1390 1964 1460 2027 et
1526 1982 1691 2048 opus
1756 1961 2329 2027 transmutationis
2385 1966 2454 2029 et
2517 1960 3008 2048 deperditionis,

916 2084 1073 2129 nam
1144 2070 1305 2130 tune
1366 2064 1651 2129 calidum
1713 2084 1854 2128 non
1919 2069 2140 2151 potest
2201 2085 2397 2150 super
2455 2061 2792 2150 frigidum,
2857 2063 3014 2149 quia

915 2170 1220 2251 sequetur
1260 2166 1339 2243 ei,
1388 2186 1507 2231 nee
1548 2164 1898 2231 humidum
1943 2185 2142 2251 super
2185 2165 2443 2231 siecum.
2523 2164 2658 2231 Sed
2688 2164 2836 2231 ideo
2879 2184 3014 2231 non

914 2272 1131 2353 potest
1174 2288 1312 2335 esse
1354 2267 1636 2333 victoria
1678 2266 1798 2332 ubi
1843 2288 1980 2331 non
2025 2272 2128 2332 est
2171 2288 2412 2353 pugna..

1004 2368 1180 2435 Item
1254 2390 1375 2435 nee
1442 2372 1772 2456 appetunt
1831 2368 2182 2433 victoriam
2255 2372 2524 2455 propter
2597 2367 3010 2434 nobilitatem

850 2450 1311 2557 ”aequalitatis
1350 2471 1423 2535 in
1452 2492 1584 2557 qua
1613 2468 2113 2535 conformantur
2141 2474 2210 2535 et
2249 2470 2656 2535 reducuntur
2699 2470 2786 2535 ed
2827 2470 3012 2535 nobi-

573 2572 738 2614 ”⁰2⁶³
674 2565 885 2631 entirely
912 2572 1237 2637 lissimum
1280 2578 1531 2641 statum
1596 2592 1841 2652 eorum,
1919 2576 1990 2636 et
2050 2572 2124 2635 in
2197 2592 2329 2657 quo
2395 2571 2673 2657 quiescit
2738 2572 3012 2637 materia

574 2629 828 2749 lun-lnonti⁸

912 2674 1341 2741 elementaris.
1432 2672 1653 2738 Adam
1682 2694 1842 2738 vero
1871 2672 1944 2737 in
1973 2678 2158 2738 statu
2185 2672 2584 2741 innoeentioe
2612 2694 2748 2739 non
2778 2672 3010 2739 habuit

912 2877 1077 2962 ligni
1120 2879 1297 2956 vitae,
1348 2877 1431 2941 de
1474 2897 1605 2962 quo
1650 2875 1707 2942 si
1750 2897 1888 2942 non
1961 2881 2290 2964 gustasset
2335 2877 2682 2960 deficeret5
2749 2882 2820 2943 et
2861 2877 3012 2944 ideo

912 2983 1311 3065 praeceptum
1340 2977 1471 3042 fuit
1498 2978 1559 3042 ei
1596 2977 1775 3062 quod
1801 2979 2190 3046 comederet.
2285 2979 2486 3047 Unde
2515 3001 2716 3066 prope
2742 2981 3009 3066 aequali-

912 3085 1123 3146 tatem
1166 3079 1295 3144 fuit
1336 3079 1475 3164 ejus
1520 3079 1914 3165 complexio·
1899 3129 1915 3159 ,
1959 3101 2108 3165 quae
2153 3101 2304 3146 oum
2348 3081 2764 3168 perfioeretur
2803 3081 3012 3168 gloria

913 3182 1101 3250 fieret
1168 3183 1435 3248 omnino
1480 3180 1775 3267 aequalis.
1902 3181 2152 3248 Beatus
2215 3183 2632 3270 Augustinus
2675 3188 2746 3250 et
2789 3205 3013 3250 omnes

911 3285 1303 3350 coneordant
1344 3282 1522 3369 quod
1564 3281 1802 3348 habuit
1847 3303 2078 3370 eorpus
2123 3285 2425 3362 animale,
2459 3287 2634 3371 quod
2677 3285 3012 3352 defecisset

911 3387 967 3452 si
1010 3407 1146 3453 non
1188 3386 1529 3452 habuisset
1572 3405 1755 3452 esum
1809 3383 1977 3472 ligni
2021 3386 2195 3452 vitae.
2309 3386 2506 3453 Unde
2549 3389 3010 3454 immortalitas

913 3509 1033 3553 sua
1074 3511 1193 3576 per
1235 3509 1417 3554 esum
1460 3487 1715 3553 fruetus
1757 3491 1922 3551 nata
1964 3485 2098 3552 fuit
2156 3489 2541 3554 conservari.
2637 3489 2805 3556 Cum
2853 3511 3007 3576 ergo

910 3590 1141 3658 fuisset
1184 3591 1549 3682 deperditio
1576 3591 1651 3654 in
1679 3609 1757 3654 eo
1787 3588 1901 3674 qui
1945 3611 2062 3674 per
2101 3611 2284 3655 esum
2327 3591 2660 3657 fluctuum
2703 3593 3009 3678 paradysi

911 3695 1263 3759 restaurari
1324 3691 1665 3769 debuisset,
1735 3695 1804 3756 et
1871 3689 2246 3776 hujusmodi
2309 3693 2650 3759 dissolutio
2711 3715 2848 3759 non
2907 3699 3008 3758 est

907 3795 1038 3858 nisi
1099 3815 1217 3880 per
1284 3794 1609 3859 sotionem
1673 3793 2144 3858 elementorum
2207 3815 2344 3859 sese
2415 3795 2862 3876 alterantium,
2937 3801 3008 3862 et

910 3893 1050 3958 haee
1122 3895 1295 3959 aetio
1362 3914 1499 3958 non
1573 3892 1771 3958 divisi
1821 3915 1939 3980 per
1999 3895 2520 3981 inaequalitatem
2589 3898 3004 3982 qualitatum,

910 3999 1234 4080 quantum
1295 3994 1383 4059 ad
1450 3993 1734 4061 virtutes
1797 4015 2020 4060 earum
2083 4001 2154 4063 et
2213 3998 2545 4084 potentiss
2619 3999 2870 4064 activas
2937 4005 3006 4065 et

909 4097 1220 4185 passivas,
1266 4096 1687 4164 manifestum
1732 4104 1834 4164 est
1879 4101 2055 4184 quod
2097 4122 2232 4165 non
2261 4100 2392 4166 fuit
2421 4103 2494 4166 in
2538 4123 2616 4168 eo
2659 4101 3003 4188 aequalitas

907 4201 1182 4268 istarum
1210 4225 1228 4282 3
1272 4221 1395 4266 nee
1438 4200 1782 4286 aequalitas
1825 4203 2131 4288 ponderis
2174 4205 2398 4290 potuit
2441 4225 2596 4284 esse,
2626 4225 2835 4290 neque
2879 4205 2998 4270 sei·

905 4303 1058 4370 lieet
1086 4304 1444 4370 seeundum
1472 4309 1783 4370 naturam
1811 4304 2032 4391 gravis
2075 4310 2146 4370 et
2187 4305 2366 4387 levis,
2397 4327 2610 4394 neque
2644 4307 2998 4374 seeundum

906 4412 1351 4498 quantitatem
1394 4411 1794 4498 aequslitatis
1821 4434 1840 4492 ;
1907 4432 2060 4498 ergo
2103 4411 2287 4478 nulla
2328 4413 2671 4499 aequalitas
2713 4413 2844 4478 fuit
2885 4413 2996 4492 ibi,

972 4769 1279 4836 'amatim
1318 4768 1573 4836 appetitu,
1606 4765 1719 4820 MS·
1961 4765 1976 4836 ι
2065 4767 2088 4797 ²
2107 4763 2240 4833 οωιι]
2267 4765 2342 4833 ω’,
2367 4765 2480 4818 us.
