3517 5750
850 848 981 914 238
1546 860 1806 915 nomm
1849 858 2146 915 moetus
2777 848 2954 941 [cu.

844 1038 1200 1125 theologos,
1264 1036 1555 1104 Parisius
1598 1042 1667 1105 et
1732 1037 1894 1105 alibi
1956 1038 2028 1105 in
2091 1037 2323 1106 multis
2369 1038 2558 1119 locis,
2623 1040 2950 1129 vulgatur.

846 1140 939 1206 Et
1005 1140 1147 1228 ejus
1214 1140 1589 1227 reprobatio
1652 1162 1739 1209 ex
1821 1141 1944 1208 hoc
2027 1146 2129 1208 est
2203 1141 2448 1219 utilior,
2515 1142 2672 1227 quin.
2729 1166 2948 1211 secum

844 1244 1049 1310 habet
1096 1264 1391 1310 annexas
1450 1244 1695 1309 multas
1751 1246 2088 1327 veritates,
2133 1266 2284 1330 quae
2336 1244 2625 1331 pulchrae
2675 1253 2834 1314 sunt
2879 1254 2950 1315 et

844 1346 1055 1425 bonae,
1092 1346 1295 1433 juxta.
1338 1346 1685 1413 materiam
1754 1348 1828 1411 in
1871 1369 2006 1435 qua.
2067 1352 2261 1429 sunt3
2305 1351 2378 1412 et
2421 1353 2746 1434 quatenus
2804 1350 2946 1436 ejus

844 1448 1099 1517 falsitas
1170 1449 1517 1515 manifeste
1592 1453 1921 1537 appareat,
1985 1472 2228 1539 ponam
2300 1450 2549 1517 radices
2627 1453 2944 1538 quasdam

842 1550 1013 1617 circa
1055 1553 1325 1617 modum
1370 1552 1816 1618 accentuandi.

510 1652 621 1731 ‘rho
636 1668 716 1707 ¹²-
932 1652 1305 1721 Semmdum
1378 1654 1587 1742 igitur
1660 1654 1922 1723 Graeeos
1966 1660 2036 1721 et
2081 1653 2372 1735 Iatinon,
2447 1660 2528 1721 ut
2577 1642 2946 1725 Priscianus

508 1720 772 1839 33:2¹2?ss
842 1756 1047 1836 docet,
1108 1762 1179 1823 et
1228 1778 1457 1823 omnes
1514 1760 1814 1823 auctores
1867 1756 2110 1839 Latini,
2169 1761 2240 1823 et
2299 1756 2502 1822 etiam
2549 1778 2772 1824 omnes
2831 1762 2945 1846 qui

506 1855 723 1972 tiffinffi‘
838 1860 1057 1927 sciunt
1084 1864 1338 1926 mentes
1357 1858 1377 1897 ¹
1426 1864 1770 1927 auctorum
1811 1864 1882 1927 et
1911 1882 2068 1926 usus
2111 1880 2508 1941 communes,
2548 1860 2800 1927 habent
2826 1884 2945 1949 pro

510 1936 543 1985 Ρ
708 1960 719 1972 ’
838 1966 1019 2029 certo
1060 1961 1395 2051 generales
1424 1964 1681 2050 regulas
1716 1961 2186 2044 accentuandi;
2231 1962 2494 2043 scilicet,
2526 1965 2704 2048 quod
2735 1965 2946 2031 omnis

836 2066 1293 2151 monosyllaba
1336 2066 1517 2153 apud
1562 2066 1840 2131 Latinos
1893 2064 2242 2131 modernos
2287 2064 2552 2131 acuitur
2597 2065 2682 2131 de
2743 2088 2811 2132 se
2872 2074 2942 2134 et

836 2166 1246 2250 naturaliter,
1302 2169 1455 2255 quia
1506 2168 1930 2235 circumflexo
1975 2189 2110 2234 non
2169 2168 2423 2233 utimur
2465 2170 2552 2233 ad
2596 2190 2896 2256 praesens.

928 2270 1102 2337 Item
1132 2272 1344 2338 omnis
1389 2268 1808 2357 dissyllabioe,
1825 2268 1851 2307 ²
1895 2272 2098 2337 dictio
2145 2269 2386 2336 Latina
2429 2270 2632 2337 habet
2673 2276 2937 2338 acutum

836 2379 1176 2441 accentum
1266 2375 1339 2440 in
1424 2374 1653 2461 prima,
1736 2375 1895 2460 quia.
1963 2373 2383 2439 circumflexo
2457 2394 2594 2439 non
2669 2374 2937 2441 utimur.

838 2475 1015 2543 Item
1074 2476 1287 2543 omnis
1346 2475 1770 2562 trisyllabica,
1818 2477 1874 2541 si
1917 2474 2122 2541 habet
2167 2474 2600 2561 penultimam
2651 2476 2938 2558 brevem,

836 2585 917 2644 ut
984 2578 1279 2661 Tullius,
1363 2580 1542 2645 acuit
1630 2575 2242 2665 antepenultimam.
2357 2576 2432 2643 Si
2505 2578 2938 2663 penultimam

834 2682 1035 2748 habet
1090 2683 1373 2769 longam,
1442 2688 1604 2748 tunc
1677 2682 1858 2748 acuit
1917 2702 2078 2761 eam,
2147 2684 2228 2746 ut
2283 2678 2581 2763 catellus,
2631 2702 2936 2769 perosus,

835 2782 1132 2860 Athcme,
1194 2784 1351 2868 quia,
1392 2783 1812 2850 circumflexo
1869 2805 2006 2849 non
2063 2783 2335 2848 utimur.

923 2886 1181 2953 Deinde
1242 2886 1788 2954 considerandum
1835 2892 1936 2952 est
2001 2886 2180 2972 quod
2230 2885 2746 2972 monosyllabica
2796 2909 2932 2952 non

832 2988 1086 3054 amittit
1128 2993 1467 3056 accentum
1497 2994 1786 3072 acutum,
1829 2988 2131 3077 quando⁸
2163 2987 2334 3054 nihil
2377 2989 2672 3075 sequitur
2712 2990 2938 3076 ipsam,

832 3096 912 3158 ut
942 3091 990 3158 J
990 3091 1270 3158 ohannis
1300 3094 1511 3180 primo
1544 3093 1750 3181 [21.]:
1799 3099 1834 3128 “
1858 3092 2192 3180 Propheta
2221 3113 2290 3158 es
2321 3095 2446 3158 tu?
2480 3097 2550 3158 et
2579 3093 2945 3180 respondit,

835 3200 870 3230 “
917 3193 1129 3261 Non.''
1222 3195 1354 3261 Hic
1398 3195 1521 3262 hoc
1560 3217 1923 3283 pronomen
1953 3201 2034 3261 tu
2051 3195 2324 3284 ‚acuitur
2353 3193 2712 3261 secundum
2757 3194 2938 3261 Grae-

832 3319 953 3376 coe,
1002 3305 1072 3364 et
1116 3299 1470 3366 secundum
1520 3301 1875 3366 veritatem
1913 3299 2081 3362 nihil
2125 3297 2425 3384 sequitur
2487 3299 2704 3386 ipsum
2763 3297 2940 3383 quod

832 3405 1051 3488 potest
1093 3402 1429 3490 impedire,
1486 3405 1558 3467 et
1613 3401 1761 3467 ideo
1820 3397 2180 3466 secundum
2235 3421 2421 3464 suam
2472 3405 2780 3466 naturam
2833 3422 2933 3464 re-

830 3505 1005 3570 tinet
1037 3508 1307 3571 acutum
1354 3509 1744 3584 accentum;
1791 3508 1862 3569 et
1907 3503 2049 3568 haec
2094 3502 2359 3590 negatio
2403 3499 2482 3566 N
2476 3525 2568 3568 οη
2613 3501 2934 3568 similiter.

834 3607 909 3673 Si
954 3606 1154 3672 etiam
1198 3607 1420 3694 gravis
1462 3606 1721 3692 syllaba
1750 3621 1753 3624 ’
1785 3609 2114 3692 sequatur,
2163 3604 2378 3670 adhuc
2449 3603 2653 3671 dictio
2711 3623 2934 3668 mono-

833 3709 1150 3796 syllabica
1192 3711 1435 3776 retinet
1474 3715 1743 3774 acutum
1794 3713 2154 3786 accentum,
2187 3711 2268 3773 ut
2310 3713 2348 3744 “
2365 3707 2540 3772 dixit
2585 3705 2672 3772 ad
2719 3705 2881 3772 Noe.
2903 3703 2940 3732 ”

834 3813 967 3878 Hic
1034 3813 1171 3878 haec
1248 3813 1619 3898 praepositio
1690 3811 1788 3878 ad
1847 3811 2123 3889 acuitur,
2187 3809 2342 3896 quia
2393 3810 2606 3897 prima.
2683 3809 2937 3896 syllaba

832 3913 1029 3999 hujus
1072 3912 1377 3978 dictionis
1428 3911 1507 3978 N
1500 3934 1571 3978 oe
1618 3917 1954 4001 gravatur,
2002 3918 2270 4000 propter
2311 3913 2435 3977 hoc
2479 3911 2654 3997 quod
2699 3911 2938 3977 ultima

830 4015 1088 4080 acuitur
1166 4013 1341 4100 apud
1427 4013 1700 4081 Latinos
1769 4017 1841 4080 in
1909 4015 2308 4081 dictionibus
2382 4013 2727 4080 Hebraicis
2789 4037 2936 4100 quae

830 4140 965 4183 non
993 4117 1423 4184 declinantur.
1518 4117 1609 4183 Et
1654 4118 1960 4184 similiter
2003 4139 2152 4184 cum
2199 4117 2478 4184 dicimus
2557 4123 2593 4153 “
2624 4117 2802 4183 dixit
2846 4117 2934 4182 ad

832 4229 867 4258 “
911 4221 959 4288 J
962 4219 1287 4286 ohannem
1316 4245 1333 4286 ι
1358 4217 1397 4244 ''
1464 4219 1571 4285 hic
1620 4221 1719 4288 ad
1783 4222 2060 4300 acuitur,
2133 4221 2288 4305 quia
2345 4221 2559 4307 prima
2633 4221 2936 4286 dictionis

828 4323 1163 4412 sequentis
1230 4328 1563 4410 gravatur,
1630 4345 1709 4390 eo
1771 4324 1952 4411 quod
2013 4323 2380 4412 penultima
2447 4327 2548 4390 est
2591 4323 2808 4410 longa,
2853 4329 2933 4390 ut

826 4430 1028 4498 tertia
1076 4425 1307 4516 reg-ula
1350 4425 1526 4494 dicit.

890 4655 905 4686 ¹
928 4651 1125 4719 mentes]
1161 4656 1394 4710 mentem,
1428 4647 1489 4700 B.
1927 4649 2030 4778 ειιίἱ
2067 4661 2124 4699 so
2159 4647 2425 4714 trisyllaba
2457 4647 2560 4699 and
2595 4649 2937 4715 monosyllaba

1925 4729 1988 4778 be
2007 4741 2100 4778 ov.
2517 4735 2532 4750 ‘

890 4815 910 4844 ‘-’
929 4809 1259 4878 dissyllahica]
1318 4809 1603 4884 dissyllaba,
1648 4807 1711 4860 T.
1743 4807 1822 4870 13„
1989 4807 2010 4836 ³
2030 4805 2248 4873 quando]
2287 4819 2457 4872 quum,
2481 4807 2542 4858 T.
