3517 5750
568 914 695 1002 π]
1237 930 1705 983 courmmu
1749 932 2002 985 srunn.
2539 920 2671 987 433

563 1128 787 1172 omnes
853 1106 1181 1194 sapientes
1226 1106 1503 1194 antiqui,
1552 1126 1830 1192 quorum
1890 1108 2145 1197 aliquos
2213 1110 2524 1191 vidimus,
2587 1118 2668 1179 ut

559 1209 857 1295 praedixi.
938 1208 1071 1276 Sed
1114 1210 1409 1275 moderni
1454 1232 1679 1275 omnes
1724 1214 1967 1298 praeter
2010 1233 2248 1299 paucos
2295 1214 2666 1300 despiciunt

502 1390 509 1394 ‚
562 1311 683 1377 has
750 1312 1054 1377 scientias
1098 1317 1169 1378 et
1230 1312 1439 1399 gratis
1484 1317 1982 1399 persequuntur,
2031 1320 2099 1381 et
2143 1318 2433 1383 maxime
2477 1319 2664 1384 theo-

560 1414 695 1501 logi
746 1414 861 1479 isti
918 1415 1095 1493 novi,
1142 1414 1389 1480 scilicet
1439 1415 1627 1501 pueri
1672 1416 1952 1481 duorum
1998 1418 2320 1498 ordinum,
2370 1424 2451 1485 ut
2498 1420 2668 1487 sola·

557 1518 729 1581 tium
770 1538 905 1583 suae
948 1517 1297 1604 imperitiae
1356 1517 1664 1595 habeant,
1712 1520 1782 1583 et
1826 1540 1978 1584 suas
2040 1522 2398 1587 ostendant
2442 1545 2664 1589 coram

559 1619 989 1686 multitudine
1050 1618 1261 1684 stulta
1324 1618 1675 1685 vanitates.
1795 1620 1889 1686 Et
1948 1622 2022 1685 in
2065 1622 2200 1687 suis
2243 1622 2658 1707 lectionibus,

560 1721 1154 1808 praedicationibus,
1201 1726 1271 1787 et
1328 1721 1631 1799 consiliis,
1680 1742 1936 1809 semper
1987 1724 2226 1789 docent
2271 1730 2500 1793 contra
2543 1728 2662 1793 has

557 1825 880 1905 scientias,
911 1828 981 1890 et
1024 1828 1237 1889 totam
1280 1823 1691 1889 studentium
1735 1830 2028 1891 mentem
2069 1833 2547 1896 revocaverunt
2575 1830 2662 1896 ab

558 1926 703 1992 istis
770 1926 1077 2005 scientiis,
1156 1929 1225 1992 et
1280 1926 1428 1991 ideo
1492 1930 1718 1992 errant
1795 1948 1944 1993 cum
2007 1930 2310 1996 omnibus
2380 1936 2520 1997 tam
2588 1933 2662 1999 in

556 2029 929 2095 substantia
972 2028 1177 2095 studii
1222 2049 1421 2114 quam
1464 2028 1537 2094 in
1581 2030 1794 2095 modu.
1920 2030 2014 2097 Et
2057 2032 2150 2097 sic
2193 2032 2366 2119 perit
2407 2034 2660 2123 primus

555 2132 797 2217 gradus
869 2130 1226 2218 sapientise,
1284 2130 1528 2197 scilicet
1594 2136 1677 2197 ut
1759 2132 2209 2199 consideratur
2279 2136 2352 2199 in
2418 2135 2656 2216 studi0,

556 2240 881 2319 quatenus
948 2255 1171 2299 omnes
1245 2232 1360 2297 alii
1434 2232 1679 2320 gradus
1746 2234 2193 2317 destruantur,
2253 2237 2426 2303 sicut
2489 2238 2658 2303 infe·

554 2337 691 2400 rius
734 2336 877 2401 luce
938 2336 1177 2402 clarius
1246 2331 1621 2402 relucescet.
1745 2335 1878 2402 Hae
1941 2358 2098 2403 vero
2159 2338 2450 2405 scientiae
2501 2346 2658 2407 sunt

552 2439 729 2505 istae:
800 2438 1077 2504 scientia
1144 2438 1523 2524 linguarum
1581 2438 2086 2525 sapientialium,
2171 2440 2655 2524 mathematica,

551 2541 971 2627 perspectiva,
1020 2540 1314 2621 alkimia,
1360 2540 1635 2606 scientia
1696 2542 2246 2629 experimentalis.
2358 2543 2654 2624 Quarum

552 2643 855 2709 doctrina
926 2643 1100 2709 sicut
1166 2648 1268 2709 est
1332 2641 1561 2708 utilior
1628 2642 1775 2709 aliis
1843 2644 2147 2730 partibus
2227 2644 2655 2734 philosophiae

550 2748 643 2811 sic
706 2750 775 2811 et
847 2744 1115 2823 facilior,
1181 2746 1337 2811 licet
1399 2743 1527 2811 hoc
1590 2745 1831 2825 nolunt
1897 2746 2266 2834 intelligere
2333 2749 2648 2829 moderni,

550 2854 620 2915 et
663 2847 1120 2916 difficultatem
1177 2847 1507 2936 recipiunt
1548 2848 1621 2914 in
1665 2848 1972 2916 omnibus
2029 2849 2178 2916 aliis
2235 2850 2524 2920 scientiis
2585 2860 2656 2921 et

548 2975 849 3019 errorem.
964 2951 1143 3018 Scire
1186 2953 1365 3017 enim
1431 2951 1561 3016 ista
1603 2973 1737 3018 non
1805 2959 1908 3020 est
1970 2953 2224 3039 pondus
2285 2975 2654 3042 aggravans

548 3056 663 3121 sed
705 3055 1040 3135 allevians,
1088 3055 1261 3120 sicut
1304 3054 1547 3141 plumae
1591 3055 1820 3120 avium
1849 3060 2023 3133 sunt,
2058 3055 2300 3140 quibus
2339 3057 2650 3144 depositis

548 3177 683 3222 non
746 3157 1090 3222 elevantur
1158 3156 1231 3221 in
1304 3161 1468 3234 skire,
1536 3161 1606 3222 et
1667 3157 1839 3223 sicut
1913 3157 2234 3243 quadriga
2296 3179 2444 3225 cum
2519 3181 2652 3246 qua

546 3281 751 3346 equus
796 3259 945 3345 plus
990 3259 1072 3324 de
1130 3258 1417 3344 pondere
1478 3258 1691 3324 trahit
1757 3279 1958 3344 quam
2017 3259 2092 3323 in
2151 3258 2341 3324 dorso
2385 3263 2650 3348 proprio

545 3362 713 3427 ferre
756 3362 981 3448 possit.
1103 3358 1195 3426 Et
1260 3360 1410 3425 ideo
1472 3359 1772 3426 homines
1845 3359 2124 3426 scientes
2167 3361 2287 3425 has
2345 3361 2648 3428 scientias

545 3469 821 3552 possunt
866 3484 1091 3530 omnes
1158 3462 1240 3544 de
1304 3461 1485 3528 facili
1530 3463 1713 3542 scire,
1778 3467 1851 3528 et
1907 3463 2056 3548 plus
2122 3461 2432 3547 proficere
2495 3486 2646 3550 pos-

544 3572 703 3632 sunt
778 3567 850 3630 in
924 3585 1128 3652 parvo
1203 3569 1498 3651 tempore
1572 3565 1645 3629 in
1720 3564 1870 3630 aliis
1944 3563 2250 3644 scientiis,
2299 3587 2496 3650 quam
2569 3566 2646 3632 in

544 3669 833 3735 maximo
878 3667 1225 3755 proficiant
1270 3668 1411 3732 sine
1454 3667 1599 3732 illis.

633 3771 859 3837 Prima
919 3772 1125 3858 igitur
1198 3775 1298 3836 est
1360 3769 1636 3836 scientia
1706 3769 2088 3857 linguarum
2153 3769 2642 3856 sapientialium
2668 3787 2899 3844 Amount
2911 3793 2975 3843 of

541 3899 585 3940 a
658 3875 897 3962 quibus
970 3879 1117 3940 tota
1194 3872 1585 3938 Latinorum
1673 3872 2002 3960 sapientia
2084 3872 2414 3939 translata
2495 3879 2596 3940 est

2627 3899 2640 3914 ,
2667 3857 2978 3923 proficiency

2625 3927 2642 3954 ’
2665 3922 2902 3987 requisite
2918 3925 2974 3975 in

538 3977 899 4065 cujusmodi
980 3981 1137 4042 sunt
1234 3975 1552 4054 Graecum,
1647 3975 2027 4057 Hebraeum,
2104 3975 2479 4054 Arabicum,
2571 3983 2642 4043 et
2665 3989 2750 4040 the
2771 3991 2886 4040 lan·

542 4081 941 4148 Chaldaeum.
1061 4078 1221 4144 Non
1296 4083 1521 4144 tamen
1594 4077 1894 4164 intelligo
1968 4081 2047 4144 ut
2121 4078 2401 4164 quilibet
2473 4081 2642 4147 sciat
2665 4071 2870 4123 &⁰⁸80ss-

539 4185 659 4249 has
726 4184 993 4270 linguas
1056 4182 1229 4248 sicut
1296 4186 1664 4246 maternam
1738 4181 1814 4245 in
1859 4202 2018 4268 „qua
2089 4185 2289 4246 natus
2363 4187 2484 4264 est,
2559 4187 2640 4250 ut

538 4309 657 4352 nos
717 4285 1050 4371 loquimur
1116 4283 1487 4372 Anglicum‚
1554 4281 1899 4363 Gallicum,
1967 4287 2038 4348 et
2098 4282 2457 4366 Latinum3
2518 4305 2640 4350 nec

538 4396 617 4455 ut
685 4389 964 4454 sciamus
1037 4391 1303 4453 tantum
1382 4383 1463 4448 de
1528 4383 1633 4449 his
1690 4383 1936 4470 linguis
2009 4389 2088 4449 ut
2163 4384 2444 4470 quilibet
2515 4385 2640 4452 fiat

536 4496 875 4580 interpres,
947 4497 1016 4557 et
1075 4488 1425 4556 transferre
1483 4484 1691 4575 possit
1765 4487 1839 4552 in
1911 4487 2208 4574 linguam
2269 4492 2636 4554 maternam

539 4597 845 4662 Latinam
944 4593 1285 4659 scientiam
1372 4591 1453 4657 de
1546 4589 1794 4676 linguis
1877 4589 2026 4654 illis.
2167 4587 2302 4655 Sed
2395 4592 2636 4656 tertius

534 4699 777 4786 gradus
836 4697 945 4762 hic
1006 4694 1347 4782 eligendus
1413 4697 1532 4772 est,
1603 4691 1721 4779 qui
1779 4691 2128 4758 facillimus
2194 4695 2298 4757 est
2363 4691 2635 4758 habenti

534 4801 883 4879 doctorem,
930 4788 1177 4867 scilicet
1239 4801 1321 4865 ut
1384 4795 1663 4864 sciamus
1738 4795 1820 4862 de
1877 4794 1984 4860 his
2060 4801 2384 4881 quantum
2457 4793 2634 4860 suffi-

709 4929 861 4983 VOL.
906 4929 953 4982 1.
2253 4926 2298 4974 Ε
2326 4926 2370 4975 Ε
