3517 5750
854 844 987 911 240
1602 860 1858 911 noctur
1903 858 2193 911 moon-ts
2789 844 2964 935 [cu.

852 1058 1125 1123 sequens
1172 1038 1370 1103 dictio
1416 1038 1505 1103 sit
1550 1036 1982 1124 dissyllabica,
2018 1042 2096 1103 ut
2137 1036 2376 1104 David
2405 1040 2605 1123 φορῶ.
2681 1038 2774 1105 Et
2800 1038 2922 1104 hoc
2943 1037 2964 1075 ¹

848 1142 1087 1207 iterum
1135 1140 1575 1219 confirmatur,
1609 1140 1770 1227 quia
1797 1140 2058 1226 syllaba.
2101 1140 2496 1207 naturaliter
2539 1143 2758 1229 gravis
2800 1164 2965 1229 prae-

848 1244 1079 1311 cedens
1154 1266 1427 1331 gravem
1495 1244 1567 1309 in
1654 1249 1920 1309 acutam
1983 1244 2290 1321 vertitur,
2339 1249 2419 1311 ut
2485 1243 2674 1310 dimit
2735 1243 2964 1311 Jacob.

850 1347 1111 1413 Ultima
1152 1347 1351 1432 hujus
1396 1345 1705 1413 dictionis
1751 1344 1942 1412 dixit
1987 1350 2089 1412 est
2149 1347 2392 1433 graviS,
2439 1348 2803 1413 secundum
2867 1370 2964 1413 se-

848 1450 1130 1516 cundam
1176 1450 1490 1536 regulam,
1556 1448 1672 1513 sed
1734 1449 2013 1528 acuitur,
2061 1449 2220 1535 quia
2287 1451 2502 1537 prima
2571 1450 2768 1536 hujus
2831 1450 2963 1516 dic-

847 1552 1051 1619 tionis
1128 1552 1474 1617 Hebraicae
1540 1550 1753 1618 Jacob
1827 1556 2192 1639 gravatum
2269 1574 2425 1619 nam
2502 1552 2746 1618 ultima
2819 1553 2962 1639 ejus

852 1656 1124 1722 acuitur.

942 1758 1033 1823 Et
1106 1758 1306 1825 tertio
1381 1758 1808 1823 confirmatur
1879 1756 2002 1823 hoc
2077 1778 2196 1845 per
2263 1758 2571 1839 Graecos3
2638 1779 2794 1823 nam
2863 1760 2962 1824 ita

852 1862 1105 1928 faciunt
1168 1861 1397 1939 Graeoi,
1444 1882 1608 1947 quos
1656 1860 1882 1927 Latini
1937 1860 2302 1927 imitantur.
2394 1860 2570 1927 Nam
2635 1861 2682 1925 J
2683 1860 2962 1927 ohannis

852 1966 1081 2052 primo,
1128 1964 1287 2029 “Tu
1333 1964 1478 2049 quis
1522 1985 1590 2028 es
1610 1961 1671 2029 Y'
1740 1967 1811 2029 et
1886 1972 1925 1998 “
1947 1962 2104 2028 Non
2173 1984 2318 2028 sum
2389 1985 2510 2049 ego
2574 1962 2878 2029 Christus
2904 1965 2962 2030 :'’

854 2068 960 2134 hic
1040 2068 1145 2134 Tu
1220 2070 1291 2133 et
1350 2062 1515 2133 Non
1576 2064 1938 2131 secundum
2007 2064 2270 2131 Graecos
2343 2071 2725 2152 gravantur,
2805 2070 2961 2153 quia

854 2170 1012 2257 quie
1054 2176 1125 2235 ct
1166 2190 1325 2235 sum
1370 2168 1841 2253 monosyllaboe
1886 2168 2200 2235 acuendae
2243 2174 2622 2254 sequuntur.

944 2273 1037 2339 Et
1080 2274 1385 2338 similiter
1428 2272 1653 2358 gravis
1698 2271 1769 2335 in
1815 2274 2080 2337 acutum
2127 2271 2417 2336 vertitur
2479 2272 2656 2358 apud
2709 2294 2835 2350 θος,
2883 2278 2962 2339 ut

850 2384 1041 2467 patet
1082 2380 1153 2444 in
1198 2376 1601 2444 dictionibus
1667 2375 2189 2463 praecedentibus
2241 2381 2462 2463 partes
2521 2399 2670 2463 quae
2714 2378 2962 2445 habent

853 2482 991 2547 vim
1059 2477 1374 2559 enclesis,2
1434 2484 1515 2545 ut
1579 2476 1806 2553 ὃέὸοκίις
1851 2476 1999 2561 μοι,8
2067 2478 2106 2543 i.
2125 2500 2182 2543 e.
2231 2478 2486 2545 dedisti
2545 2479 2745 2545 mihi.
2836 2480 2959 2546 Ul·-

854 2586 1021 2650 tima
1068 2582 1261 2669 hujus
1304 2580 1615 2649 dictionis
1662 2580 1890 2655 δὲδοκας
1909 2580 1936 2618 ⁴
1982 2586 2084 2647 est
2127 2582 2352 2667 gravis
2398 2584 2810 2663 naturaliter,
2843 2585 2958 2650 sed

852 2688 1111 2753 acuitur
1213 2690 1483 2773 propter
1586 2682 1959 2750 encliticam
2049 2683 2446 2764 dictionem;
2537 2686 2695 2771 quia
2783 2687 2959 2773 apud

856 2789 1115 2855 Graeeos
1158 2789 1282 2853 hoc
1326 2807 1686 2875 pronomen
1731 2782 1862 2869 μοι5
1891 2790 1992 2851 est
2035 2786 2429 2851 encliticuxn.
2475 2786 2568 2851 Et
2611 2787 2732 2853 hoc
2770 2789 2960 2855 docet

855 2892 1225 2957 Priscianus
1267 2891 1340 2956 in
1384 2890 1553 2956 libro
1600 2889 1683 2956 de
1730 2889 2143 2955 Pronomine.
2237 2889 2416 2954 Nam
2461 2891 2766 2976 quaedam
2814 2915 2962 2979 pro-

852 2995 1123 3060 nomina
1185 2992 1415 3060 Graeca
1476 2997 1635 3059 sunt
1698 2992 2018 3069 absoluta,
2083 2997 2154 3057 et
2218 2992 2334 3057 illa
2396 2998 2553 3061 sunt
2617 2995 2960 3078 enclitica3

855 3097 1154 3185 quaedam
1199 3096 1578 3184 respectiva,
1628 3099 1697 3161 et
1740 3095 1858 3161 illa
1899 3117 2038 3160 non
2081 3099 2238 3161 sunt
2281 3095 2460 3161 talia.

946 3199 1052 3264 Ex
1116 3199 1219 3264 his
1286 3199 1583 3286 sequitur
1642 3197 1820 3284 quod
1880 3197 1939 3264 si
2002 3197 2460 3282 monosyllaba
2521 3199 2718 3264 aliam
2793 3223 2958 3287 prae-

855 3303 1063 3384 cedat,
1138 3301 1355 3391 prima
1413 3301 1497 3368 de
1562 3299 1713 3386 jure
1760 3304 2094 3387 gravatur,
2172 3304 2252 3364 ut
2329 3301 2566 3388 “apud
2631 3306 2700 3368 te
2765 3309 2869 3368 est
2904 3302 2962 3383 ;’'

854 3406 1160 3473 similiter
1207 3411 1245 3443 “
1264 3410 1333 3472 et
1378 3405 1555 3471 facta
1599 3408 1701 3469 est
1744 3402 1921 3468 lux?
1974 3401 2108 3468 Hic
2151 3409 2212 3468 te
2252 3413 2586 3491 gravatur,
2619 3406 2776 3490 quia
2817 3405 2960 3472 haec

856 3511 1057 3576 dictio
1132 3516 1227 3576 est
1294 3513 1489 3574 acuta
1556 3506 1872 3592 sequitur.
1963 3504 2302 3585 Similiter,
2365 3506 2438 3570 in
2501 3507 2784 3573 secundo
2847 3529 2960 3575 ex-

856 3612 1073 3698 emplo
1117 3618 1211 3678 est
1254 3619 1589 3698 gravatur,
1636 3607 1794 3696 quia
1837 3605 1962 3674 lux
2005 3607 2300 3674 acuenda
2341 3607 2653 3694 sequitur.

948 3714 1078 3780 Sed
1152 3718 1385 3779 contra
1457 3711 1599 3777 haec
1672 3709 1960 3798 insurgit
2033 3710 2284 3776 famosa
2359 3712 2580 3798 opinio
2651 3717 2722 3777 et
2806 3735 2962 3778 usus

856 3817 1178 3895 solemnis,
1227 3815 1516 3879 Parisius
1560 3811 1664 3880 et⁸
1708 3813 1888 3890 alibi,
1935 3813 2296 3878 multorum
2339 3814 2817 3880 modernorum.
2865 3816 2962 3880 di·

860 3918 1152 3983 centium
1198 3915 1375 4002 quod
1418 3915 1574 3982 so'lae
1624 3915 2096 4002 monosyllabae
2157 3914 2654 3982 indeclinabiles
2699 3923 2963 3982 mutan·

859 4024 1001 4100 tur;
1047 4016 1467 4084 declinabiles
1496 4038 1653 4084 vero
1699 4039 1836 4084 non
1882 4022 2150 4083 mutant
2185 4022 2526 4084 accentum
2571 4021 2958 4086 naturalem.

860 4122 951 4186 Et
994 4120 1142 4186 ideo
1188 4141 1337 4186 cum
1382 4120 1624 4188 dicitur
1684 4121 1758 4186 in
1802 4121 1936 4186 fine
1980 4141 2205 4186 versus
2275 4127 2313 4158 “
2338 4121 2454 4207 qui
2513 4121 2672 4199 ait,’'
2732 4115 2963 4188 dicunt

857 4223 1036 4310 quod
1079 4222 1209 4311 qui
1251 4223 1525 4301 acuitur,
1595 4228 1665 4291 et
1728 4245 1866 4290 non
1933 4229 2296 4310 gravatur3
2371 4227 2440 4289 et
2501 4224 2595 4290 sic
2656 4224 2738 4289 de
2781 4223 2961 4290 aliis⁷

926 4475 943 4506 ¹
966 4473 1080 4541 hoc]
1119 4489 1220 4527 om,
1242 4473 1305 4525 Τ.
2031 4473 2050 4503 ⁴
2073 4471 2291 4539 δέδοικας]
2329 4470 2548 4523 Written
2587 4473 2640 4523 in
2675 4473 2872 4526 Roman
2906 4475 2960 4524 in

1964 4551 2175 4698 'Il-⁸20]
2201 4632 2292 4696 mi,
2315 4631 2378 4682 B.
2405 4632 2484 4692 T„
2505 4639 2557 4684 et
2577 4647 2742 4698 snpra.

928 4711 949 4741 ¹
970 4709 1161 4759 δέδοικάς
1179 4709 1284 4776 μοι]
1321 4708 1541 4762 Written
1574 4709 1631 4759 in
1664 4707 1862 4759 Roman
2029 4712 2050 4741 ⁸
2071 4711 2144 4777 et]
2181 4727 2281 4761 om.
2309 4711 2372 4763 B.

864 4789 919 4838 in
941 4789 1004 4839 Τ.
1032 4789 1093 4840 Β.
2029 4792 2047 4820 ”
2069 4790 2212 4860 aliis]
2249 4794 2452 4850 multis:
2489 4810 2586 4846 om.
2607 4793 2670 4846 Τ.

927 4595 949 4624 ²
974 4591 1197 4658 enclesis]
1237 4591 1453 4652 enclisis,
1474 4591 1537 4641 Β.
