3517 5750
574 896 914 985 xxxvm]
1356 913 1533 963 orus
1574 872 1897 964 Tnnrmn.
2548 900 2674 965 129

570 1106 792 1171 genus,
860 1090 931 1151 et
992 1106 1247 1172 semper
1290 1085 1439 1152 duae
1482 1086 1726 1173 species
1785 1087 2154 1153 alterantur
2217 1086 2306 1152 ad
2371 1084 2672 1162 invicem,
2703 1104 3010 1174 Whygenm

573 1188 727 1273 quia
792 1188 1129 1273 generatio
1196 1189 1395 1253 unius
1468 1194 1571 1255 est
1637 1190 1970 1276 corruptio
2040 1188 2330 1255 alterius,
2449 1188 2674 1253 Genus
2698 1175 2925 1295 {ssftff‘d

572 1291 747 1355 enim
822 1312 957 1355 non
1031 1295 1133 1356 est
1206 1291 1279 1355 in
1353 1296 1683 1377 potestate
1750 1292 2056 1377 proxima
2129 1291 2260 1356 nisi
2337 1291 2424 1357 ad
2506 1289 2673 1355 duas
2699 1259 2894 1373 speeie?
2909 1316 3012 1366 and

570 1391 827 1478 species,
874 1398 945 1457 et
986 1414 1241 1479 semper
1284 1398 1387 1457 est
1430 1393 1553 1458 sub
1599 1393 1810 1457 altera
1853 1393 2133 1459 illarum.
2230 1393 2363 1459 Sed
2407 1391 2671 1479 quando
2696 1376 2965 1497 gffigffiff

570 1515 771 1581 agens
844 1494 1150 1561 naturale
1224 1496 1585 1582 corrumpit
1629 1518 1848 1575 unam,
1895 1500 2170 1583 generat
2245 1496 2444 1561 aliam
2477 1520 2493 1576 ;
2592 1500 2672 1559 ut
2926 1483 2940 1498 ⁹

571 1595 824 1681 aliquid
868 1602 972 1662 est
1013 1618 1356 1662 commune
1400 1596 1634 1662 semini
1696 1601 1766 1662 et
1809 1598 2097 1675 animali,
2153 1598 2398 1664 scilicet
2445 1619 2675 1683 corpus

572 1699 876 1779 mixtum,
942 1704 1011 1763 et
1054 1699 1313 1764 tollitur
1354 1704 1601 1765 natura
1644 1700 1912 1765 seminis
1956 1700 2030 1765 in
2096 1700 2522 1787 generatione
2587 1700 2674 1764 ab

572 1798 703 1877 illo,
750 1806 819 1866 et
878 1801 959 1866 fit
1025 1800 1293 1866 animal.
1389 1801 1481 1866 Et
1526 1802 1683 1886 quia
1746 1823 1940 1867 omne
2003 1803 2171 1868 illud
2216 1802 2394 1888 quod
2456 1807 2558 1867 est
2601 1803 2674 1866 in

573 1904 872 1988 potent-ia
917 1904 1003 1967 ad
1048 1903 1247 1982 aliud,
1280 1908 1349 1968 et
1394 1908 1495 1967 est
1537 1902 2040 1969 fundamentum
2073 1904 2367 1983 aliorum,
2401 1909 2677 1969 vocatur

575 2005 913 2069 materiale
957 2004 1355 2092 principium
1423 2010 1493 2070 et
1560 2006 1857 2085 materia,
1925 2006 2072 2071 ideo
2139 2028 2346 2093 genus
2403 2008 2679 2070 vocatur

576 2107 867 2183 materia,
939 2106 1183 2193 species
1246 2112 1315 2172 et
1390 2106 1784 2174 differentiae
1851 2114 2174 2173 vocantur
2240 2107 2480 2173 formae.
2605 2107 2678 2171 Si

574 2210 781 2295 igitur
842 2230 1289 2295 comparemus
1343 2208 1607 2303 omnia¹
1688 2210 1778 2274 ad
1849 2230 2090 2295 genera,
2151 2231 2288 2285 sua,
2349 2208 2681 2274 reddendo

576 2312 869 2399 singulas
942 2312 1185 2399 species
1254 2332 1657 2397 coaequaevas
1723 2311 2002 2397 singulis
2085 2312 2453 2396 generibus,
2515 2316 2676 2376 tunc

574 2415 797 2479 omnia
891 2424 1047 2481 sunt
1124 2435 1333 2479 unum
1412 2434 1669 2501 genere,
1772 2418 1843 2478 et
1916 2411 2064 2477 ideo
2140 2413 2437 2489 materia,
2516 2412 2675 2497 quia

578 2517 851 2582 materia
896 2523 966 2582 et
1008 2538 1217 2604 genus
1257 2516 1436 2581 idem
1506 2521 1704 2595 sunt;
1773 2514 1889 2580 sed
1935 2514 2256 2580 differunt
2315 2514 2540 2591 forma,
2605 2516 2674 2580 id

574 2624 693 2695 est,
760 2619 1135 2685 differentia
1196 2618 1533 2705 specifica:
1601 2623 1697 2682 ub
1744 2618 2122 2682 substantia.
2187 2618 2564 2705 incorporea
2609 2624 2678 2683 et

574 2742 879 2807 corporea
943 2727 1101 2786 sunt
1168 2742 1377 2786 unum
1445 2720 1517 2785 in
1585 2740 1824 2806 genere
1887 2740 2022 2799 ωηο,
2099 2718 2346 2785 scilicet
2404 2741 2673 2807 genera-

574 2822 838 2905 lissimO,
871 2824 1029 2910 quia
1074 2824 1147 2889 in
1191 2822 1585 2903 substantia,
1618 2822 1795 2908 quod
1841 2826 1942 2888 est
1985 2844 2210 2910 genus
2241 2827 2400 2889 sunt
2431 2844 2675 2905 unum;

575 2925 688 2991 sed
733 2926 1049 2992 differunt
1093 2925 1485 2992 differentiis
1527 2925 1860 3012 specificis,
1906 2946 2055 3010 quae
2099 2931 2258 2991 sunt
2299 2947 2676 3013 corporeum

576 3033 647 3093 et
690 3029 1153 3115 incorporeum.
1266 3027 1357 3093 Et
1404 3027 1637 3092 coelum
1686 3032 1756 3091 et
1801 3047 2032 3112 corpus
2078 3027 2474 3094 elementare
2517 3035 2677 3094 sunt

576 3151 783 3196 unum
830 3131 901 3195 in
968 3151 1249 3216 corpore,
1316 3128 1431 3196 sed
1500 3127 1824 3194 differunt
1891 3127 2284 3195 differentiis
2342 3130 2676 3216 specificis,

578 3254 725 3320 quse
771 3237 929 3298 sunt
975 3233 1231 3298 coeleste
1278 3237 1347 3296 et
1390 3253 1525 3296 non
1569 3230 1839 3296 coeleste.
1955 3231 2047 3296 Et
2097 3232 2187 3296 sic
2241 3231 2322 3296 de
2375 3232 2678 3297 omnibus

574 3335 907 3422 speciebus
970 3333 1359 3420 coaequaevis
1376 3333 1403 3370 ²
1455 3333 1850 3420 comparatis
1901 3333 1990 3397 ad
2035 3353 2228 3396 suum
2275 3353 2495 3418 genus.
2588 3332 2678 3397 Et
2703 3365 2767 3415 In
2790 3364 2925 3416 what

576 3437 893 3515 similiter,
918 3437 977 3502 si
1006 3437 1229 3502 omnia
1257 3442 1719 3522 comparantur
1748 3434 1834 3500 ad
1864 3455 2070 3522 genus
2098 3432 2676 3520 generalissimum,
2704 3445 2846 3512 §⁶⁰⁸0
2861 3431 3004 3482 there

576 3541 797 3605 omnia
839 3545 997 3604 sunt
1041 3561 1249 3604 unum
1280 3538 1353 3603 in
1382 3558 1477 3617 ec,
1524 3541 1595 3603 et
1646 3538 1867 3624 ipsum
1911 3541 2014 3602 est
2059 3534 2354 3614 materia,
2385 3556 2534 3620 quae
2579 3539 2681 3600 est
2704 3499 2891 3616 ’,ἓξὲξ
2907 3513 3004 3612 2¹2⁶

577 3641 650 3707 in
694 3641 995 3728 potentia.
1034 3640 1123 3705 ad
1166 3640 1401 3706 omnia.
1458 3640 1550 3705 Et
1579 3639 1638 3704 si
1670 3638 1751 3704 de
1782 3635 2198 3704 naturalibus
2233 3637 2428 3702 rebus
2457 3635 2681 3722 loqua-
2704 3633 2772 3684 ⁸1¹
2793 3629 2978 3696 things,

580 3765 729 3809 mur
758 3743 987 3824 solum,
1020 3747 1181 3808 tunc
1212 3743 1436 3807 omnia
1481 3746 1641 3806 sunt
1685 3761 1894 3806 unum
1930 3737 2291 3805 secundum
2337 3737 2680 3804 materiam

574 3845 964 3926 naturalem,
998 3867 1147 3930 quae
1178 3848 1281 3910 est
1310 3843 1586 3910 tertium
1614 3865 1840 3929 genus,
1873 3842 2117 3908 scilicet
2144 3841 2518 3908 substantia
2547 3863 2682 3908 cor-

580 3969 775 4034 porea
816 3969 953 4013 non
1014 3947 1339 4026 coelestis3
1409 3946 1567 4031 quia
1611 3945 1795 4011 istud
1839 3950 1942 4010 est
1988 3965 2329 4010 commune
2381 3944 2686 4011 omnibus

578 4050 1008 4130 naturalibus,
1041 4053 1111 4114 et
1154 4053 1253 4114 est
1296 4049 1371 4113 in
1413 4046 1717 4134 potentia
1759 4047 1846 4112 ad
1891 4047 2128 4126 omnia,
2159 4050 2228 4111 et
2257 4046 2584 4112 dividitur
2611 4049 2684 4112 in

580 4153 801 4218 omnia
826 4177 843 4232 ;
889 4157 957 4217 et
998 4153 1089 4217 sic
1132 4151 1423 4217 intendit
1453 4149 1860 4215 Aristoteles.
1952 4149 2043 4214 Et
2072 4149 2144 4213 in
2172 4148 2278 4212 his
2305 4148 2520 4214 modis
2547 4171 2683 4215 non

578 4255 863 4320 sumitur
894 4253 1172 4320 materia
1199 4253 1375 4319 sicut
1402 4253 1474 4317 in
1520 4273 1731 4318 errore
1777 4251 1969 4318 dicto,
2038 4250 2106 4315 N
2109 4273 2216 4316 am
2261 4251 2358 4316 ibi
2399 4251 2686 4317 sumitur

582 4380 701 4444 pro
768 4357 1045 4423 materia.
1112 4378 1261 4442 quae
1328 4361 1432 4421 est
1499 4355 1713 4422 altera
1765 4375 1918 4442 pars
1978 4351 2340 4438 compositi,
2389 4375 2538 4438 quae
2583 4358 2684 4419 est

598 4581 789 4589 ψ-

650 4736 665 4766 ¹
688 4752 1010 4803 comparemus
1020 4736 1209 4820 omnia]
1247 4735 1416 4788 omnia
1448 4749 1585 4786 com—
1748 4731 1771 4762 ²
1791 4726 2094 4792 eooequoeve‘s]
2132 4725 2368 4792 conquis,
2403 4723 2466 4775 Τ·

582 4829 830 4879 paremus,
865 4817 928 4866 Τ.

762 4925 917 4974 voL.
966 4925 1009 4974 1.
2389 4915 2419 4964 1
