3517 5750
226 0 279 9 v·-
296 0 439 12 *uun-

575 896 803 984 nm]
1369 914 1543 965 orus
1586 915 1906 965 ‘mm-mu.
2558 902 2678 965 161

571 1093 709 1170 pua,
760 1083 909 1151 aut¹
960 1087 1133 1151 siout
1178 1085 1331 1173 pars
1384 1087 1457 1151 in
1508 1092 1671 1164 toto,
1724 1092 1847 1151 aut
1899 1086 2078 1152 'siout
2125 1091 2345 1152 totum
2394 1086 2681 1151 divisum

566 1207 609 1249 a
670 1191 829 1253 toto.
926 1186 1058 1253 Sed
1125 1188 1514 1254 alimentum
1582 1190 1765 1254 intra
1832 1194 2089 1276 partem
2135 1188 2479 1254 ‘nutritam
2544 1212 2680 1254 non

566 1293 787 1374 potest
852 1310 991 1355 esse
1052 1294 1271 1356 totum
1338 1292 1628 1357 divisum
1686 1313 1729 1356 a
1791 1296 1935 1357 toto
1988 1292 2060 1357 in
2115 1290 2674 1370 dimensionibus3

566 1390 722 1475 quia
778 1396 941 1457 tuno
999 1398 1216 1459 essent
1282 1393 1475 1481 plura
1532 1415 1800 1480 corpora
1865 1392 2077 1459 simul.
2169 1393 2238 1459 N
2240 1415 2313 1459 eo
2356 1398 2459 1459 est
2504 1394 2675 1458 siout

564 1515 715 1579 pars
777 1496 993 1559 carnis
1055 1495 1293 1582 aliqua,
1344 1496 1500 1583 quia
1542 1502 1703 1562 tuno
1763 1494 2028 1561 residua
2085 1517 2221 1560 non
2283 1501 2671 1581 augmenta·

564 1600 791 1675 retur3
837 1602 907 1662 et
952 1596 1111 1682 quia
1150 1598 1363 1663 adhuc
1408 1618 1542 1663 non
1589 1602 1692 1663 est
1730 1598 2121 1663 alimentum
2167 1619 2552 1663 conversum
2600 1598 2671 1661 in

563 1719 838 1765 earnem.
932 1698 1108 1786 Ergo
1152 1721 1287 1765 non
1332 1704 1433 1765 est
1477 1700 1689 1765 simile
1735 1700 1820 1765 de
1862 1704 2105 1786 vapore
2153 1704 2223 1765 et
2267 1700 2599 1766 alimento.

659 1800 933 1883 Iterum,
982 1803 1153 1869 siout
1196 1824 1402 1889 vapor
1462 1803 1542 1868 fit
1602 1800 1980 1890 corporeus²
2023 1804 2098 1868 in'
2157 1804 2364 1881 exitu,
2411 1804 2505 1868 sio
2554 1802 2674 1868 ali-

566 1909 865 1970 mentum
926 1906 1007 1972 fit
1066 1906 1515 1993 incorporeum
1580 1907 1653 1971 in
1727 1908 2066 1994 ingressu3
2134 1906 2248 1972 sed
2316 1928 2526 1993 vapor
2589 1908 2670 1971 fit

564 2006 755 2072 vere³
798 2028 1032 2096 corpus
1090 2008 1166 2073 in
1220 2009 1429 2087 exitu,
1492 2030 1648 2095 ergo
1708 2008 2102 2074 alimentum
2177 2008 2258 2073 fit
2320 2030 2474 2073 vere
2535 2028 2670 2072 non

563 2130 795 2195 eorpus
837 2110 910 2175 in
954 2110 1279 2192 introitu3
1344 2115 1414 2177 et
1458 2111 1559 2178 ita
1602 2110 1795 2177 fieret
1841 2110 2218 2175 substantia
2261 2108 2668 2195 spiritualis;

564 2212 737 2297 quod
783 2218 885 2278 ost
928 2212 1307 2280 absurdum.

650 2312 742 2379 Et
784 2314 932 2380 ideo
985 2320 1086 2381 est
1130 2316 1261 2381 alia
1320 2315 1561 2402 positio
1606 2314 1858 2380 famosa.
1909 2317 1980 2379 et
2032 2313 2318 2379 hominis
2377 2313 2668 2379 famosis·
2695 2320 2792 2399 ῌίε
2813 2323 2979 2388 objec-

558 2417 706 2481 simi
750 2418 822 2481 in
866 2417 1321 2483 naturalibus:
1385 2418 1650 2493 seilicet,
1712 2416 1890 2501 quod
1944 2416 2337 2481 alimentum
2385 2435 2520 2480 non
2565 2417 2664 2479 in-
2693 2391 3008 2518 ἓζζξξὶζξιὼθ

558 2524 695 2584 trat
738 2541 971 2606 eorpus
1016 2520 1372 2587 secundum
1418 2542 1607 2585 suam
1654 2518 2113 2595 substantiam,
2145 2517 2260 2584 sed
2307 2518 2664 2583 secundum
2689 2520 2954 2640 ssgffgt,

559 2642 742 2687 suam
795 2623 1091 2708 speciem,
1138 2626 1207 2688 et
1252 2623 1344 2688 sic
1396 2621 1617 2688 nutrit
1667 2626 1738 2687 et
1791 2625 2181 2707 augmentat
2225 2641 2497 2707 oorpus;
2550 2622 2664 2686 sed
2689 2668 2824 2718 upon
2847 2656 2932 2706 the

556 2722 679 2789 hoo
736 2725 1004 2790 omnino
1063 2724 1299 2792 falsum
1354 2731 1471 2791 est.
1594 2724 1773 2789 Nam
1820 2724 2210 2789 Aristoteles
2255 2724 2420 2789 dicit
2465 2724 2658 2810 quod,
2686 2720 2836 2835 30⁶5·
2859 2732 2958 2839 Ποὶ

562 2826 718 2910 quia
760 2824 1146 2894 alimentum
1192 2833 1295 2894 est
1336 2826 1407 2893 in
1453 2826 1753 2915 potentia
1797 2832 1946 2894 'caro
1992 2830 2062 2894 et
2107 2848 2196 2906 os,
2232 2825 2380 2893 ideo
2421 2827 2656 2905 nutrit,
2686 2798 2854 2906 ςζέἑζ
2865 2804 2982 2908 ἳιῃξ

561 2933 631 2993 et
660 2927 859 2994 debet
896 2931 1223 3016 eorrumpi
1264 2930 1625 2996 seeundum
1665 2929 2012 2995 naturam⁴
2043 2951 2231 2995 suam
2271 2930 2654 3016 specificam,
2685 2920 2749 2971 ἢ*
2771 2922 2975 2987 speeies.

560 3035 635 3096 ut
710 3036 1132 3098 convertatur
1195 3033 1265 3098 in
1333 3053 1595 3099 earnem
1650 3037 1719 3096 et
1791 3053 1879 3110 os,
1936 3037 2006 3097 et
2049 3032 2148 3098 ita
2201 3033 2539 3120 digeritur,
2589 3043 2658 3097 et

558 3131 887 3213 alteratur,
920 3140 988 3200 et
1031 3139 1519 3200 transmutatur
1565 3157 1606 3199 a
1645 3135 1858 3200 forma
1903 3155 2022 3199 sua
2065 3135 2406 3221 specifica3
2451 3141 2530 3200 ut
2575 3135 2658 3198 de

556 3241 725 3321 pane
772 3241 841 3301 et
883 3237 1041 3302 vino
1088 3259 1237 3302 cum
1282 3237 1457 3304 fiunt
1515 3237 1783 3324 sanguis
1837 3242 1905 3303 et
1953 3238 2170 3303 eoeteri
2217 3238 2539 3314 humores,
2588 3243 2656 3301 et

554 3359 701 3403 eum
745 3339 921 3404 fiunt
964 3361 1203 3418 semen,
1236 3340 1412 3424 quod
1458 3346 1561 3405 est
1604 3343 1846 3425 quarta
1889 3337 2254 3425 digestione
2299 3339 2653 3415 decoctum,

556 3441 730 3525 quod
808 3445 907 3506 est
966 3441 1453 3507 nutrimentum
1520 3440 1956 3506 substantiale
2015 3439 2504 3516 membrorum3
2579 3442 2658 3502 ut

555 3541 714 3608 dicit
788 3543 1147 3623 Avioenna,
1190 3543 1393 3609 tertio
1440 3543 1522 3608 de
1566 3540 2004 3608 Animalibus·
2118 3540 2208 3604 Et
2253 3544 2502 3604 eertum
2558 3544 2658 3603 est

554 3643 693 3709 hoo.
838 3643 1008 3711 Cum
1071 3645 1279 3732 igitur
1341 3665 1543 3732 agens
1608 3665 1743 3709 non
1789 3648 1890 3708 est
1951 3643 2024 3707 in
2082 3641 2384 3728 potentia
2427 3641 2542 3705 sed
2585 3641 2657 3704 in

555 3751 725 3824 actu,
791 3751 861 3813 et
920 3769 1056 3813 non
1130 3747 1572 3833 corrumpitur
1624 3747 1739 3811 sed
1793 3745 2152 3831 corrumpit
2218 3743 2325 3808 vel
2385 3753 2656 3829 generat

554 3870 673 3934 per
746 3871 932 3914 suam
1008 3851 1307 3936 speciem,
1384 3848 1812 3914 manifestum
1873 3853 1974 3913 est
2017 3847 2192 3932 quod
2268 3845 2656 3911 alimentum

551 3973 687 4016 non
748 3951 891 4037 agit
933 3951 1041 4016 hio
1084 3975 1201 4038 per
1262 3953 1541 4038 speeiem
1610 3971 1815 4030 suam,
1879 3951 1996 4016 sed
2058 3949 2315 4036 patitur
2359 3970 2400 4012 a
2443 3948 2654 4034 specie

550 4053 763 4118 earnis
807 4053 1137 4134 animatas,
1184 4060 1254 4120 et
1296 4054 1477 4134 ossis,
1520 4056 1589 4118 et
1634 4053 1890 4130 animae,
1923 4058 1993 4118 et
2037 4051 2268 4116 caloris
2312 4050 2648 4116 naturalis.

638 4156 913 4237 Iterum,
947 4159 1191 4244 species
1237 4161 1339 4223 est
1382 4155 1617 4222 similis
1678 4156 1919 4241 agenti,
1969 4153 2040 4219 in
2087 4159 2328 4219 natura
2379 4157 2449 4218 et
2493 4152 2650 4218 defi-

550 4259 821 4339 nitione,
869 4265 949 4324 ut
1012 4259 1290 4346 probavi
1350 4261 1421 4324 in
1467 4262 1759 4324 tractatu
1819 4256 2100 4343 speciali,
2163 4277 2356 4341 quem
2414 4259 2652 4320 vestrae

550 4360 777 4447 gloriae
820 4361 986 4426 misi.
1080 4361 1257 4448 Ergo
1303 4361 1692 4426 alimentum
1722 4357 1919 4425 faciet
1948 4359 2022 4423 in
2060 4379 2254 4424 carne
2301 4356 2655 4422 nutrienda

617 4659 630 4688 ¹
665 4657 780 4724 aut]
818 4664 905 4709 aut
924 4673 1061 4724 ergo,
1094 4656 1156 4708 T.
1723 4654 1744 4684 ⁸
1765 4653 1901 4717 vere]
1939 4651 2056 4712 fere,
2093 4650 2181 4710 L.;
2215 4663 2406 4709 verum,
2439 4649 2520 4710 T„
2556 4651 2653 4698 aud

1656 4749 1712 4785 so
1732 4733 1908 4784 below,

616 4820 639 4848 ²
659 4817 939 4885 corpor-eun]
978 4831 1287 4883 corpoream,
1324 4815 1384 4868 T.
1410 4817 1469 4868 L.
1722 4813 1740 4843 ⁴
1763 4808 2014 4880 naturam]
2051 4806 2330 4870 materiam,
2362 4807 2421 4856 L.

734 4922 889 4971 VOL.
938 4923 981 4972 1.
2345 4913 2388 4964 L
