3517 5750
901 799 1034 866 498
1643 809 1903 864 noem
1948 807 2239 864 meoius
2816 793 3007 884 [car.

899 989 1332 1060 communiter
1389 987 1639 1058 liabent
1699 988 1915 1058 Graeci
1972 991 2044 1056 et
2110 985 2378 1056 Latini.¹
2494 985 2675 1056 Nam
2746 987 2823 1054 in
2880 987 3011 1054 ali-

897 1091 1138 1179 quibus
1193 1091 1686 1158 communicant
1741 1091 1815 1158 in
1874 1089 2158 1169 nomine,
2204 1095 2285 1157 ιιι
2342 1090 2416 1156 iii
2472 1109 2509 1156 e
2564 1095 2636 1156 et
2680 1089 2755 1158 in
2796 1111 2839 1156 o
2880 1089 3007 1158 du·

896 1193 1052 1281 plici
1095 1199 1168 1260 et
1207 1193 1474 1282 ypsil03
1531 1194 1646 1260 sed
1699 1195 1775 1260 in
1816 1193 2031 1282 figura.
2074 1215 2211 1258 non
2268 1190 2673 1260 conveniunt
2732 1193 3005 1260 omnino

893 1297 1024 1364 nisi
1081 1297 1156 1362 in
1213 1319 1248 1364 e
1305 1301 1376 1363 et
1435 1297 1510 1362 in
1565 1295 2615 1382 wta.1nquibusdamta.men
2674 1294 2822 1362 aliis
2876 1294 3005 1362 ali-

890 1399 1176 1485 qualiter
1223 1399 1302 1466 in
1359 1399 1590 1488 figuris
1649 1397 1981 1485 aliquibus
2038 1397 2460 1475 conveniunt,
2506 1402 2588 1464 ut
2642 1395 2867 1484 alpha,
2926 1403 3005 1464 et

887 1501 1050 1581 vita,
1099 1505 1170 1568 et
1229 1499 1428 1580 delta,
1477 1504 1547 1568 et
1591 1499 1841 1588 kappa,
1890 1505 1961 1566 et
2018 1499 2143 1579 mi,
2190 1504 2261 1564 et
2308 1498 2415 1580 wi,
2462 1504 2533 1568 et
2574 1498 2746 1566 tau?
2834 1499 3003 1568 Haec

886 1608 1122 1691 patent
1181 1624 1266 1668 ex
1325 1603 1692 1690 alphabeto.
1784 1601 2108 1670 Similiter
2170 1601 2489 1669 differunt
2546 1602 2759 1670 literae
2803 1625 3001 1690 penes

885 1704 1384 1796 longitudinem,
1439 1709 1510 1772 et
1567 1705 1989 1786 brevitatem,
2046 1709 2117 1773 et
2176 1704 2662 1792 aspirationem,
2722 1709 2795 1774 et
2854 1706 3003 1792 qui-

887 1809 1168 1876 busdam
1209 1807 1357 1876 aliis
1399 1806 1630 1887 modis,
1679 1805 1765 1874 de
1824 1807 2065 1893 quibus
2122 1827 2241 1872 suo
2292 1805 2433 1874 loco
2490 1805 2764 1874 dicetur.
2854 1807 3003 1876 Dif-

886 1913 1167 1980 ferentia
1237 1917 1461 1980 autem
1535 1910 1915 2000 principalis
1988 1917 2059 1984 et
2130 1910 2585 1980 substantialis
2656 1910 2999 1982 literarum

885 2021 990 2084 est
1045 2037 1244 2103 penes
1291 2035 1528 2082 sonum
1587 2013 2108 2082 substantialem
2200 2012 2377 2082 Nam
2426 2013 2539 2080 ille
2580 2033 2783 2082 sonus
2836 2013 2999 2080 facit

885 2117 1162 2188 literam.
1252 2117 1696 2186 Accidentalis
1749 2123 1973 2184 autem
2026 2115 2376 2184 diversitas
2422 2121 2525 2185 est-
2575 2137 2775 2204 penes
2830 2118 2999 2206 figu-

887 2241 1008 2298 ras,
1081 2227 1151 2288 et
1223 2221 1510 2302 nomina,
1587 2225 1656 2288 et
1719 2219 2225 2306 longitudinem,
2300 2224 2371 2285 et
2442 2219 2855 2299 brevitatem,
2926 2227 3001 2290 et

886 2323 1352 2411 aspirationem
1385 2347 1404 2406 ς
1463 2323 1635 2392 sicut
1684 2323 1879 2389 homo
1941 2343 2027 2390 ex
2084 2321 2207 2390 hoc
2266 2321 2447 2407 quod
2498 2328 2601 2390 est
2656 2323 2995 2390 rationalis

889 2427 1114 2496 differt
1173 2428 1258 2494 ab
1321 2427 1508 2494 asino
1575 2425 2011 2494 essentialiter
2070 2431 2141 2492 et
2214 2423 2755 2494 substantialiter.
2864 2425 2997 2494 Sed

889 2529 1376 2600 accidentaliter
1433 2551 1604 2596 unus
1677 2527 1873 2596 homo
1934 2526 2159 2596 differt
2226 2527 2311 2596 ab
2370 2527 2501 2595 alio
2560 2527 2825 2596 homine
2879 2551 2999 2616 per

887 2653 1149 2714 nomen,
1193 2637 1262 2700 et
1319 2632 1620 2720 figuram,
1666 2637 1736 2698 et
1794 2629 2090 2708 colorem,
2152 2635 2221 2698 et
2278 2653 2397 2718 per
2454 2629 2835 2717 hujusmodi
2886 2653 2993 2698 ac-

693 2759 720 2794 e
743 2759 782 2798 ε.
890 2735 1190 2802 cidentia.
1303 2733 1576 2802 Voeales
1647 2733 1858 2820 igitur
1929 2732 2226 2800 omnium
2298 2733 2675 2820 linguarum
2748 2733 2995 2800 habent

888 2835 1342 2903 diversitatem
1397 2836 1474 2903 in
1529 2834 1947 2925 longitudine
2014 2842 2083 2903 et
2147 2836 2489 2906 brevitate.
2578 2834 2713 2905 Sed
2771 2843 2995 2905 tamen

886 2938 1114 3026 lingua
1173 2937 1414 3004 Latina
1469 2958 1606 3005 non
1665 2937 1869 3005 habet
1926 2938 2174 3025 figuras
2232 2944 2303 3007 et
2362 2940 2631 3007 nomina
2694 2940 2997 3026 specialia

887 3062 1006 3129 pro
1069 3039 1193 3107 hac
1253 3038 1638 3109 diversitate
1701 3040 1873 3107 sicut
1932 3040 2157 3107 Graeci.
2247 3040 2316 3107 N
2318 3062 2427 3109 am
2492 3041 2739 3131 triplex
2796 3042 2833 3111 i
2893 3050 2995 3111 est

887 3143 1064 3232 apud
1123 3143 1398 3211 Graecos.
1497 3142 1731 3211 Unum
1791 3148 1891 3209 est
1947 3142 2236 3230 longum,
2300 3142 2479 3229 quod
2537 3150 2810 3213 vocatur
2866 3144 2991 3223 ita,

887 3252 957 3315 et
1021 3246 1226 3313 habet
1287 3246 1567 3332 figuram
1641 3244 1973 3333 propriam
2033 3244 2481 3331 multiplicem.
2590 3244 2683 3313 Et
2746 3246 2995 3317 habent

889 3350 1022 3417 duo
1079 3347 1114 3416 ee:
1170 3348 1246 3417 in
1303 3347 1676 3417 differentia
1733 3348 1821 3417 ed
1864 3348 2139 3435 longum
2186 3353 2257 3415 et
2301 3348 2518 3417 breve.
2610 3348 2841 3418 Unum
2890 3356 2995 3419 est

887 3452 1060 3519 sicut
1105 3451 1139 3519 i
1197 3456 1514 3531 nostrum,
1563 3448 1813 3519 scilieet
1856 3447 2021 3530 iota,
2073 3449 2253 3536 quod
2302 3456 2405 3519 est
2450 3472 2707 3539 semper
2750 3452 2993 3522 vocalis

887 3555 1066 3642 apud
1111 3555 1389 3634 Graecos,
1433 3558 1504 3619 et
1547 3572 1893 3639 nunquam
1940 3572 2315 3621 consonans.
2408 3552 2543 3623 Sed
2590 3554 2772 3623 aliud
2814 3556 2992 3641 quod

881 3662 1158 3725 vocatur
1229 3656 1500 3747 ypatio,
1533 3654 1703 3723 illud
1782 3654 1988 3721 habet
2048 3676 2285 3723 sonum
2358 3655 2658 3739 debilem,
2728 3664 2997 3745 propter

881 3760 1058 3844 quod
1117 3758 1330 3825 Graeci
1377 3778 1632 3844 semper
1689 3756 1985 3844 aspirant
2034 3756 2204 3823 illud
2256 3758 2655 3843 aspiratione
2708 3758 2867 3825 forti
2918 3760 2997 3827 in

880 3860 1201 3947 principio
1251 3858 1574 3938 dictionis,
1639 3865 1718 3927 ut
1776 3858 1916 3947 ejus
1982 3880 2181 3925 sonus
2240 3858 2647 3929 fortificetur.
2760 3861 2995 3947 Ypaibi

881 3961 1058 4027 enim
1095 3960 1276 4027 idem
1316 3966 1416 4027 est
1455 3960 1632 4047 quod
1665 3966 1887 4043 tenue,
1918 3966 1989 4028 et
2030 3966 2331 4029 mutatur
2368 3962 2405 4031 i
2442 3963 2511 4031 in
2548 3985 2605 4043 0,
2644 3968 2713 4031 et
2750 3964 2995 4033 dicitur

877 4061 1119 4151 ypoilo,
1195 4063 1365 4129 sicut
1451 4063 1699 4151 placuit
1790 4064 2051 4131 Graecis.
2188 4064 2415 4133 Latini
2502 4088 2663 4133 vero
2742 4066 2995 4137 habent

877 4188 1080 4233 unam
1153 4165 1434 4252 figuram
1508 4187 1627 4253 pro
1689 4164 1936 4252 moselle,
1990 4186 2139 4251 quae
2212 4165 2437 4235 differt
2494 4191 2537 4235 a
2592 4168 2991 4257 figuratione

877 4270 1082 4359 ipsius
1125 4266 1366 4356 ypeiZO,
1412 4274 1494 4335 ut
1537 4273 1723 4354 patet
1766 4290 1885 4355 per
1928 4274 2213 4337 tractum
2258 4268 2635 4337 inferiorem
2678 4293 2743 4359 y,
2790 4294 2990 4357 quam

877 4374 1158 4461 figuram
1222 4376 1464 4437 vocent
1523 4392 1570 4456 y
1619 4369 1939 4437 Graecum.
2030 4370 2099 4437 Ν
2102 4392 2191 4437 on
2248 4378 2474 4439 tamen
2534 4380 2808 4461 propter
2864 4374 2989 4441 hoc

879 4482 980 4543 est
1018 4475 1231 4561 figura
1275 4473 1518 4551 Graeca,
1565 4492 1686 4539 nec
1735 4473 1811 4539 in
1854 4472 2207 4560 alphabeto
2252 4473 2481 4543 Graeco
2526 4476 2987 4564 computanda.

881 4628 1081 4637 ————-—-—

945 4699 1186 4767 wama]
1225 4698 1758 4762 semmam.
1920 4700 1933 4768 ι
2028 4700 2183 4769 vm]
2221 4700 2455 4761 caius.
