3517 5750
546 1772 689 1840 Why
710 1772 825 1825 wis·

548 1842 703 1893 dom·
688 1856 731 1893 is

544 1908 751 1965 courted
772 1908 843 1977 by

884 866 1015 931 394
1626 876 1886 928 Roosm
1947 876 2242 927 nacoms
2795 859 2976 945 [cst.

967 1052 1299 1134 Quoniam
1361 1075 1517 1118 vero
1584 1052 1884 1119 homines
1951 1052 2304 1139 negligunt
2365 1050 2774 1117 considerare
2837 1051 2981 1117 haec

878 1159 1181 1241 quatuor,
1226 1159 1295 1221 et
1360 1177 1615 1242 semper
1680 1155 1787 1219 his
1854 1155 2092 1242 spretis
2183 1155 2422 1220 volunt
2497 1153 2758 1241 ingredi
2833 1154 2982 1219 vias

877 1256 1238 1343 sapientiae,
1314 1262 1386 1323 et
1447 1261 1860 1345 praesumunt
1919 1256 2254 1343 magnalia
2321 1255 2462 1341 ejus
2537 1256 2782 1335 rimari,
2857 1277 2980 1321 nec

878 1359 1117 1427 volunt
1183 1359 1461 1426 verbum
1505 1380 1626 1426 neo
1688 1360 2009 1447 scriptum
2076 1359 2160 1425 de
2229 1359 2334 1425 his
2397 1364 2688 1447 quatuor
2749 1358 2980 1425 audire

878 1462 985 1528 vel
1050 1461 1296 1543 videre,
1386 1462 1539 1528 ideo
1630 1462 1854 1527 nullus
1917 1462 2052 1528 fere
2126 1460 2436 1549 pervenit
2511 1460 2598 1526 ad
2689 1460 2979 1546 aliquam

882 1564 1239 1651 Sapientiae
1314 1564 1729 1652 dignitatem.
1848 1563 2302 1631 Necessarium
2361 1564 2569 1651 igitur
2619 1562 2842 1649 judioo
2901 1568 2982 1627 ut

880 1667 1019 1733 haee
1065 1671 1346 1752 quatuor
1389 1667 1869 1733 consideremus
1913 1667 1988 1731 in
2030 1666 2368 1753 principio.

970 1768 1203 1835 oausae
1246 1790 1405 1835 vero
1450 1774 1520 1835 et
1562 1770 1853 1835 rationes
1898 1770 2096 1855 primi
2140 1768 2377 1834 horum
2422 1771 2705 1854 quatuor
2748 1772 2984 1855 patent

880 1872 954 1938 in
998 1894 1255 1938 summa
1296 1892 1414 1959 per
1477 1878 1780 1957 quatuor,
1849 1871 2161 1937 videlieet
2222 1892 2339 1958 per
2399 1871 2772 1937 naturalem
2840 1892 2982 1957 per-

882 1975 1277 2063 petuitatem
1333 1974 1617 2040 hominis
1674 1978 1976 2061 respectu
2033 1972 2388 2061 sapientiae.
2497 1972 2742 2039 Omnes
2805 1974 2986 2038 enim

882 2078 1195 2155 homines,
1228 2082 1309 2143 ut
1344 2075 1737 2143 Aristoteles
1785 2077 1948 2142 dicit
1989 2076 2062 2141 in
2105 2075 2427 2163 principio
2468 2074 2986 2163 Metaphysieae,¹

884 2188 923 2219 ‘⁸
968 2180 1231 2245 Natura
1304 2178 1465 2245 seire
1538 2178 1973 2247 desiderant.''
2063 2178 2150 2243 In
2221 2179 2348 2244 hoo
2419 2179 2597 2245 euim
2659 2178 2881 2245 differt
2945 2200 2990 2242 a

882 2280 1098 2347 brutis
1142 2280 1521 2347 differentia
1563 2282 1871 2347 naturali.

974 2384 1408 2452 Pulchritudo
1474 2383 1679 2449 etiam
1722 2382 2066 2470 sapientiae
2125 2382 2482 2449 ineffabilis
2542 2382 2748 2449 habet
2789 2387 2984 2449 natu-

884 2488 1113 2555 raliter
1170 2489 1253 2552 ut
1294 2486 1491 2573 plena
1534 2486 1972 2552 admiratione
2017 2485 2274 2551 animos
2319 2490 2579 2553 nostros
2624 2484 2874 2552 alliciat
2917 2492 2987 2551 et

886 2590 1257 2677 suspendat.
1370 2588 1654 2655 Utilitas
1699 2586 1840 2678 ejus
1903 2593 2137 2675 suapte
2205 2592 2452 2654 natura
2495 2588 2822 2653 indicibili
2865 2609 2986 2653 nos

885 2692 1063 2777 rapit
1103 2693 1178 2755 in
1222 2711 1413 2756 suum
1458 2712 1763 2755 amorem.
1852 2689 2354 2775 Magnificentia
2395 2690 2536 2777 ejus
2581 2696 2651 2756 et
2679 2690 2988 2777 dignitas,

886 2794 1137 2858 virtute
1180 2792 1463 2871 infinita,
1508 2813 1630 2858 nos
1674 2792 1850 2882 eogit
1895 2792 2038 2878 ejus
2079 2792 2379 2880 vestigiis
2427 2792 2775 2871 adhaerere,
2821 2794 2992 2859 sieut

886 2919 925 2960 e
998 2895 1325 2962 eontrario
1386 2895 1768 2982 ignorantia
1833 2895 1975 2981 ejus
2039 2895 2311 2960 animali
2370 2895 2700 2976 rationali,
2761 2896 2835 2961 id
2891 2900 2993 2961 est

886 2997 1156 3076 homini,
1210 2997 1601 3064 innaturalis
1660 3002 1807 3079 est3
1868 2999 2028 3083 quia
2085 2998 2298 3064 omnis
2357 2998 2733 3085 ignorantia
2790 3021 2834 3063 a
2891 3021 2994 3064 ra-

889 3101 1073 3166 tione
1116 3099 1360 3180 deviat,
1402 3105 1471 3164 et
1514 3049 1862 3186 turpitudo
1907 3100 2141 3166 erroris
2184 3105 2286 3166 est
2328 3101 2679 3183 horribilis,
2725 3101 2994 3187 ejusque

888 3201 1203 3268 sterilitas
1270 3207 1371 3268 est
1432 3201 1623 3268 nobis
1684 3201 2105 3284 infructuosa,
2169 3205 2497 3282 damnosa,
2561 3209 2632 3270 et
2691 3203 2996 3322 periculis

888 3305 1195 3372 omnibus
1266 3327 1390 3371 nos
1465 3304 1822 3392 implioanS.
1921 3305 2294 3392 vilitasque
2368 3305 2788 3394 indignitatis
2855 3307 2992 3392 ejus

890 3409 1225 3476 hominem
1268 3407 1449 3474 omni
1492 3407 1721 3495 vigore
1765 3411 1834 3472 et
1877 3407 2122 3473 honore
2183 3408 2509 3492 destituit,
2555 3412 2624 3473 et
2666 3407 2994 3474 annihilat

890 3513 1099 3578 totius
1156 3511 1432 3578 humani
1475 3510 1733 3597 generis
1779 3509 2192 3596 dignitatem.
2285 3510 2614 3600 Quioquid
2655 3511 2834 3576 enim
2877 3531 2994 3576 na-

891 3615 1107 3680 turale
1170 3614 1425 3680 homini
1492 3619 1611 3692 est,
1678 3612 1992 3700 quioquid
2053 3613 2378 3694 decorum,
2441 3613 2752 3700 quiequid
2812 3599 2994 3694 utile,

890 3715 1204 3800 quioquid
1249 3715 1689 3802 magnifieum,
1734 3738 1853 3782 seu
1909 3715 1984 3779 ιιι
2043 3715 2166 3780 hae
2224 3715 2518 3792 materia,
2566 3737 2682 3782 seu
2725 3715 2799 3780 in
2843 3717 2992 3798 alia,

890 3821 1110 3881 totum
1172 3816 1353 3880 valet
1426 3837 1543 3901 per
1617 3816 2008 3902 sapientiam
2081 3817 2382 3904 aequiri3
2451 3823 2520 3884 et
2595 3819 2996 3884 contrarium

890 3937 1067 3982 nune
1134 3916 1329 3982 dictis
1401 3938 1518 4002 per
1590 3919 1734 3983 vias
1801 3917 2142 4006 sapientiae
2205 3919 2582 3986 excluditur
2655 3919 3000 3987 efficaciter

892 4023 965 4084 et
1005 4021 1322 4104 potenter.

982 4119 1171 4185 Adeo
1245 4125 1441 4186 tanta
1512 4121 1785 4188 virtutis
1857 4128 1959 4189 est
2031 4123 2368 4211 sapientia,
2447 4123 2626 4212 quod
2699 4125 2998 4192 homines

896 4223 1187 4311 perversi
1265 4227 1335 4289 et
1408 4224 1797 4312 insipientes
1874 4226 2080 4305 corde,
2145 4227 2260 4312 qui
2321 4234 2610 4313 quatuor
2683 4229 2999 4315 praediota

897 4319 1071 4393 dona
1145 4326 1562 4412 sapientialia
1634 4327 1946 4394 nituntur
2019 4329 2360 4414 adquirere
2440 4352 2558 4416 per
2629 4331 2776 4396 vias
2848 4351 3001 4397 oon-

904 4429 1145 4496 trarias
1208 4429 1573 4520 sapientias,
1642 4433 1868 4496 tamen
1939 4429 2064 4498 sub
2133 4431 2344 4518 speeie
2405 4431 2568 4517 ejus,
2643 4435 2714 4498 et
2772 4432 2996 4514 titulo,

1666 4745 1681 4780 ¹
1704 4746 2086 4816 Memphyse’eoe]
2111 4749 2144 4802 i.
2175 4754 2218 4802 15
