3517 5750
649 3135 890 3201 Prosody.

985 861 1116 928 514
1741 868 2003 924 noem
2048 871 2341 922 memus
2922 857 3106 944 [ou.

983 1059 1054 1120 et
1097 1051 1480 1140 penultima,
1511 1055 1582 1118 et
1625 1051 1869 1116 ultima
1911 1050 2185 1136 syllaba.
2280 1047 2481 1115 Unde
2514 1049 2649 1114 tria
2690 1049 2835 1115 loea
2878 1049 3099 1118 habet.

985 1155 1462 1224 Circumflexus
1523 1153 1727 1220 habet
1792 1157 2061 1218 tantum
2118 1153 2251 1218 duo
2308 1153 2469 1230 loea,
2514 1152 2763 1218 scilieet
2812 1154 3101 1240 penulti-

983 1281 1160 1325 mam
1219 1264 1291 1324 et
1349 1257 1670 1324 ultimam.
1761 1257 1897 1324 Sed
1964 1277 2169 1342 quum
2234 1255 2475 1320 ultima
2536 1262 2639 1321 est
2704 1257 3103 1323 naturaliter

981 1361 1180 1451 longa
1251 1383 1386 1428 non
1461 1367 1688 1426 manet
1753 1365 1986 1426 acutus
2060 1365 2365 1426 aoeentus
2432 1359 2505 1424 in
2572 1360 3099 1446 antepenultima

983 1467 1096 1530 sed
1140 1465 1212 1530 in
1257 1463 1642 1551 penultima,
1675 1467 1754 1528 ut
1784 1463 1933 1529 dieo
1980 1461 2257 1550 ἅγγελος,
2290 1461 2365 1528 in
2406 1463 2823 1528 nominativo
2866 1463 3096 1530 Graeeo

983 1567 1162 1634 eadit
1211 1573 1444 1634 acutus
1509 1572 1815 1633 accentus
1876 1587 2071 1652 super
2132 1565 2723 1651 antepenultimam
2780 1566 2935 1651 quia
2994 1567 3097 1632 ul-

981 1673 1146 1738 tima
1203 1671 1424 1736 brevis
1483 1675 1602 1749 est,
1647 1675 1720 1736 et
1778 1671 1873 1736 sie
1917 1670 2101 1756 apud
2152 1691 2271 1735 nos
2316 1689 2465 1735 eum
2512 1669 2759 1735 dicitur
2802 1671 3089 1758 angelus.

985 1773 1116 1842 Sed
1175 1775 1250 1840 in
1305 1775 1605 1862 genitivo
1661 1795 1819 1839 casu
1860 1793 2009 1839 cum
2055 1771 2299 1838 dieitur
2356 1771 2607 1856 mayoli,
2656 1773 2816 1859 quia
2858 1773 3096 1838 ultima

983 1884 1084 1945 est
1125 1877 1520 1944 naturaliter
1563 1875 1778 1962 longa,
1824 1877 1977 1942 ideo
2018 1875 2281 1941 aeuitur
2324 1875 2705 1962 penultima.
2797 1875 2891 1941 Et
2930 1883 3095 1943 tune

983 1983 1228 2048 transit
1291 1986 1524 2047 acutus
1586 1985 1891 2045 aeoentus
1959 1978 2041 2044 de
2098 1999 2235 2043 una
2296 1977 2551 2064 syllaba
2612 1979 2699 2043 ad
2762 1979 2955 2043 aliam
3020 1980 3093 2044 in

981 2085 1372 2153 formatione
1425 2085 1856 2172 obliquorum,
1904 2083 2019 2170 qui
2082 2082 2333 2149 habent
2376 2083 2771 2148 naturaliter
2810 2083 3091 2170 longam.

984 2187 1114 2256 Sed
1173 2190 1246 2255 in
1305 2189 1410 2253 his
1469 2188 1585 2274 qui
1643 2188 1895 2253 habent
1938 2187 2205 2253 brevem
2264 2186 2589 2266 ultimam,
2646 2187 3097 2251 assimilantm

981 2291 1408 2370 nominativo,
1441 2295 1520 2356 ut
1551 2289 1819 2378 ἄγγελον
1854 2291 1927 2356 in
1956 2291 2329 2356 accusativo
2371 2289 2577 2355 habet
2616 2295 2881 2354 acutam
2924 2311 3091 2355 sem·

983 2419 1098 2484 per
1173 2395 1839 2484 [ante]penultimam.
1932 2393 2267 2461 Similiter·
2312 2393 2771 2460 circumflexus
2852 2397 3095 2460 transit

985 2501 1056 2564 in
1115 2499 1402 2586 obliquis
1461 2499 1536 2564 in
1595 2499 1815 2563 alium.
1910 2497 1977 2564 N
1978 2518 2085 2564 am
2146 2519 2297 2564 cum
2356 2495 2503 2562 dieo
2559 2497 2797 2564 rhima
2858 2498 3087 2586 (ῥῆμα),

981 2601 1160 2690 quod
1203 2603 1378 2668 idem
1423 2607 1529 2668 est
1571 2600 1750 2688 quod
1804 2599 2083 2667 verbum
2126 2599 2199 2668 in
2256 2600 2514 2682 Latin0‚
2562 2601 2779 2687 prima
2818 2601 3089 2667 eircum-

981 2705 1290 2786 fleetitur‚
1338 2705 1454 2771 sed
1512 2705 1586 2770 in
1628 2703 1946 2791 genitivo,
1991 2703 2167 2789 quod
2224 2708 2327 2769 est
2368 2701 2703 2769 rhimatos
2764 2703 3085 2794 (ῥῆματος),

981 2833 1116 2877 non
1159 2817 1401 2890 manet,
1445 2832 1524 2878 eo
1572 2809 1748 2897 quod
1795 2809 1889 2875 ibi
1940 2829 2075 2873 non
2128 2813 2349 2896 potest
2400 2807 2925 2896 antepenultima
2965 2809 3089 2875 eir-

982 2914 1352 2995 eumfleeti3
1413 2917 1484 2979 et
1528 2913 1676 2979 ideo
1719 2918 2023 2978 mutatur
2078 2912 2534 2979 circumflexus
2594 2913 2667 2976 in
2712 2918 2973 2979 acutum
3022 2918 3091 2979 et

983 3021 1240 3086 aeuitur
1282 3018 1496 3105 prima
1539 3018 1612 3082 in
1655 3016 1955 3104 genitivo
1999 3022 2069 3081 et
2112 3016 2289 3103 perit
2330 3016 2799 3082 circumflexus.

1073 3122 1166 3187 Et
1207 3120 1358 3187 ideo
1417 3124 1799 3208 pertranseo
1846 3120 1933 3184 ad
1978 3118 2141 3185 alias
2194 3118 2529 3205 prosodias
2590 3124 2727 3185 tres
2783 3141 2933 3206 quae
2976 3144 3093 3187 vo-

983 3232 1218 3292 eantur
1259 3224 1612 3313 improprie
1671 3223 2038 3310 prosodiae3
2098 3228 2423 3289 vocantur
2480 3224 2822 3310 passiones
2914 3224 3091 3290 Nam

983 3328 1288 3417 prosodia
1350 3328 1528 3416 apud
1595 3326 1859 3392 Groecos
1925 3324 2253 3392 dividitur
2324 3326 2397 3389 in
2472 3326 2805 3413 propriam
2868 3348 3089 3414 proso·

985 3433 1179 3513 diam,
1227 3437 1296 3499 et
1349 3438 1557 3509 tonos,
1615 3434 1685 3495 et
1751 3428 2101 3516 passiones,
2194 3428 2287 3494 Et
2330 3429 2547 3515 prima
2610 3430 2885 3495 istarum
2944 3452 3092 3516 pas—

983 3536 1243 3602 sionum
1319 3537 1592 3599 voeatur
1665 3530 2039 3619 apostrosos
2114 3531 2472 3597 seeundum
2546 3530 2864 3599 Groecum.
3000 3534 3091 3601 Et

983 3640 1262 3706 Latinus
1337 3637 1500 3701 dicit
1573 3634 2007 3723 apostrophus
2070 3632 2178 3699 vel
2252 3633 2691 3721 apostrophe3
2764 3642 2835 3701 et
2898 3642 3093 3703 notat

983 3742 1256 3809 dictioni
1302 3738 1698 3827 praecedenti
1741 3737 1941 3802 aliam
1988 3734 2207 3802 deesse
2265 3758 2299 3801 e
2356 3736 2663 3802 ultimam
2706 3737 2846 3824 ejus
2904 3760 3093 3806 voea—

980 3844 1124 3910 lem.
1217 3843 1308 3908 Et
1353 3841 1493 3927 ejus
1541 3842 1757 3929 figura
1808 3844 1909 3905 est
1953 3838 2143 3927 quasi
2188 3860 2341 3926 pars
2388 3840 2614 3905 circuli
2662 3841 2902 3907 dextra
2948 3844 3091 3931 ()),

981 3944 1158 4011 unde
1233 3950 1336 4010 est
1403 3943 1637 4009 similis
1711 3942 1908 4008 alteri
1982 3942 2345 4029 figurarum
2421 3942 2843 4030 aspirationis
2906 3946 3088 4025 lenis,

983 4070 1131 4135 quae
1191 4045 1370 4135 peili
1415 4050 1735 4126 vocatur3
1780 4047 1863 4109 ut
1906 4042 2019 4131 epi
2068 4044 2211 4131 (ἐπὶ)
2266 4046 2445 4111 idem
2491 4050 2593 4112 est
2657 4048 2834 4133 quod
2876 4070 3093 4137 super,

983 4157 1053 4217 et
1113 4150 1341 4219 himas
1411 4148 1636 4237 (ἡμᾶς),
1707 4148 1885 4213 idem
1960 4153 2060 4213 est
2136 4149 2312 4234 quod
2383 4170 2521 4230 ηοε,
2584 4150 2657 4214 in
2718 4152 3091 4219 accusativo

981 4276 1100 4343 pro
1160 4254 1306 4321 istis
1354 4251 1610 4318 duabus
1663 4249 2065 4318 dictionibus
2110 4251 2224 4339 epi
2268 4249 2517 4335 kima,
2573 4252 2646 4318 id
2712 4258 2831 4338 est,
2894 4276 3093 4342 super

983 4380 1118 4439 nos,
1169 4356 1476 4424 scribitur
1528 4360 1596 4421 et
1648 4354 2129 4443 pronuntiatur
2188 4354 2375 4441 quasi
2442 4360 2613 4422 esset
2672 4370 2809 4421 una
2870 4358 3090 4439 dictio,

984 4462 1229 4529 scilieet
1272 4458 1579 4547 ephimas
1651 4456 1774 4545 (ἐφ’
1834 4454 2033 4546 ἡμᾶς).
2127 4456 2258 4523 Sed
2331 4480 2467 4524 non
2534 4464 2636 4525 est
2708 4480 2846 4525 una
2888 4460 3089 4526 dictio

983 4566 1184 4631 immo
1230 4565 1396 4644 duae,
1443 4567 1512 4628 et
1571 4583 1689 4648 per
1733 4559 2203 4647 apostrophum
2272 4560 2611 4627 auferatur
2670 4563 2911 4629 ultima
2968 4586 3089 4630 vo-

982 4668 1136 4735 calis
1179 4668 1378 4756 ‘hujus
1421 4663 1907 4753 praepositionis
1966 4662 2080 4750 epi
2126 4659 2295 4751 (ἐπί).
2388 4664 2480 4731 Et
2522 4671 2685 4731 nota
2734 4666 2932 4753 hujus
2988 4672 3091 4735 est

981 4792 1132 4859 pars
1221 4769 1444 4837 circuli
1519 4769 1772 4849 dextra,
1852 4788 1997 4858 quae
2086 4768 2482 4855 supponitur
2552 4769 2936 4837 oonsonanti
2998 4770 3089 4859 pi
