3517 5750
460 2751 593 2803 How
616 2754 703 2806 the

459 2834 599 2900 error
620 2822 719 2873 had

456 2901 635 2938 ausen.

808 831 935 893 128
1561 845 1818 895 ROGERI
1863 845 2152 895 mcoms
2737 833 2918 923 [cAr.

803 1020 1121 1086 essentia:
1157 1042 1371 1106 quare.
1397 1022 1527 1087 erit
1557 1022 1833 1109 aequalis
1854 1021 1997 1087 Deo
2033 1047 2047 1087 ε
2097 1022 2499 1109 respondent
2529 1024 2707 1109 quod
2739 1046 2873 1089 non
2901 1048 2918 1105 ;

804 1123 963 1207 quia
1013 1122 1153 1189 hoec
1196 1128 1297 1188 est
1336 1124 1638 1210 potentia
1690 1123 1977 1209 passiva,
2009 1126 2314 1211 potentia
2344 1126 2476 1191 Dei
2524 1133 2625 1191 est
2669 1126 2912 1194 activa.

806 1223 941 1289 Sed
981 1223 1579 1291 demonstrationes
1608 1226 2040 1313 geometricae,
2075 1248 2238 1312 quas
2284 1249 2455 1312 pono
2500 1226 2575 1292 in
2603 1228 2725 1295 hoc
2769 1228 2910 1294 loco

804 1325 1037 1413 Operis
1097 1326 1232 1413 Maj
1240 1326 1429 1407 οτίιῑι,ι
1485 1334 1814 1395 evacuant
1866 1328 2133 1415 penitus
2192 1328 2362 1394 hanc
2413 1330 2913 1416 responsionem.

800 1428 891 1493 Et
934 1436 1253 1515 praeterea
1296 1431 1601 1517 potentia
1644 1431 1868 1495 activa
1911 1430 2196 1495 nobilior
2239 1436 2341 1497 est
2369 1452 2569 1517 quam
2614 1434 2912 1518 potentia

795 1531 1095 1617 passiva:
1145 1554 1316 1619 ergo,
1348 1533 1403 1598 si
1450 1534 1751 1619 potentia
1795 1532 2092 1599 materiae
2138 1533 2544 1599 assimilatur
2589 1536 2908 1621 potentiae

799 1632 1044 1700 divinae
1110 1633 1407 1715 infinitae,
1430 1632 1457 1671 ²
1522 1634 1733 1699 multo
1803 1634 2012 1720 magis
2081 1635 2383 1720 potentia
2449 1634 2700 1717 formae,
2749 1637 2908 1722 quia

796 1734 1083 1801 nobilius
1144 1736 1449 1801 nobiliori
1514 1736 1725 1823 magis
1746 1734 1774 1773 ⁸
1837 1734 2254 1801 assimilatur.
2367 1737 2459 1801 Et
2521 1737 2577 1801 si
2624 1739 2904 1803 materia

794 1843 1013 1923 potest
1057 1859 1193 1903 esse
1237 1838 1309 1902 in
1372 1838 1673 1923 pluribus
1738 1838 1985 1914 eadem,
2052 1841 2121 1902 et
2189 1837 2262 1901 in
2289 1836 2315 1874 ⁴
2384 1838 2684 1916 infinitis,
2742 1844 2909 1905 tunc

794 1939 986 2025 longe
1048 1940 1259 2027 magis
1325 1939 1549 2005 forma.
1664 1938 1755 2003 Et
1817 1938 2125 2003 similiter
2191 1940 2493 2025 potentia
2559 1942 2904 2027 compositi

794 2041 1075 2107 nobilior
1119 2048 1221 2108 est
1264 2063 1465 2129 quam
1512 2040 1807 2107 materiae
1853 2044 1923 2107 et
1967 2040 2216 2121 formae,
2263 2042 2423 2127 quia
2467 2044 2905 2130 compositum

794 2143 1081 2209 nobilius
1126 2148 1227 2210 est
1270 2150 1550 2231 utraque
1596 2143 1884 2221 divisim,
1956 2165 2104 2209 cum
2172 2143 2419 2210 habeat
2482 2144 2632 2232 plus
2699 2167 2901 2232 quam

792 2245 1002 2311 forma
1045 2252 1287 2333 praeter
1330 2247 1693 2326 materiam,
1741 2251 1812 2311 et
1867 2246 2016 2333 plus
2061 2268 2264 2333 quam
2325 2247 2611 2312 materia
2663 2256 2903 2335 praeter

792 2347 1083 2414 formam.
1167 2348 1259 2413 Et
1296 2350 1417 2414 hoc
1447 2348 1840 2414 Aristoteles
1885 2347 2047 2413 dicit
2087 2346 2371 2435 septimo
2404 2347 2898 2437 Metaphysicae‚

791 2448 946 2515 licet
989 2451 1160 2516 male
1216 2474 1257 2515 a
1302 2450 1502 2537 vulgo
1565 2454 1986 2516 construatur
2030 2450 2272 2515 littera.
2365 2450 2544 2538 Ergo
2597 2453 2900 2539 potentia

790 2552 1135 2639 compositi
1178 2554 1467 2617 maxime
1510 2552 1978 2617 assimilabitur
1995 2549 2023 2589 ⁶
2089 2552 2408 2639 potentiae
2453 2552 2714 2635 divinae,
2734 2552 2763 2591 ⁶
2823 2560 2901 2620 ut

790 2655 999 2740 possit
1043 2676 1181 2720 esse
1224 2654 1299 2720 in
1342 2654 1641 2741 pluribus
1686 2659 1756 2721 et
1801 2654 1874 2719 in
1919 2652 2220 2719 infinitis.
2313 2654 2482 2721 Haec
2547 2661 2618 2721 et
2681 2656 2902 2721 multa

794 2756 925 2821 alia
958 2761 1233 2843 possunt
1276 2756 1532 2837 adduci,
1583 2778 1730 2843 quae
1776 2754 1976 2822 latior
1989 2754 2014 2793 ⁷
2059 2778 2271 2822 sermo
2315 2757 2607 2843 requirit.
2714 2757 2894 2823 Nam

793 2863 1060 2945 propter
1138 2858 1641 2946 perversitatem
1703 2858 2160 2925 translationis
2227 2862 2458 2925 textus
2517 2858 2902 2926 Aristotelis

793 2965 863 3027 et
906 2963 1523 3028 commentariorum
1569 2983 1764 3048 super
1792 2961 2029 3048 ipsum,
2061 2961 2302 3028 accidit
2346 2961 2454 3027 hic
2496 2983 2676 3028 error
2717 2963 2898 3050 apud

792 3065 1049 3152 vulguS,
1097 3065 1269 3131 sicut
1312 3065 1447 3130 alia
1491 3085 1764 3130 erronea
1807 3063 2089 3130 infinita.
2187 3063 2520 3146 Quoniam
2565 3063 2640 3130 in
2685 3065 2902 3152 primo

793 3165 1221 3254 Physicorum
1246 3165 1273 3204 ⁸
1328 3166 1489 3232 dicit
1534 3165 1712 3252 quod
1755 3166 1980 3231 omnia
2041 3171 2200 3231 sunt
2255 3187 2463 3232 unum
2537 3167 2896 3232 secundum

790 3269 1155 3348 materiam,
1194 3269 1454 3335 diversa
1498 3267 1858 3334 secundum
1887 3266 2205 3332 formam:
2253 3266 2370 3334 sed
2401 3267 2584 3334 istud
2627 3269 2898 3356 exponi-

790 3375 903 3436 tur
944 3393 1063 3458 per
1106 3373 1413 3458 quintum
1444 3367 1970 3457 Metaphysicae,⁹
2012 3365 2132 3434 ubi
2178 3369 2330 3434 vult
2359 3370 2535 3455 quod
2573 3369 2692 3435 illa
2737 3375 2898 3436 sunt

790 3473 1051 3540 diversa
1092 3495 1349 3562 genere,
1393 3495 1542 3560 quae
1586 3477 1746 3538 sunt
1791 3471 2054 3537 diversa
2113 3471 2472 3536 secundum
2516 3471 2894 3554 materiam3

790 3581 876 3657 et,
932 3599 969 3642 e
1018 3598 1347 3658 converso,
1401 3573 1614 3662 quae¹⁰
1666 3578 1826 3640 sunt
1869 3572 2098 3638 eadem
2173 3595 2410 3660 genere
2461 3579 2621 3640 sunt
2669 3575 2896 3640 eadem

790 3677 1143 3743 secundum
1190 3678 1555 3757 materiam,
1622 3679 1693 3741 et
1736 3696 1776 3740 e
1819 3696 2149 3741 converso,
2271 3675 2338 3740 N
2341 3697 2451 3741 am
2493 3676 2567 3741 in
2609 3677 2895 3742 veritate

787 3779 1085 3845 materia}
1128 3779 1469 3858 naturalia
1499 3799 1647 3864 quse
1678 3775 2026 3863 subjicitur
2069 3777 2144 3842 in
2187 3777 2610 3864 generatione
2653 3800 2890 3858 rerum,

790 3884 895 3945 est
938 3881 1223 3946 essentia
1266 3879 1541 3966 alicujus
1584 3879 1844 3966 generis
1900 3879 2266 3945 communis
2326 3878 2586 3944 duabus
2651 3882 2891 3967 specie-

790 3982 916 4047 bus
962 3982 1355 4062 contrariis3
1416 3982 1573 4068 quia
1632 3981 1806 4046 nihil
1850 3987 1953 4047 est
1995 4002 2339 4047 commune
2381 3982 2720 4068 speciebus
2764 3984 2892 4048 nisi

854 4323 870 4354 ¹
901 4320 1083 4390 Operis
1120 4320 1368 4389 Majmis]
1424 4320 1565 4386 Opus
1600 4319 1784 4384 Maius,
1887 4399 1935 4450 T
1954 4321 1975 4350 ⁰
1988 4321 2218 4388 potentias
2251 4319 2456 4386 divine]
2493 4319 2594 4372 Dei
2636 4319 2890 4385 potentie,

783 4417 834 4468 p.
858 4407 937 4454 ss.

848 4482 871 4514 ⁸
892 4481 1125 4548 infinite]
1162 4496 1260 4533 om.
1292 4480 1353 4534 B.
1938 4438 1972 4507 ι’
1993 4477 2164 4544 latior]
2200 4478 2442 4540 lucorum,
2476 4479 2540 4530 B.
2613 4517 2618 4520 -

845 4563 867 4592 ⁸
886 4561 1065 4629 παρίει]
1102 4577 1201 4612 om.
1234 4561 1297 4612 Τ.
1955 4559 1976 4587 ⁸
2009 4556 2348 4624 Physieomm]
2387 4557 2419 4610 i.
2443 4563 2474 4608 2
2498 4557 2599 4608 and
2622 4563 2670 4608 4.

848 4643 867 4671 ⁴
894 4641 975 4706 in]
1014 4656 1111 4692 om.
1146 4641 1209 4692 Τ.
1953 4637 1974 4667 ⁰
1993 4638 2210 4704 quintum
2233 4635 2616 4704 Metam-sicce]
2643 4637 2713 4688 iv,
2739 4639 2819 4686 28.

847 4721 868 4750 ⁵
886 4717 1258 4788 assimilabitur]
1294 4719 1354 4770 B.
1388 4733 1490 4772 cor.
1954 4717 1992 4748 ¹·
2009 4717 2142 4781 quoe]
2179 4723 2230 4768 et
2249 4731 2377 4784 quai,
2407 4717 2484 4804 Β..
