3517 5750
802 858 889 923 92
1547 872 1806 922 nocant
1851 872 2142 923 mcoms
2729 858 2902 945 [cAP.

796 1042 1210 1109 aestimantur
1236 1041 1255 1079 ¹
1302 1042 1375 1107 in
1420 1042 1834 1130 philosophia
1875 1046 2101 1109 tenere
2145 1041 2606 1131 principatum.
2685 1042 2901 1110 Nemo

798 1148 1016 1232 potest
1076 1146 1238 1211 scire
1302 1144 1462 1231 quid
1514 1145 1681 1211 velit
1744 1144 1972 1223 dicere,
2039 1146 2194 1233 quia
2261 1146 2441 1233 quod
2506 1168 2678 1213 unus
2725 1144 2902 1214 ‘dicit

799 1246 969 1312 alius
1013 1251 1231 1335 negat.

460 1360 535 1417 St.
553 1364 777 1443 {ei-omo,
887 1348 1217 1416 Praeterea
1258 1346 1727 1415 translationes
1771 1347 1918 1415 istae
1964 1346 2214 1415 habent
2257 1351 2503 1417 multas
2529 1356 2601 1417 et
2629 1372 2903 1438 magnas

461 1430 689 1549 mm
690 1514 772 1559 on,
797 1450 1135 1531 falsitateS,
1202 1451 1275 1515 in
1364 1451 1546 1516 omni
1604 1454 1794 1567 parte
1846 1449 2293 1567 philosophiae,
2355 1452 2528 1518 sicut
2601 1454 2902 1541 superius

412 1565 739 1760 ,ΞΞΞ
795 1553 1495 1723 ἓῗᾞῑοίῗθᾛζῗὲέθ
1510 1552 2608 1744 ὲῖἑῗὲηξὲηἶᾞήῗμὲἶῗὲ
2653 1554 2900 1743 {Q

460 1762 523 1813 of
536 1762 616 1812 his
639 1779 746 1831 age-
793 1763 865 1823 et
928 1758 1321 1845 sapientiam
1382 1754 1527 1837 Dei,
1588 1760 1816 1822 tamen
1875 1756 2034 1843 quia
2083 1756 2390 1822 falsarius
2465 1758 2899 1845 reputabatur

792 1882 835 1925 a
892 1857 1056 1925 viris
1106 1858 1554 1927 ecclesiasticis
1601 1879 1740 1923 non
1802 1878 1998 1924 ausus
2057 1858 2190 1925 fuit
2247 1858 2494 1945 ubique
2545 1858 2897 1926 transferre

790 1961 1149 2028 secundum
1219 1959 1619 2027 Hebraicam
1682 1960 2080 2042 veritatem3
2147 1960 2350 2027 immo
2439 1961 2772 2027 interdum
2827 1982 2897 2027 se

790 2064 1129 2151 coaptavit
1187 2062 1335 2129 aliis
1394 2059 1920 2141 translatoribus,
1973 2065 2042 2127 et
2095 2062 2398 2148 permisit
2457 2062 2672 2128 multa
2721 2068 2896 2129 stare

792 2170 872 2231 ut
911 2164 1183 2232 fuerunt
1244 2163 1591 2242 translata,
1656 2163 1960 2249 quamvis
2019 2163 2188 2229 bene
2247 2164 2449 2229 scivit
2507 2169 2767 2230 mutare
2824 2164 2897 2229 in

794 2266 1043 2347 melius,
1140 2266 1314 2332 sicut
1394 2265 1672 2352 ipsemet
1748 2264 1994 2351 pluries
2085 2264 2266 2330 dicit.
2351 2266 2496 2332 ‘Ut
2563 2270 2666 2331 est
2733 2264 2900 2331 illud

796 2374 1032 2455 quarto
1074 2368 1436 2456 Sapientiae
1486 2365 1637 2454 [3.]:
1694 2371 1731 2403 “
1756 2365 2001 2452 Spuria
2045 2366 2447 2432 vitulamina.
2473 2388 2611 2432 non
2642 2366 2899 2433 dabunt

795 2476 833 2506 ‘⁶
877 2470 1126 2537 radices
1154 2468 1387 2537 altas?
1476 2468 1655 2533 Nam
1686 2466 2107 2555 Augustinus
2139 2468 2431 2534 ostendit
2476 2468 2761 2535 secundo
2794 2468 2896 2533 De

794 2572 1116 2639 Doctrina
1146 2572 1526 2640 Christiana
1574 2570 1747 2657 [xii]
1794 2570 1975 2655 quod
2004 2568 2170 2635 falsa
2213 2574 2317 2636 est
2359 2569 2502 2637 haec
2531 2570 2896 2637 translatio,

793 2673 885 2740 Et
936 2675 1137 2740 etiam
1222 2672 1692 2759 Hieronymm,
1787 2668 2128 2737 celeritate
2205 2672 2505 2737 dictandi
2565 2672 2894 2760 deceptuS,

792 2781 873 2842 ut
940 2777 1080 2863 ipse
1150 2776 1419 2853 fatetur,
1502 2774 1576 2838 in
1666 2772 1898 2838 multis
1978 2772 2154 2851 locis,
2235 2773 2586 2839 transtulit
2666 2780 2899 2839 contra

793 2879 1195 2960 veritatem3
1276 2879 1448 2945 sicut
1493 2876 1681 2963 posui
1733 2875 2036 2962 exempla
2074 2880 2216 2941 tam
2265 2872 2340 2940 in
2387 2873 2598 2963 Opere
2647 2875 2898 2942 Minori

790 3003 995 3070 quam
1041 2981 1306 3068 Majore.
1395 2979 1529 3047 Sed
1570 2979 1712 3044 sine
1746 2977 2237 3065 comparatione
2297 2983 2400 3043 est
2441 2977 2624 3045 istud
2653 2977 2896 3044 vitium

790 3085 866 3149 in
907 3082 1335 3171 philosophia,
1380 3085 1451 3146 et
1494 3080 1783 3146 multum
1827 3083 2069 3166 gravat
2113 3078 2431 3145 Latinos,2

454 3190 771 3322 ῗᾶᾬέἓὲξ
880 3185 1092 3252 Sexta
1140 3205 1299 3251 vero
1356 3204 1553 3249 causa
1600 3186 1719 3262 est,
1790 3181 1967 3266 quod
2017 3179 2137 3245 illa
2195 3201 2345 3266 quae
2393 3179 2666 3246 fuerunt
2729 3182 2894 3247 bene

456 3322 767 3458 &vagore-{th
789 3282 2134 3478 mmignzurxmuffogssutccplaltueltmper
2148 3285 2418 3448 prtglgabg
2479 3281 2896 3448 lglibeliarguzi

454 3457 692 3574 ἓξὲξ
792 3492 1288 3581 philosophiam.
1386 3487 1561 3570 Quia
1600 3507 1720 3552 nec
1773 3485 2014 3550 scimus
2049 3483 2328 3550 scribere
2367 3506 2461 3565 ea,
2511 3505 2632 3550 nec
2660 3485 2892 3572 legere,

454 3588 747 3655 ignoranoe.
789 3617 909 3661 nec
966 3594 1299 3682 proferre3
1366 3595 1436 3656 et
1482 3589 1632 3656 ideo
1692 3609 1810 3675 per
1869 3606 2268 3671 consequens
2315 3586 2488 3673 perit
2545 3607 2738 3652 verus
2797 3587 2900 3652 in·

790 3697 1107 3762 tellectus.
1222 3693 1315 3759 Et
1358 3691 1498 3758 haec
1545 3711 1741 3757 causa
1797 3686 2002 3754 habet
2053 3687 2267 3752 locum
2344 3687 2419 3752 in
2481 3688 2898 3775 corruptione

790 3801 1017 3864 textus
1070 3795 1257 3860 sacri.
1356 3791 1535 3858 Nam
1581 3812 1701 3878 pro
1753 3787 1990 3874 majori
2039 3794 2230 3874 parte
2279 3792 2381 3853 est
2433 3795 2781 3876 corruptus
2824 3789 2897 3855 in

792 3895 1154 3982 exemplari
1183 3893 1479 3982 vulgatu,
1511 3892 1688 3978 quod
1728 3894 1831 3956 est
1863 3889 2243 3955 Parisiense.
2330 3889 2422 3954 Et
2459 3891 2532 3954 in
2561 3891 2710 3956 aliis
2738 3892 2896 3958 locis

790 4003 893 4066 est
946 3997 1211 4077 dubius,
1260 4016 1409 4080 quae
1459 3992 1796 4060 dubitatio
1839 3991 2019 4057 cadit
2066 3991 2141 4055 in
2191 3990 2412 4056 virum
2461 3991 2830 4077 sapientem
2836 3992 2894 4073 3³

790 4106 860 4167 et
906 4098 1058 4166 ideo
1110 4094 1553 4184 approbanda,
1604 4094 1778 4159 sicut
1835 4093 2038 4159 timor
2101 4090 2504 4179 approbatur
2549 4093 2666 4178 qui
2713 4093 2895 4160 cadit

788 4204 861 4268 in
912 4202 1135 4266 virum
1186 4199 1617 4264 constantem.
1710 4193 1953 4260 Nullus
2000 4193 2180 4259 enim
2226 4192 2421 4260 homo
2479 4193 2686 4260 sciens
2723 4195 2892 4262 hanc

786 4303 1147 4370 falsitatem
1188 4305 1257 4366 et
1306 4296 1715 4365 dubietatem
1760 4300 1980 4383 potest
2032 4293 2390 4361 secundum
2427 4296 2892 4364 conscientiam

854 4663 869 4694 ¹
894 4660 1218 4727 estimantur]
1246 4659 1301 4710 in
1322 4655 1635 4724 philosophia
1655 4655 1790 4710 aesti-
1947 4655 1969 4685 ²
1991 4651 2225 4718 ὶαέίπω]
2261 4651 2512 4715 latinam,
2546 4652 2608 4703 Τ.

786 4748 1001 4802 mantnt,
1034 4741 1101 4794 Τ.
1948 4733 1970 4764 ⁸
1989 4729 2282 4800 sapientem]
2317 4739 2644 4786 constantem.
2679 4730 2742 4784 T.
