3517 5750
458 2098 570 2151 The
592 2100 753 2164 impo-

457 2166 607 2217 sition
630 2166 689 2215 of

458 2233 622 2282 worda
642 2233 741 2284 and

460 2298 595 2349 their
612 2301 687 2349 vis

456 2367 559 2430 dan
566 2366 703 2427 {fica-

484 2432 581 2483 iva.

788 880 917 943 100
1530 886 1789 937 nomm
1833 884 2127 937 nAcoms
2713 871 2894 959 [cir.

786 1064 1106 1143 divinam,
1152 1062 1260 1127 vel
1305 1082 1423 1147 per
1466 1060 1751 1149 angelos,
1785 1059 1895 1127 vel
1940 1081 2057 1147 per
2103 1058 2454 1143 daemones,
2499 1060 2609 1126 vel
2655 1082 2696 1126 a
2739 1084 2897 1129 casu

786 1172 855 1233 et
906 1166 1189 1231 fortuna.
1279 1164 1371 1229 Et
1412 1184 1547 1229 non
1592 1169 1693 1229 est
1738 1164 1850 1241 ita,
1881 1162 2010 1228 nisi
2053 1162 2412 1229 secundum
2459 1164 2636 1251 quod
2683 1165 2894 1229 omnis

787 1267 1080 1355 operatio
1144 1271 1461 1333 creaturae
1508 1271 1609 1332 est
1660 1265 2145 1353 quodammodo
2194 1288 2236 1329 a.
2289 1265 2450 1332 Dec.
2561 1266 2693 1331 Sed
2771 1267 2894 1332 hoc

786 1392 921 1435 non
1007 1369 1303 1435 excludit
1382 1370 1545 1456 quin
1642 1368 2054 1456 operationes
2119 1367 2288 1433 fiant
2355 1367 2715 1434 secundum
2789 1391 2892 1433 ra-

788 1474 1003 1539 tiones
1046 1470 1421 1552 naturales3
1464 1472 1623 1557 quia
1664 1476 1910 1537 natura
1949 1475 2057 1537 est
2099 1470 2616 1541 instrumentum
2645 1470 2894 1539 divinae

789 1574 1203 1662 operationis,

1599 1846 1760 1947 cir.
1810 1878 2104 1947 xxvn.

884 2082 1064 2149 Posrr
1106 2082 1247 2149 haec
1292 2081 1523 2148 addidi
1582 2084 2020 2149 intentionem
2081 2082 2354 2150 alterius
2413 2084 2622 2171 partis
2679 2104 2894 2169 gram-

794 2185 1055 2251 maticae
1120 2206 1269 2271 quae
1332 2206 1469 2251 non
1530 2189 1634 2253 est
1692 2185 1910 2251 adhuc
1973 2186 2336 2272 composita
2377 2185 2555 2273 apud
2623 2185 2896 2251 Latinos

794 2308 913 2353 nec
959 2287 1328 2367 translata3
1372 2293 1443 2353 et
1495 2292 1598 2355 est
1648 2286 2006 2354 utilissima
2055 2289 2130 2353 in
2173 2288 2642 2367 scientialibus,
2689 2310 2894 2375 quan-

794 2394 941 2456 tum
988 2389 1076 2454 ad
1118 2387 1586 2475 inquirendum
1626 2395 1698 2457 et
1746 2390 2084 2457 sciendum
2129 2410 2354 2457 omnes
2397 2392 2712 2456 veritates
2755 2412 2895 2477 spe·-

794 2492 1117 2557 culativas
1168 2490 1595 2579 philosophiae
1651 2497 1720 2557 et
1774 2492 2138 2580 theologiae.
2261 2492 2356 2558 Et
2413 2498 2518 2558 est
2575 2492 2660 2559 de
2725 2514 2894 2559 eom-

794 2592 1148 2681 positione¹
1210 2594 1603 2681 linguarum,
1652 2598 1722 2661 et
1783 2596 1866 2661 de
1927 2594 2462 2682 impositionibus
2518 2617 2752 2661 vocum
2811 2596 2899 2661 ad

794 2694 1314 2781 significandum,
1348 2700 1419 2760 et
1462 2696 1794 2782 quomodo
1839 2697 2214 2784 significant
2256 2719 2373 2785 per
2411 2697 2898 2784 impositionem

796 2803 866 2863 et
910 2796 1063 2885 per⁹
1107 2796 1271 2862 alias
1316 2797 1476 2865 vias.
1568 2798 1661 2863 Et
1706 2800 1864 2887 quia
1907 2800 2048 2866 haee
2093 2821 2229 2865 non
2273 2804 2548 2887 possunt
2589 2799 2738 2864 sciri
2766 2799 2898 2863 nisi

796 2903 993 2966 homo
1040 2900 1207 2966 sciat
1248 2901 1539 2968 rationes
1584 2906 1653 2968 et
1696 2901 1926 2968 modos
1972 2901 2387 2991 significandi
2431 2901 2578 2967 ideo
2635 2885 2896 2988 eggres-

797 3025 905 3068 sus
948 3023 1094 3068 sum
1138 3003 1287 3067 illos
1330 3001 1559 3070 modos
1604 3005 1964 3082 ostendere,
2013 3005 2184 3072 sicut
2246 3004 2663 3091 Augustinus
2707 3004 2897 3070 docet

798 3108 871 3170 in
937 3104 1107 3172 libro
1168 3105 1457 3170 secundo
1520 3109 1592 3170 et
1667 3106 1868 3172 tertio
1945 3106 2044 3173 De
2106 3106 2428 3172 Doctrina.
2497 3104 2895 3185 Christiana,

798 3208 976 3293 quod
1030 3207 1223 3294 signa
1270 3207 1573 3293 quaedam
1620 3213 1782 3274 sunt
1839 3207 2186 3289 naturalia,
2248 3213 2320 3275 et
2378 3208 2682 3294 quaedam
2741 3210 2900 3274 data

463 3303 615 3368 Sigus
636 3317 725 3354 ¹¹¹²·
798 3310 884 3377 ab
914 3309 1149 3376 anima.
1244 3310 1337 3375 Et
1383 3309 1500 3376 illa
1548 3331 1696 3397 quae
1726 3315 1888 3376 sunt
1932 3311 2264 3376 naturalia
2307 3315 2466 3376 sunt
2511 3309 2900 3398 dupliciter3

462 3372 593 3420 tura]
612 3389 626 3430 ς
658 3385 719 3420 οι·

462 3437 685 3501 imposed
702 3439 772 3504 by
806 3412 1113 3500 quaedam
1198 3417 1357 3478 sunt
1430 3434 1547 3500 per
1635 3412 2217 3480 concomitantiam
2309 3413 2733 3500 signatorum,
2819 3418 2898 3477 ut

795 3515 1039 3582 habere
1098 3534 1373 3600 magnas
1434 3516 1906 3594 extremitates,
1969 3520 2071 3582 est
2121 3515 2384 3602 signum
2440 3515 2896 3594 ,fortitudinim

798 3617 1102 3704 quaedam
1148 3637 1265 3702 per
1300 3617 1906 3704 configurationem,
1946 3622 2026 3684 ut
2063 3619 2283 3707 imago
2325 3617 2552 3684 Sancti
2593 3617 2896 3683 Nicholai

796 3725 899 3785 est
946 3719 1207 3805 signum
1251 3717 1393 3804 ejus
1444 3720 1922 3807 configuratum
1971 3725 2040 3786 et
2084 3718 2576 3786 conformatum.
2667 3720 2760 3786 Et
2807 3721 2898 3786 sic

798 3841 1021 3886 omnes
1066 3819 1314 3905 species
1358 3841 1577 3886 rerum
1622 3825 1784 3886 sunt
1827 3821 2030 3908 signa.
2110 3821 2204 3886 Et
2231 3826 2586 3908 utrumque
2617 3823 2894 3888 istorum

796 3919 1174 3988 modorum³
1217 3921 1422 3989 habet
1466 3923 1691 3989 modos
1720 3923 1982 3990 multos.
2073 3923 2350 4012 Signum
2393 3929 2616 3989 autem
2661 3925 2892 3990 datum

796 4025 880 4092 ab
932 4025 1155 4090 anima
1204 4023 1311 4090 vel
1364 4031 1465 4090 est
1516 4025 1924 4104 naturaliter,
1989 4031 2070 4091 ut
2127 4025 2411 4113 gemitus
2483 4025 2892 4091 infirmorum

795 4132 864 4192 et
922 4126 1204 4191 latratus
1262 4147 1539 4206 canum;
1622 4126 1731 4192 vel
1791 4131 1893 4193 est
1951 4127 2038 4193 ad
2097 4127 2428 4214 placitum,
2485 4131 2563 4191 ut
2613 4126 2893 4193 circulus

794 4228 941 4292 vini
993 4232 1062 4294 et
1109 4228 1299 4316 panis
1358 4229 1432 4292 in
1480 4227 1782 4308 fenestra,
1847 4233 1918 4295 et
1967 4250 2194 4294 omnes
2246 4250 2436 4295 voces
2493 4229 2890 4318 linguarum.

796 4329 973 4396 Nam
1040 4329 1269 4417 lingua
1340 4321 1474 4395 non
1534 4335 1751 4418 potest
1810 4331 2112 4419 componi
2171 4352 2256 4397 ex
2316 4330 2588 4398 vocibus
2645 4331 2893 4418 signifi-

864 4695 879 4727 ¹
903 4693 1261 4762 commnione]
1338 4695 1795 4762 compositionibus,
1961 4697 1982 4731 ⁹
1995 4697 2116 4764 per]
2153 4713 2252 4749 om.
2285 4697 2348 4750 Τ.

795 4773 857 4826 Τ.
1962 4779 1983 4810 ⁸
2004 4776 2266 4844 modos-cam]
2303 4791 2401 4830 om.
2435 4777 2496 4830 B.
