3517 5750
1385 939 1740 992 Arrmzmx
1788 941 1859 990 11.
2542 930 2671 996 553

569 1115 840 1182 baverit.
934 1113 1076 1180 Nos
1121 1133 1276 1179 vero
1321 1114 1394 1178 in
1439 1133 1514 1180 eo
1559 1112 1785 1200 culpat
1830 1113 2265 1192 vehementer,
2300 1115 2475 1200 quod
2522 1138 2671 1182 eum

567 1239 610 1282 a
651 1217 922 1282 crimine
966 1219 1154 1280 tanto
1219 1215 1792 1292 vindicaverimus,
1840 1218 1911 1280 et
1954 1235 2181 1280 sanam
2226 1217 2673 1284 vocaverimus

570 1318 950 1396 doctrinam,
1015 1337 1214 1402 quam
1285 1318 1568 1382 multum
1632 1316 2115 1401 superstitionis
2160 1317 2334 1399 olere
2380 1317 2674 1384 dixerint

571 1419 932 1505 scriptores,
1046 1415 1227 1483 Hinc
1291 1439 1412 1483 nos
1479 1417 1655 1483 inter
1720 1437 1831 1482 eos
1903 1416 2123 1494 habet,
2170 1418 2283 1503 qui
2348 1425 2429 1485 ut
2491 1441 2673 1486 secus

568 1543 644 1586 ac
685 1521 822 1585 sint
865 1519 1229 1597 videantur,
1294 1518 1572 1584 aliorum
1633 1538 1859 1584 naevos
1932 1539 2007 1584 ac
2049 1519 2219 1583 vitia
2260 1540 2381 1584 sua
2452 1527 2675 1586 mente

569 1621 920 1688 obducunt.
1011 1620 1160 1686 Hoc
1201 1621 1258 1686 si
1301 1641 1439 1686 non
1501 1625 1602 1685 est
1662 1617 2068 1699 calumniari,
2114 1621 2343 1706 ecquid
2397 1621 2526 1687 erit
2568 1643 2671 1687 ca-

569 1721 888 1786 lumniam
933 1721 1117 1808 pati?
1205 1720 1451 1787 Verum
1515 1724 1654 1785 esto
1720 1719 1997 1786 Bacenis
2055 1741 2217 1807 opus
2279 1727 2348 1787 et
2408 1743 2543 1800 nos,
2604 1729 2673 1789 et

571 1824 680 1888 vel
742 1823 958 1909 ipsum
1035 1823 1362 1888 Baconem
1438 1820 1767 1899 defendat,
1844 1843 2019 1888 novo
2108 1829 2332 1888 tamen
2422 1823 2673 1888 utimur

567 1945 890 2012 responso,
922 1946 1005 1990 ne
1049 1923 1135 2001 id,
1183 1925 1266 1990 de
1311 1944 1442 2010 quo
1468 1921 1634 1988 falso
1663 1921 2097 2002 criminamur,
2145 1929 2368 1989 nostro
2412 1922 2671 1990 silentio

572 2026 934 2112 probemus.

663 2126 995 2213 Principio
1037 2147 1354 2204 veremur,
1403 2147 1486 2191 ne
1550 2125 1724 2211 quod
1770 2123 1844 2188 in
1886 2124 2151 2190 literato
2208 2123 2469 2191 homine
2530 2131 2673 2190 tur-

573 2227 912 2315 pissimum
955 2235 1070 2306 est,
1119 2227 1189 2293 id
1233 2233 1457 2292 nostro
1486 2225 1865 2291 Aristarcho
1894 2245 2021 2291 usu
2049 2225 2292 2292 veniat.
2381 2225 2517 2294 Suo
2560 2226 2673 2293 ille

573 2331 644 2394 in
689 2329 1115 2417 Apologetico
1159 2327 1380 2394 libello
1427 2347 1642 2394 secum
1689 2331 1957 2414 pugnat,
2006 2333 2076 2393 et
2118 2347 2253 2392 non
2298 2327 2492 2394 modo
2536 2349 2671 2392 non

574 2431 969 2497 cohaerentia
1011 2431 1188 2496 inter
1231 2450 1298 2495 se
1343 2427 1524 2506 dicit,
1570 2426 1686 2494 sed
1733 2427 1939 2493 etiam
1985 2428 2275 2494 maxime
2320 2429 2668 2508 contraria,

574 2536 654 2596 ut
683 2552 817 2597 non
859 2535 1054 2597 tanta
1095 2531 1452 2608 nobiscum,
1501 2533 1751 2615 quanta
1796 2550 2013 2594 secum
2044 2527 2171 2594 sibi
2202 2529 2291 2596 sit
2319 2531 2668 2596 contentia

577 2631 720 2697 Nos
773 2654 919 2698 cum
964 2632 1193 2719 primis
1235 2631 1467 2697 laudat
1509 2653 1594 2696 ex
1639 2651 1733 2710 e0,
1780 2631 1955 2714 quod
1986 2651 2133 2696 cum
2164 2631 2460 2698 daemone
2501 2631 2671 2696 nihil
2700 2687 2707 2695 .

575 2734 823 2820 negotii
866 2731 1170 2798 habuisse
1215 2733 1534 2798 Baoonem
1585 2731 2079 2798 ostenderimus.
2183 2732 2407 2819 Atque
2470 2733 2673 2798 etiam

575 2840 769 2922 putat
812 2835 1234 2901 vehementer
1267 2855 1482 2901 errare
1527 2832 1676 2899 illos
1719 2833 1833 2918 qui
1866 2831 2211 2920 Magorum
2256 2854 2529 2901 numero
2558 2834 2675 2899 ad-

575 2936 869 3002 scribunt
915 2936 1256 3001 Baconem.
1349 2935 1470 3001 Sui
1515 2940 1740 3000 tamen
1787 2935 1997 2999 veluti
2042 2935 2307 3014 oblitus,
2356 2936 2681 3003 Baconem

576 3038 814 3104 deinde
887 3042 1220 3124 comparat
1297 3035 1602 3102 Michaeli
1665 3040 2098 3123 cognomento
2190 3034 2405 3115 Scot0,
2482 3044 2681 3125 gente

579 3140 814 3227 Anglo‚
861 3139 991 3226 qui,
1037 3144 1118 3204 ut
1161 3159 1399 3225 magna
1445 3136 1915 3224 probabilitate
1950 3136 2209 3221 judicat
2252 3159 2495 3218 censor,
2542 3159 2679 3204 non

581 3240 954 3326 astrologiae
1017 3240 1348 3305 damnatae
1397 3238 1624 3315 solum,
1672 3237 1789 3303 sed
1848 3238 2049 3303 etiam
2118 3238 2386 3325 magicis
2430 3239 2685 3305 artibus

581 3339 989 3426 nuncupavit
1092 3360 1176 3404 se.
1325 3337 1647 3403 Viderene
1735 3338 1841 3401 vis
1945 3340 2273 3403 contraria
2314 3342 2341 3403 3
2451 3338 2683 3427 Legito

582 3464 724 3528 pag.
795 3438 901 3517 27,
966 3440 1263 3525 hancque
1331 3438 1548 3505 confer
1622 3458 1771 3503 cum
1840 3458 1983 3525 pag.
2033 3438 2135 3509 76.
2248 3437 2495 3505 Verum
2559 3438 2683 3505 hoc

582 3547 683 3609 est
727 3562 1019 3629 pugnare
1063 3562 1279 3606 secum
1309 3565 1326 3620 ;
1401 3561 1555 3604 nam
1601 3539 1716 3624 qui
1759 3545 1879 3605 aut
1923 3540 2286 3622 consilium,
2330 3546 2451 3607 aut
2492 3562 2681 3628 opem

581 3643 894 3709 dis-monis
967 3641 1292 3729 implorat,
1368 3638 1640 3706 formale
1729 3662 1877 3705 cum
1952 3640 2065 3707 illo
2156 3641 2285 3707 init
2373 3664 2682 3709 commer-

581 3767 770 3811 cmm.

672 3845 806 3911 Sed
869 3846 1298 3931 experiamur,
1369 3845 1426 3909 si
1504 3843 1717 3930 placet
1791 3846 2059 3923 censori,
2136 3844 2459 3933 numquid
2533 3868 2681 3913 cum

585 3947 781 4013 Scoto
847 3967 1190 4012 commune
1257 3944 1564 4012 habuerit
1609 3946 1828 4013 Baooz
1916 3945 2109 4013 Prius
2153 3970 2309 4013 vero
2370 3970 2567 4035 quam
2610 3948 2683 4014 id

583 4048 1057 4135 aggrediamur,
1135 4069 1268 4113 non
1363 4053 1676 4134 gravetur
1749 4069 1975 4114 censor
2084 4050 2311 4116 audire
2386 4072 2463 4117 ea
2536 4071 2682 4136 quae

585 4150 758 4215 Baco
835 4150 919 4215 de
985 4148 1296 4235 scriptore
1371 4148 1503 4215 isto
1579 4150 1909 4215 memoriae
1984 4150 2350 4217 tradiderit.
2482 4151 2685 4216 Varia

584 4272 734 4316 cum
813 4250 924 4315 ille
997 4250 1079 4315 de
1154 4251 1420 4316 fortuna
1487 4250 1867 4317 Aristotelis
1940 4258 2178 4339 ageret,
2228 4252 2413 4317 venit
2456 4252 2541 4317 ad
2586 4274 2681 4333 ea,

584 4373 732 4437 quae
807 4351 1044 4417 Scotus
1087 4368 1174 4417 ex
1219 4352 1445 4418 Graeco
1489 4352 1560 4416 in
1607 4352 1919 4417 Latinum
1965 4354 2211 4418 vertit:
2308 4359 2345 4389 “
2378 4352 2469 4418 Et
2511 4354 2680 4431 licet,

589 4461 625 4487 “
672 4453 944 4539 (inquit)
1011 4453 1082 4517 in
1154 4452 1366 4540 Opere
1433 4451 1686 4539 Majori,
1734 4474 1879 4541 pag.
1929 4456 2031 4531 28,
2079 4454 2209 4519 alia
2252 4454 2565 4542 logicalia‚
2615 4459 2683 4520 et

589 4562 624 4589 “
671 4553 969 4639 quaedam
999 4554 1130 4619 alia
1159 4554 1482 4620 translata
1523 4555 1793 4621 fuerunt
1822 4576 1939 4641 per
1968 4555 2273 4621 Boetium
2322 4557 2403 4622 de
2435 4557 2679 4636 Graem,

589 4663 626 4689 “
672 4660 896 4719 tamen
971 4659 1266 4741 tempore
1339 4654 1618 4721 Michael
1698 4653 1895 4735 scoti,
1974 4656 2090 4742 qui
2151 4658 2341 4723 annis
2408 4657 2683 4723 Domini

591 4764 626 4789 ‘¹
676 4757 867 4831 1230,
937 4757 1286 4821 transactis
1383 4758 1705 4844 apparuit,
1778 4758 2073 4828 deferens
2146 4758 2463 4827 librorum
2529 4761 2681 4825 Ari-
