3517 5750
585 869 709 919 vn.
1232 866 1693 917 commnmn
1736 867 1986 919 s'mnu.
2567 858 2698 920 455

579 1044 981 1111 ablationem
1026 1044 1306 1111 duarum
1364 1042 1766 1129 syllabarum
1826 1042 1899 1107 in
1957 1043 2092 1109 fine
2150 1043 2258 1123 sic,
2307 1042 2694 1131 tipea‘naro-
2717 1051 2784 1131 Ιξι
2805 1069 2947 1107 sean-

578 1168 733 1233 ryze
750 1172 781 1227 ,·
834 1153 913 1214 ut
964 1145 1059 1213 sic
1115 1146 1361 1213 habeat
1404 1146 1691 1211 mediam
1742 1145 2151 1232 productam,
2213 1145 2386 1211 hanc
2449 1146 2696 1214 scilicet
2719 1134 2852 1173 ‘¹⁰¹¹‘

578 1248 901 1334 syllabam
948 1270 1043 1315 aa.
1136 1248 1269 1315 Sed
1316 1247 1425 1313 hic
1468 1267 1648 1313 error
1676 1247 2040 1313 vilissimus
2083 1252 2154 1313 et
2197 1254 2426 1314 contra
2467 1270 2694 1317 omnes

576 1354 888 1417 auctores.
982 1350 1072 1416 Et
1100 1348 1314 1437 primo
1344 1348 1779 1435 impugnatur
1817 1370 1937 1436 per
1982 1348 2297 1428 Macmm,
2330 1356 2410 1417 ut
2437 1355 2690 1418 tactum

574 1457 675 1518 est
736 1452 1052 1539 superius.
1146 1450 1448 1519 Secundo
1512 1450 1945 1537 impugnatur
2011 1473 2128 1537 per
2171 1452 2466 1539 regulam
2512 1453 2688 1519 Pris-

572 1552 747 1619 ciani
812 1554 887 1622 in
947 1557 1184 1640 quarto
1251 1550 1468 1629 libre,1
1519 1553 1697 1638 quod
1750 1574 1800 1619 a
1863 1558 2020 1619 ante
2064 1575 2108 1619 ο·
2165 1554 2240 1619 in
2299 1556 2685 1623 derivativis

569 1655 987 1741 producitur,·
1042 1660 1121 1721 ut
1186 1652 1541 1743 populariS,
1602 1654 1973 1740 singularia,
2019 1654 2378 1737 familiaris,
2426 1680 2680 1737 avarus,

566 1757 987 1837 contrarium,
1036 1756 1415 1835 armarium,
1484 1759 1553 1820 et
1614 1754 2014 1841 hujusmodi.
2111 1756 2331 1844 Igitur
2391 1761 2686 1847 ptisana-

565 1858 740 1923 rium
783 1859 1060 1925 habebit
1123 1878 1171 1924 α
1232 1858 1506 1944 longum
1570 1862 1727 1923 mite
1790 1880 1846 1924 r.
1941 1858 2200 1925 Deinde
2261 1860 2498 1927 fortius
2559 1863 2682 1927 hoc

567 1960 886 2047 probatur
954 1982 1073 2049 per
1136 1961 1252 2046 jus
1327 1958 1661 2046 poeticum
1736 1958 2093 2027 scandendi
2160 1982 2434 2045 versus;
2524 1964 2681 2049 quia

568 2062 791 2127 nullus
851 2068 1203 2150 poetarum
1288 2082 1587 2147 unquam
1663 2061 1813 2126 vult
1898 2062 2199 2127 subtrahi
2273 2062 2402 2127 nisi
2475 2086 2678 2131 unam

568 2163 894 2251 syllabam
984 2169 1267 2240 tantum,
1346 2164 1524 2248 quod
1600 2160 1757 2227 licet
1846 2163 2154 2232 inducere
2245 2186 2363 2251 per
2451 2187 2680 2233 omnes

568 2270 815 2352 poetas,
860 2270 1001 2331 tam
1060 2264 1360 2329 infideles
1420 2284 1621 2350 quam
1670 2262 2126 2345 Christian053
2186 2265 2374 2330 verbi
2438 2268 2673 2353 gratia,

569 2365 895 2433 Horatius
940 2364 1109 2453 [Sat.
1142 2366 1181 2431 i.
1216 2366 1279 2445 ’7,
1314 2366 1447 2451 Ha]
1478 2386 1493 2427 z

568 2524 604 2553 “
618 2518 687 2583 N
691 2538 780 2583 on
806 2518 1005 2583 aliam
1036 2516 1121 2584 ob
1152 2536 1433 2595 causam,
1465 2515 1595 2581 nisi
1625 2516 1804 2601 quod
1833 2516 2048 2581 virtus
2077 2516 2150 2581 in
2180 2521 2458 2603 utroque
2503 2521 2604 2585 est
2617 2518 2673 2599 ;''

564 2696 672 2761 hic
702 2697 916 2761 solum
962 2694 1103 2761 haec
1148 2694 1401 2780 syllaba
1444 2713 1565 2759 aaa
1607 2693 1682 2757 in
1710 2692 1834 2759 hac
1879 2693 2167 2759 dictione
2212 2694 2436 2763 aliam
2466 2695 2670 2762 demi-

564 2803 695 2864 tur.
821 2797 897 2863 Si
942 2798 1119 2864 enim
1182 2795 1333 2861 duae
1388 2796 1753 2873 demantur,
1817 2795 2061 2861 scilicet
2104 2794 2138 2863 i
2181 2801 2251 2862 et
2293 2816 2430 2876 am,
2477 2803 2556 2864 ut
2599 2798 2674 2867 al

563 2905 900 2966 remaneat
942 2900 1215 2966 dicendo
1261 2899 1369 2976 sic,
1403 2897 1480 2964 N
1474 2920 1567 2964 on
1610 2897 1685 2965 al
1714 2897 1792 2964 ob
1823 2919 2124 2978 caueam,
2159 2903 2229 2965 et
2259 2905 2508 2980 coetera„
2542 2903 2670 2968 erit

561 3023 789 3068 versus
832 3002 1051 3082 falsae,
1098 3023 1249 3066 cum
1324 2999 1397 3066 al
1462 2999 1556 3066 sit
1624 2999 1846 3065 brevis
1907 3006 1977 3066 et
2039 3002 2338 3088 sequitur
2383 3003 2670 3084 vocali33

560 3105 675 3170 sed
704 3104 797 3170 sic
826 3102 1197 3170 scandendo
1226 3103 1627 3190 producitur.
1691 3102 2014 3168 Similiter
2043 3103 2222 3190 apud
2269 3101 2604 3170 Lucanum
2620 3105 2667 3172 :²

698 3290 732 3316 “
756 3281 1043 3358 Italiam,
1090 3285 1388 3346 extremo
1432 3281 1659 3346 sedeat
1703 3281 1882 3366 quod
1925 3281 2150 3347 littore
2195 3282 2530 3369 magnus?

558 3457 633 3524 Si
696 3457 873 3524 enim
924 3457 1075 3524 duae
1118 3457 1392 3542 syllabae
1437 3459 1788 3523 demantur
1831 3458 1904 3522 in
1949 3457 2316 3524 scandendo
2359 3460 2470 3540 sic,
2517 3459 2664 3527 Ital

556 3567 859 3638 coetrem,
929 3563 999 3625 et
1058 3565 1311 3640 caetera„
1373 3558 1502 3625 erit
1562 3580 1790 3624 versus
1847 3558 2065 3635 falsun,
2113 3560 2272 3644 quia
2313 3559 2386 3626 al
2443 3563 2664 3628 brevis

554 3668 668 3727 est.
747 3660 947 3727 Unde
992 3661 1331 3748 Virgilius,
1383 3660 1698 3726 “Italiam
1744 3659 1942 3741 fato?
1985 3665 2055 3724 et
2090 3666 2366 3744 caetera3
2411 3663 2525 3728 sed
2553 3663 2662 3729 hic

552 3769 715 3829 tunc
782 3768 1164 3850 sequeretur
1231 3763 1493 3840 vocalia
1544 3763 1722 3847 quod
1791 3785 1925 3827 esse
1984 3784 2120 3827 non
2179 3767 2397 3849 potest
2457 3764 2658 3830 etiam

550 3864 725 3952 apud
769 3864 1129 3951 Virgilium
1178 3863 1360 3950 [AEn.
1394 3863 1437 3932 i.
1476 3865 1607 3950 3.]:

815 4034 853 4065 “
873 4028 1165 4094 Multum
1208 4029 1321 4094 ille
1365 4035 1435 4095 et
1478 4030 1674 4095 terris
1708 4029 2004 4114 jactatus
2047 4036 2116 4096 et
2163 4030 2302 4096 alto
2331 4031 2388 4113 ;’'

554 4193 685 4273 Qui
729 4191 953 4257 scandi
998 4193 1196 4257 debet
1241 4193 1349 4270 sic,
1397 4197 1431 4227 “
1456 4191 1748 4258 Multum
1793 4193 1960 4274 ille,”
1998 4198 2067 4260 et
2106 4200 2358 4272 caetera,
2401 4200 2480 4261 ut
2522 4219 2655 4260 una

550 4300 815 4360 tantum
877 4295 1181 4360 dematur
1240 4293 1511 4380 syllaba.
1604 4294 1697 4357 Et
1755 4296 1849 4360 sic
1923 4297 2004 4360 de
2071 4297 2375 4362 omnibus
2440 4299 2654 4381 poe'tis

550 4402 705 4462 ante
743 4397 1081 4463 Christum
1124 4417 1463 4490 nunquam
1506 4396 1884 4462 invenietur
1925 4398 2256 4463 instantia.
2335 4397 2652 4464 Similiter

614 4723 627 4752 ¹
652 4721 801 4788 libro]
828 4723 923 4775 See
945 4741 992 4790 p.
1022 4730 1132 4787 110,
1156 4727 1233 4776 ed.
1266 4731 1408 4776 1545.
1594 4723 1605 4792 Ι
1700 4725 1720 4754 ’·’
1740 4721 2024 4787 Lucanum]
2051 4721 2148 4771 Ph.
2171 4720 2224 4772 ii.
2250 4726 2362 4771 659.
