3517 5750
591 872 791 961 um]
1374 888 1549 940 orus
1592 888 1914 941 1111111011.
2563 876 2693 939 223

586 1064 677 1132 Et
720 1062 1303 1155 consideraverunt
1344 1064 1485 1131 haec
1528 1086 1647 1153 per
1690 1064 2172 1152 oppositionem
2214 1064 2504 1131 mediam
2541 1066 2696 1132 solis

582 1174 651 1234 et
712 1168 907 1245 lunae,
954 1174 1025 1235 et
1085 1190 1203 1255 per
1246 1168 1421 1233 diem
1485 1191 1635 1255 quse
1702 1169 2004 1253 sequitur
2068 1168 2564 1255 oppositionem,
2626 1173 2698 1237 et

582 1293 699 1359 per
765 1292 911 1337 eam
955 1292 1105 1357 quae
1170 1270 1525 1359 praecedit3
1594 1276 1665 1337 et
1726 1271 2220 1337 constituerunt
2284 1270 2548 1337 tabulas
2605 1272 2694 1337 ad

580 1374 749 1454 hoc3
816 1378 886 1439 et
930 1396 1070 1439 non
1136 1379 1505 1460 potuerunt
1569 1374 1874 1439 invenire
1923 1374 2152 1439 lunam
2215 1374 2694 1459 quintamdeci-

581 1498 761 1543 mam
823 1476 898 1542 in
966 1478 1071 1543 die
1116 1478 1397 1545 Veneris
1463 1478 1538 1543 in
1584 1476 1846 1555 Martio,
1894 1498 2276 1564 quanquam
2338 1477 2694 1565 diligenter

581 1581 1052 1667 quaesiverunt.
1165 1580 1259 1645 Et
1348 1585 1610 1667 egomet
1672 1580 1982 1646 ordinavi
2045 1579 2310 1645 tabulas
2371 1580 2460 1647 ad
2533 1578 2687 1647 hoc¹

580 1706 729 1749 cum
790 1682 1061 1749 consilio
1105 1684 1469 1769 peritorum
1514 1683 1587 1749 in
1630 1683 1778 1770 lege
1841 1683 2076 1750 divina
2141 1688 2212 1749 et
2273 1686 2690 1751 astronomia.

582 1785 675 1851 Et
718 1808 855 1852 non
896 1785 1277 1851 invenimus
1304 1785 1519 1851 adhuc
1562 1786 1759 1852 istam
1790 1786 2418 1872 quintamdecimam
2461 1786 2690 1854 lunam

579 1888 653 1953 in
698 1888 804 1954 die
835 1886 1111 1953 Veneris
1154 1889 1228 1953 in
1274 1888 1534 1966 Martie,
1583 1889 1843 1955 circiter
1885 1894 2145 1977 tempus
2177 1889 2524 1956 Passionis.
2597 1892 2691 1958 Et

578 1996 809 2058 contra
850 1990 991 2057 11166
1034 1991 1261 2057 omnia
1304 1991 1563 2078 objecta
1604 1990 1776 2057 nihil
1820 1990 2164 2059 invenitur
2205 2014 2324 2080 pro
2367 1994 2690 2059 solutione

578 2094 797 2181 digna.
894 2092 1075 2159 Nam
1135 2096 1377 2181 aliquae
1440 2094 1894 2161 cavillationes
1936 2094 2356 2181 allegantur3
2421 2096 2536 2161 sed
2607 2097 2690 2161 (16

576 2198 753 2263 facili
798 2200 1206 2263 evacuantur
1248 2218 1366 2285 per
1408 2218 1535 2275 eos,
1580 2197 1697 2284 qui
1739 2198 1952 2284 legem
2023 2196 2151 2263 Dei
2215 2202 2552 2265 noverunt
2618 2204 2690 2265 et

577 2302 1067 2367 astronomiam.

669 2404 771 2469 De
846 2402 1137 2469 kalenda
1209 2424 1369 2469 vero
1444 2402 1800 2469 consimilis
1872 2402 1981 2469 vel
2053 2402 2264 2488 major
2331 2402 2683 2469 dubitatio.

580 2504 757 2573 Nam
823 2504 1269 2593 Theophilus?
1316 2505 1432 2591 qui
1500 2505 1633 2571 fuit
1696 2504 1956 2570 vicinus
2029 2504 2360 2591 apostolis,
2425 2506 2686 2593 scripsit

576 2608 753 2695 quod
796 2608 1047 2674 decimo
1090 2608 1409 2674 kalendas
1454 2630 1683 2695 passus
1724 2606 1898 2688 fuit3
1961 2614 2032 2673 et
2097 2608 2245 2674 ideo
2292 2608 2680 2687 Gerlandus,
2707 2624 2992 2677 Gerlandus

2704 2692 2790 2741 the
2811 2701 2942 2744 most

576 2712 871 2777 omnium
948 2712 1493 2798 computistarum
1570 2710 2002 2789 doctissimus,
2051 2711 2112 2777 61
2181 2712 2494 2779 adhaeret.
2591 2713 2684 2777 Et
2705 2758 2878 2809 skilful
2900 2761 2962 2811 of

578 2816 757 2903 quod
800 2814 1239 2902 Augustinus,
1284 2820 1353 2881 et
1400 2812 1864 2900 Hieronymus,
1895 2818 1966 2880 et
2008 2814 2248 2901 vulgus
2294 2814 2682 2881 Latinorum
2705 2826 2774 2877 all
2807 2826 3018 2880 chrono-

574 2923 831 3005 ponunt
873 2923 1111 2984 octavo
1155 2918 1473 2983 kalendas
1510 2917 1780 3004 Aprilis,
1811 2921 2080 3004 reputat
2122 2939 2256 2982 non
2299 2940 2416 3004 per
2457 2925 2686 2984 aucto-

576 3021 846 3086 ritatem
906 3019 1173 3101 dictam,
1236 3021 1351 3085 sed
1392 3019 1755 3086 secundum
1799 3021 2175 3107 opinionem
2233 3021 2436 3108 vulgi.
2506 3021 2574 3086 N
2575 3044 2684 3086 am

574 3143 727 3188 611111
774 3123 1189 3210 Augustinus
1233 3121 1397 3188 dicit
1442 3122 1619 3208 quod
1661 3143 1892 3209 passus
1936 3127 2038 3188 est
2081 3127 2320 3190 octavo
2367 3122 2686 3190 kalendas

570 3225 774 3290 infert
804 3225 985 3311 quod
1008 3245 1239 3312 passus
1269 3229 1372 3290 est
1400 3223 1524 3290 sub
1556 3223 1838 3311 geminis
1880 3225 2284 3306 consulibus3
2329 3227 2506 3310 quod
2551 3245 2683 3291 non

572 3332 675 3393 est
720 3349 969 3406 verum,
1016 3331 1097 3392 ut
1147 3331 1335 3413 patet
1376 3325 1529 3414 pei-⁸
1574 3347 1784 3392 annos
1827 3327 2170 3392 consulum
2217 3327 2681 3394 Romanorum.

574 3428 667 3495 Et
707 3428 857 3495 ideo
902 3430 1027 3495 hoo
1069 3429 1249 3495 dixit
1290 3429 1651 3495 secundum
1713 3417 2090 3515 opinionem
2156 3427 2362 3514 vulgi,
2403 3449 2538 3494 non
2597 3451 2682 3496 cx

572 3530 922 3608 definitiva
994 3531 1341 3598 sententia.
1453 3530 1671 3596 Multa
1745 3531 1924 3595 enim
1999 3531 2232 3596 dicunt
2305 3530 2550 3596 sancti⁴
2609 3538 2680 3599 et

572 3633 869 3700 referunt
941 3635 1300 3700 secundum
1362 3633 1659 3721 vulgum,
1722 3631 1841 3699 ubi
1903 3637 2024 3698 aut
2090 3653 2229 3697 non
2299 3633 2679 3700 habuerunt

572 3757 758 3823 posse
794 3736 1281 3802 determinandi
1324 3737 1697 3817 veritatem,
1742 3740 1866 3802 aut
1909 3741 2178 3822 propter
2221 3733 2678 3802 difficultatem

570 3837 997 3924 reliquerunt,
1042 3844 1163 3904 aut
1224 3839 1299 3904 in
1360 3839 1509 3904 aliis
1571 3834 1772 3904 satis⁵
1842 3838 2158 3925 occupati,
2205 3837 2464 3904 suffecit
2509 3839 2679 3906 illud

568 3941 655 4006 ad
699 3951 963 4027 tempus
1004 3941 1191 4027 loqui
1232 3946 1312 4006 ut
1356 3942 1594 4028 plures,
1626 3941 1932 4026 quamvis
1975 3940 2107 4006 fuit
2137 3941 2232 4006 eis
2261 3942 2678 4009 sentiendum

570 4047 649 4108 ut
721 4041 931 4129 pauci.
1022 4042 1115 4109 Et
1188 4043 1377 4108 Beda
1446 4042 1808 4109 inclinatur
1878 4043 1966 4108 ad
2031 4043 2204 4108 hanc
2267 4045 2680 4124 sententiam,

570 4145 793 4211 dicens
854 4145 1031 4231 quod
1094 4145 1151 4210 si
1216 4146 1547 4211 inveneris
1608 4149 1689 4212 ut
1750 4146 2234 4233 chronographi
2302 4145 2534 4214 dicunt
2599 4150 2680 4215 de

570 4247 871 4334 passione
915 4245 1208 4327 Domini,
1240 4248 1491 4334 gratias
1535 4269 1655 4335 age
1687 4247 1832 4313 Deo
1860 4273 1880 4330 ;
1921 4269 2060 4315 non
2101 4253 2338 4336 potens
2380 4250 2680 4317 invenire

566 4349 747 4436 quod
808 4349 1159 4436 vulgatum
1224 4355 1345 4416 est.
1386 4385 1395 4394 ·
1436 4349 1530 4416 Et
1572 4373 1689 4437 per
1731 4350 1994 4417 tabulas
2059 4351 2480 4419 astronomiae
2545 4374 2680 4418 non

570 4472 913 4538 possumus
975 4452 1273 4518 invenire
1320 4452 1497 4538 quod
1540 4475 1583 4517 a
1625 4452 1828 4538 vulgo
1894 4453 2176 4532 dicitur3
2244 4476 2393 4518 cum
2455 4459 2678 4518 tamen

638 4681 651 4711 ¹
677 4679 747 4729 ad
765 4679 877 4746 hoc]
916 4696 1014 4732 om.
1040 4681 1103 4732 T.
1736 4682 1757 4711 ⁸
1771 4681 1891 4746 per]
1931 4695 2030 4730 om.
2057 4679 2119 4730 T.

636 4759 657 4788 ⁸
686 4758 1001 4827 Theophilus]
1028 4775 1083 4813 as
1110 4761 1293 4826 quoted
1323 4762 1394 4827 by
1415 4759 1569 4813 Bede.
1736 4761 1757 4790 ⁴
1777 4759 1964 4825 sancta]
2000 4773 2098 4809 om.
2123 4757 2185 4811 Τ.

570 4839 650 4893 cf.
675 4854 723 4904 p.
746 4844 861 4892 221.
1739 4839 1932 4910 ξεαείε]
1969 4853 2068 4891 0111.
2094 4837 2156 4891 Τ.

2706 2895 2895 2958 logists.
