3517 5750
596 866 791 957 Lxx]
1384 882 1561 934 orvs
1604 880 1928 933 munit.
2575 876 2704 941 291

594 1064 913 1150 sequente
1001 1061 1190 1127 fieret
1264 1060 1403 1127 dies
1480 1058 1855 1127 Paschalis:
1947 1064 2017 1127 et
2091 1061 2244 1129 ideo
2320 1082 2458 1129 non
2533 1070 2706 1132 esset

595 1164 963 1252 sequendus
1024 1183 1265 1230 aureus
1310 1184 1642 1243 numerus,
1712 1184 1836 1229 nec
1910 1164 2164 1249 aliquid
2223 1162 2438 1231 fixum
2507 1188 2706 1254 super

596 1266 1097 1333 kalendarium.¹
1192 1266 1285 1331 Et
1328 1271 1597 1354 possent
1660 1264 1806 1331 fieri
1849 1264 2098 1333 tabulae
2146 1268 2228 1333 de
2293 1268 2400 1333 his
2456 1270 2702 1356 prima,-

598 1370 894 1437 tionibus
938 1374 1013 1435 et
1052 1369 1487 1455 aequinoctiis‚
1534 1375 1605 1435 et
1646 1368 2007 1435 secundum
2067 1368 2218 1434 illas
2261 1376 2482 1457 posset
2526 1373 2702 1438 ordi-

602 1470 752 1537 nari
796 1471 1259 1538 kalendarium
1314 1473 1389 1537 in
1456 1492 1635 1538 anno
1679 1476 1749 1537 et
1811 1473 1886 1536 in
1927 1471 2280 1550 mensibus,
2338 1474 2698 1541 secundum

600 1574 939 1641 consimile
981 1574 1339 1641 artificium
1384 1595 1517 1661 quo
1562 1574 1830 1641 Hebraei
1875 1577 2180 1641 utuntur.

1424 1958 1587 2029 OAP.
1634 1958 1880 2027 LXXI.

686 2190 833 2258 SED
874 2192 1107 2258 contra
1147 2188 1289 2257 haec
1332 2193 1553 2277 posset
1596 2187 1794 2274 objici
1821 2188 1908 2257 de
1936 2190 2191 2275 synodo
2235 2186 2304 2253 N
2305 2188 2505 2269 icens,
2553 2210 2702 2277 quae
2724 2204 2837 2263 'nie
2863 2212 2987 2265 fimo

590 2294 835 2379 ‘statuit
898 2293 1329 2381 primationes
1404 2292 1751 2385 Paschales
1819 2292 2108 2358 inveniri
2173 2292 2378 2378 juxta
2443 2293 2700 2379 cyclum
2721 2279 3029 2398 gf'med

596 2394 1205 2463 decennovenalem.
1327 2394 1423 2462 Et
1508 2394 1749 2461 beatus
1835 2416 2008 2482 papa
2083 2394 2234 2473 Lon,
2303 2396 2698 2463 discussione
2721 2414 2793 2479 by
2815 2429 2848 2464 a

596 2498 777 2566 facta
832 2499 949 2567 ἅθ’
992 2496 1376 2586 hujusmodi
1422 2499 1864 2578 contentione,
1913 2497 2186 2563 tandem
2230 2498 2540 2565 definivit
2580 2499 2698 2564 ad-
2721 2480 3005 2616 m&

598 2602 847 2669 haerere
876 2604 1227 2669 sententiae
1254 2602 1497 2688 synodi
1526 2600 1843 2667 Nicoenae.
1934 2598 2163 2687 Atque
2195 2600 2397 2681 Beda,
2429 2600 2501 2665 in
2527 2600 2700 2668 libro
2721 2612 2870 2665 Bede.

597 2710 889 2791 quatuor
929 2704 1346 2792 Temporum,
1392 2702 1685 2790 capitulo
1736 2703 2243 2791 quadra-gemme
2309 2704 2531 2783 tertio,
2595 2705 2694 2770 ni·

596 2808 769 2873 titur
836 2810 1162 2895 quantum
1234 2810 1461 2896 potest
1524 2806 1832 2872 roborare
1895 2805 2072 2872 hunc
2146 2801 2406 2893 cyclum
2453 2812 2523 2873 et
2565 2808 2699 2895 pri-

596 2912 923 2977 mationes
969 2932 1089 2998 per
1132 2909 1499 2976 discursum
1543 2907 1743 2995 hujus
1789 2908 1956 2995 cycli
1973 2907 2000 2946 ⁸
2045 2909 2428 2976 accidentes.
2519 2911 2698 2976 Nam

597 3015 1063 3080 auctoritatem
1131 3010 1200 3076 N
1201 3013 1405 3078 icenae
1472 3011 1713 3098 synodi
1789 3016 1860 3077 et
1934 3010 2174 3078 Leonis
2235 3033 2426 3100 papae
2489 3013 2698 3079 intro-

598 3117 797 3198 ducit,
846 3123 917 3182 et
958 3115 1353 3182 miraculum
1426 3113 1840 3201 interponit:
1911 3115 2224 3200 quonism
2290 3137 2440 3180 cum
2500 3117 2700 3182 multi

596 3221 956 3286 voluerunt
1030 3219 1338 3304 quodam·
1390 3221 1684 3304 tempore
1759 3216 2012 3282 Pascha.
2077 3217 2316 3283 debere
2383 3217 2697 3284 celebrari

595 3326 833 3388 octavo
879 3321 1215 3388 Kalendas
1259 3319 1527 3407 Aprilis,
1574 3324 1645 3385 et
1686 3319 1804 3384 alii
1847 3317 2102 3384 decimo
2132 3318 2468 3385 Kalendas
2512 3319 2697 3400 Maii,

594 3425 953 3491 secundum
1028 3423 1207 3511 quod
1281 3422 1441 3489 ordo
1508 3422 1675 3509 cycli
1750 3420 2292 3488 decennovenalis
2365 3421 2694 3508 exigebat,

596 3528 757 3594 elisa
800 3533 901 3594 est
944 3527 1087 3594 haec
1106 3525 1135 3564 ⁴
1178 3527 1515 3593 contentio
1559 3545 1679 3611 per
1721 3523 2056 3610 quoddam
2109 3523 2590 3610 baptisterium,
2621 3524 2696 3589 in

595 3651 729 3717 quo
771 3635 969 3696 nocte
1012 3628 1281 3695 Paschae
1324 3627 1609 3716 singulis
1652 3627 1846 3692 annis
1889 3625 2270 3712 replebatur
2325 3625 2472 3692 fons
2517 3647 2696 3693 sacer

596 3753 771 3820 aqua.
825 3753 943 3820 per
1004 3753 1093 3812 se,
1148 3736 1221 3798 et
1280 3729 1641 3818 baptizatis
1706 3726 2098 3810 hominibus,
2167 3726 2340 3794 sicut
2403 3734 2693 3811 venerat,

596 3835 961 3902 recedebat.
1076 3833 1271 3917 Quod
1344 3833 1587 3900 accidit
1654 3831 1910 3899 decimo
1972 3830 2314 3897 Kalendas
2356 3831 2540 3913 Maii,
2601 3853 2699 3898 se-

600 3938 891 4004 cundum
968 3937 1149 4025 quod
1224 3936 1393 4023 cycli
1480 3936 1657 4002 ratio
1724 3933 2056 4022 exigebat,
2125 3939 2196 4001 et
2251 3955 2390 4002 non
2464 3939 2698 4002 octavo

600 4041 939 4108 Kalendas
982 4040 1254 4129 Aprilis.

686 4144 820 4211 Sed
893 4145 951 4210 si
1020 4144 1164 4210 haec
1181 4139 1211 4178 ⁶
1280 4142 1448 4208 bene
1514 4139 1998 4227 intelligantur,
2043 4161 2180 4206 non
2237 4141 2698 4209 contradicunt
2718 4151 2933 4204 Baoon’s

598 4246 913 4315 veritati:
1002 4269 1161 4314 nam
1252 4267 1402 4312 cum
1476 4243 1804 4311 Eusebius
1879 4242 2299 4312 Caesariensis
2359 4245 2696 4333 episcopus
2719 4221 2925 4338 ξξξιζιι“

664 4620 679 4652 ²
704 4618 1061 4686 hakndarim]
1098 4619 1355 4681 kalendas,
1378 4617 1439 4670 Β.
1758 4619 1780 4650 ⁴
1801 4615 1928 4683 hoec]
1965 4631 2064 4680 om.
2087 4616 2148 4668 T.

658 4701 679 4731 ²
699 4698 787 4765 de]
822 4713 987 4763 super,
1012 4698 1073 4751 T.
1758 4710 1779 4738 ⁵
1799 4710 1846 4758 si
1866 4708 1992 4774 haec]
2031 4709 2140 4758 haec
2164 4709 2224 4770 si,
2245 4709 2306 4759 B.

659 4777 680 4805 ²
698 4775 845 4843 cycli]
884 4791 981 4828 om.
1008 4776 1069 4829 T.
1092 4775 1154 4830 B.
2423 4791 2430 4796 ’

2301 4831 2483 4933 '1¹2‘
