3517 5750
819 843 950 906 152
1581 856 1838 905 noum
1885 854 2175 905 mcoms
2743 840 2920 927 [cu.

480 1038 693 1119 Βαροιιζε
814 1031 995 1096 niam
1027 1052 1327 1110 vacuum,
1360 1035 1439 1095 ut
1482 1029 1855 1116 philosophi
1889 1031 2274 1116 posuerunt,
2305 1032 2376 1093 et
2419 1031 2502 1092 ut
2531 1026 2921 1093 Aristoteles

481 1107 771 1169 ⁰b³⁶⁰⁰⁰n⁸·
815 1134 1032 1199 utitur
1072 1139 1305 1198 contra
1348 1154 1475 1209 ece,
1514 1136 1615 1196 est
1656 1132 1948 1223 spatium
1989 1152 2290 1211 vacuum,
2337 1129 2586 1195 habens
2629 1127 2918 1214 longum,

817 1236 1047 1316 latum,
1112 1240 1180 1300 et
1238 1234 1663 1322 profundum,
1730 1255 1958 1299 carens
2015 1238 2242 1298 tamen
2301 1230 2717 1297 naturalibus
2778 1252 2922 1315 pas-

818 1338 1129 1415 sionibuS,
1180 1358 1330 1423 quae
1382 1341 1545 1403 sunt
1590 1335 1898 1412 calidum,
1949 1334 2288 1422 frigidum,
2343 1354 2584 1411 rarum,
2629 1334 2921 1411 densum,

822 1439 1031 1521 molle,
1080 1440 1335 1520 durum,
1384 1460 1603 1526 grave,
1650 1436 1818 1518 leve,
1862 1442 1933 1503 et
1977 1435 2369 1523 hujusmodi.

912 1540 1043 1607 Sed
1117 1542 1241 1607 hoc
1314 1540 1602 1627 spatium
1677 1539 1771 1605 sic
1829 1538 2120 1626 positum
2181 1537 2386 1604 habet
2443 1537 2620 1604 unde
2677 1537 2926 1623 repleat

820 1644 1035 1711 locum
1094 1647 1163 1710 et
1222 1664 1565 1729 nunquam
1622 1642 1816 1709 cedat
1873 1640 2087 1722 alicui,
2149 1645 2231 1706 ut
2299 1640 2460 1706 dicit
2519 1639 2924 1718 Aristoteles,

824 1746 1115 1832 capitulo
1191 1746 1295 1811 De
1383 1744 1665 1825 Vacu0;
1755 1744 2070 1831 quoniam
2145 1764 2266 1831 per
2341 1743 2586 1809 trinam
2679 1742 2930 1809 dimen-

824 1847 1074 1913 sionem
1138 1868 1371 1935 corpus
1418 1846 1764 1931 quodlibet
1831 1846 2042 1933 replet
2107 1846 2338 1912 locum.
2433 1844 2634 1909 Unde
2695 1866 2929 1931 corpus

824 1950 1127 2016 naturale
1186 1970 1321 2015 non
1368 1950 1579 2035 replet
1635 1948 1854 2015 locum
1911 1954 2184 2036 propter
2231 1947 2512 2014 calorem
2561 1952 2632 2013 et
2677 1946 2928 2033 frigidi-

822 2058 1048 2130 tatem,
1104 2053 1212 2119 vel
1297 2052 1494 2117 aliam
1568 2051 1936 2137 passionem
2015 2050 2405 2131 naturalem,
2477 2049 2592 2114 sed
2666 2054 2934 2137 propter

824 2154 1069 2221 trinam
1122 2154 1642 2233 dimensionem3
1740 2158 1811 2219 et
1883 2152 2034 2219 ideo
2107 2174 2258 2219 cum
2331 2174 2616 2218 vacuum
2691 2150 2933 2217 habeat

826 2256 1203 2343 hujusmodi
1293 2256 1792 2334 dimensionem,
1881 2258 2114 2321 natum
2225 2259 2330 2321 est
2433 2254 2648 2321 locum
2739 2274 2932 2319 suum

825 2360 1091 2447 replere,
1198 2360 1369 2425 sicut
1443 2360 1876 2445 quodcunque
1965 2379 2202 2445 corpus
2291 2357 2614 2423 naturale.
2793 2355 2935 2422 Nec

823 2467 1047 2547 potest
1120 2463 1361 2539 cedere,
1439 2460 1595 2547 quia
1667 2460 1923 2526 nullam
1997 2460 2370 2547 passionem
2449 2459 2656 2525 habet
2743 2464 2936 2524 natu-

826 2564 1047 2629 ralem.
1142 2562 1399 2650 Corpus
1472 2563 1649 2627 enim
1738 2562 1858 2627 alii
1933 2583 2070 2629 non
2146 2562 2325 2628 cedit
2381 2560 2510 2627 nisi
2573 2558 2732 2648 quia.
2789 2566 2890 2627 est
2911 2560 2933 2597 ¹

826 2665 1041 2745 molle,
1102 2669 1170 2730 et
1229 2664 1608 2751 hujusmodi
1670 2669 1980 2731 causatur
1997 2664 2024 2701 ²
2099 2688 2142 2729 a
2195 2663 2628 2750 qualitatibus
2685 2662 2935 2751 primia,

827 2788 977 2851 quae
1036 2772 1197 2833 sunt
1240 2766 1542 2846 calidum,
1605 2765 1940 2854 frigidum,
1991 2766 2359 2847 humidum,
2421 2768 2706 2848 siccum3
2781 2788 2935 2854 ergo

492 2878 577 2959 ζετο
597 2881 769 2932 bodies
828 2893 1111 2936 vacuum
1186 2868 1355 2935 nulli
1430 2869 1683 2956 corpori
1759 2868 1978 2936 cedit.a
2127 2870 2260 2938 Sed
2333 2876 2554 2938 motus
2627 2892 2764 2937 non
2837 2878 2940 2938 est

491 2961 805 3064 {flessessossssm’
828 2973 958 3038 nisi
1047 2973 1167 3038 ubi
1240 2973 1532 3038 medium
1622 2973 1801 3039 cedit
1874 2972 2120 3051 mobili,
2213 2975 2370 3060 quia.
2451 2974 2648 3040 aliter
2721 2981 2940 3041 essent

493 3094 561 3130 ¹²0
581 3081 803 3141 motions
829 3076 959 3141 duo
1020 3096 1293 3164 corpora
1342 3075 1581 3157 simu13
1644 3097 1802 3163 ergo
1854 3075 2254 3162 relinquitur
2301 3075 2480 3161 quod
2532 3097 2668 3142 non
2720 3083 2938 3163 potest

829 3199 968 3244 esse
1035 3177 1275 3264 aliquis
1342 3183 1563 3244 motus
1628 3177 1916 3265 corporis
1999 3177 2074 3242 in
2133 3199 2360 3258 meuc,
2421 3199 2540 3243 nec
2619 3179 2942 3244 naturalis

827 3303 948 3346 nec
1006 3280 1445 3362 voluntariuS,
1506 3302 1627 3346 nec
1674 3281 1898 3366 aliquo
1920 3278 1947 3316 ⁴
2007 3280 2137 3345 alio
2197 3280 2396 3346 modo
2445 3282 2934 3368 excogitandus.

830 3383 921 3450 Et
995 3383 1137 3451 haec
1212 3389 1314 3450 est
1404 3383 1882 3450 demonstratio
1975 3382 2356 3448 Aristotelis
2429 3405 2658 3449 versus
2731 3383 2932 3450 finem

829 3487 1107 3576 capituli
1176 3487 1280 3552 De
1329 3485 1571 3552 Vacua
1680 3485 1776 3551 Ει
1847 3485 2029 3550 istud
2111 3485 2411 3551 concedO.
2529 3485 2622 3552 Et
2691 3487 2936 3553 mirum

829 3595 929 3655 est
988 3589 1164 3675 quod
1224 3589 1521 3655 doctores
1568 3587 1755 3676 vulgi
1831 3609 1967 3653 non
2025 3586 2442 3653 considerant
2493 3589 2618 3654 hoc
2663 3610 2813 3656 cum
2864 3589 2936 3654 in

828 3713 947 3756 suo
1007 3695 1203 3756 textu
1264 3691 1593 3756 consistat.
1715 3689 1809 3756 Et
1881 3711 2032 3756 cum
2091 3689 2404 3776 objicitur
2461 3713 2578 3778 per
2650 3692 2940 3758 rationes

828 3797 967 3858 tres
1040 3793 1304 3878 primae,
1360 3791 1536 3878 quod
1611 3791 1708 3856 ibi
1785 3791 1995 3880 possit
2069 3814 2206 3859 esse
2279 3797 2514 3871 metue,
2589 3793 2745 3860 licet
2803 3816 2937 3860 non

828 3892 1171 3974 naturalia,
1212 3895 1559 3960 dicendum
1612 3899 1713 3960 est
1760 3895 1937 3981 quod
1991 3895 2112 3961 hoc
2164 3899 2335 3960 esset
2385 3917 2636 3977 verum,
2689 3896 2747 3962 ni
2799 3897 2938 3962 sola.

830 3996 1173 4081 quantitas
1216 3995 1420 4084 spatii
1478 3997 2020 4079 consideraretur,
2067 4003 2147 4063 ut
2191 3998 2322 4064 illae
2366 3997 2658 4064 rationes
2715 4019 2934 4086 proce-

830 4098 1015 4163 dunt.
1096 4098 1228 4163 Sed
1260 4098 1441 4164 aliud
1472 4105 1573 4166 est
1614 4100 2018 4187 impediens;
2061 4099 2310 4166 scilicet
2337 4101 2515 4188 quod
2552 4122 2689 4166 non
2717 4106 2938 4189 potest

830 4222 1113 4266 vacuum
1189 4202 1417 4268 cedere
1492 4203 1768 4290 corpori,
1858 4208 1929 4269 et
2001 4203 2148 4270 ideo
2223 4225 2344 4270 nec
2415 4208 2639 4291 potest
2711 4205 2784 4270 in
2857 4227 2935 4272 eo

830 4303 1027 4390 recipi
1074 4325 1195 4369 nec
1244 4304 1509 4370 moveri.

896 4599 1033 4666 ἐκ]
1072 4615 1171 4652 om.
1206 4599 1270 4652 Τ.
1993 4600 2014 4631 ⁸
2035 4599 2188 4667 cedit]
2227 4601 2381 4663 cedet,
2415 4599 2476 4651 B.
2499 4600 2560 4654 L.
2581 4599 2644 4652 Τ.

891 4681 911 4709 ²
930 4679 1192 4744 causatur]
1264 4695 1321 4731 so
1376 4679 1437 4731 Τ.
1472 4699 1486 4741 3
1545 4681 1701 4746 tanyit
1772 4679 1828 4731 in
1993 4681 2013 4710 ⁴
2033 4679 2222 4746 aliquo]
2261 4695 2358 4733 om.
2393 4679 2457 4732 Τ.

824 4758 1036 4810 another
1054 4757 1205 4810 hand.
1282 4758 1551 4825 Tanqitur,
1562 4759 1624 4810 L.
