3517 5750
852 872 985 941 2:36
1602 886 1860 939 nocam
1905 886 2197 937 memus
2783 868 2957 959 [off.

848 1066 1081 1125 torum.
1178 1061 1281 1127 Ut
1332 1060 1581 1127 ibidem
1640 1058 1821 1127 lima
1879 1066 1940 1127 te
1983 1082 2101 1147 pro
2147 1057 2406 1140 limate,
2453 1055 2630 1143 quod
2689 1062 2794 1122 est
2841 1076 2960 1121 vo-

849 1161 1054 1228 cativi
1084 1184 1285 1229 casus.
1376 1164 1471 1229 Et
1511 1163 1722 1251 primo
1756 1162 2030 1249 Regum,
2062 1156 2300 1249 primo'
2343 1159 2463 1247 [1.]
2491 1181 2510 1223 ι
2547 1158 2846 1226 Ramata
2873 1157 2960 1223 in

846 1262 1117 1349 Sophia
1160 1287 1279 1351 pro
1323 1264 1778 1331 Ramathaim-
1819 1262 2110 1352 Soph‘isn.
2133 1262 2162 1300 ⁹
2253 1262 2345 1327 Et
2387 1262 2480 1328 sic
2523 1262 2608 1328 de
2657 1260 2956 1327 infinitis.

936 1366 1069 1432 Sed
1116 1389 1252 1433 non
1296 1368 1507 1434 solum
1552 1366 1657 1433 his
1701 1366 1914 1432 modis
1957 1367 2040 1433 fit
2085 1364 2419 1453 corruptio
2458 1363 2846 1452 prolationis
2889 1368 2960 1428 et

847 1490 1087 1549 sensus,
1134 1470 1249 1535 sed
1292 1468 1363 1534 in
1414 1469 1691 1558 simplici
1736 1472 2010 1535 accentu
2057 1467 2368 1534 dictionis
2427 1465 2662 1545 unius3
2721 1471 2794 1531 ct
2835 1465 2959 1530 hoc

847 1570 1047 1635 habet
1104 1572 1407 1659 exempla
1464 1570 1988 1639 innumerabilia.
2081 1570 2259 1635 Nam
2319 1569 2542 1636 omnia
2601 1568 2831 1634 Graeca
2889 1573 2960 1633 et

853 1672 1139 1739 Hebraea
1180 1674 1315 1739 fere
1360 1674 1529 1739 male
1572 1678 2065 1751 accentnantm,
2099 1672 2260 1758 quia
2299 1670 2626 1738 nescimus
2669 1670 2788 1735 has
2832 1669 2956 1734 lin-

844 1796 1025 1861 guas.
1118 1775 1319 1843 Unde
1360 1776 1435 1841 in
1480 1776 1766 1864 prologis
1809 1774 2032 1843 bibliae
2077 1796 2251 1862 saepe
2295 1772 2534 1851 obelus,
2580 1776 2654 1839 et
2699 1772 2958 1838 acuitur

846 1876 1231 1963 penultima,
1278 1900 1427 1944 cum
1479 1882 1704 1944 tamen
1767 1876 1967 1943 debet
2031 1876 2338 1965 gravari3
2407 1875 2564 1961 quia
2609 1875 2684 1939 in
2729 1874 2956 1941 Graeco

846 1980 1159 2047 scribitur
1208 1997 1325 2068 per
1368 2006 1393 2043 ε
1440 1981 1653 2047 breve.
1746 1978 1839 2045 Et
1885 1978 2212 2067 Virgilius
2255 1978 2526 2066 corripit
2585 2000 2732 2043 eam
2777 1976 2957 2043 simi-

844 2080 1013 2149 liter.
1106 2083 1239 2149 Sed
1302 2083 1663 2150 secundum
1716 2082 2088 2170 generalem
2147 2082 2444 2169 regulam
2505 2080 2956 2157 accentuandi,

846 2184 1049 2250 dictio
1094 2186 1505 2272 trisyllabica
1547 2185 1810 2252 acuitur
1867 2185 1942 2251 in
1991 2183 2518 2271 antepenultima
2559 2206 2710 2249 cum
2753 2182 2960 2248 habet

844 2286 1282 2374 penultimam
1326 2294 1689 2377 correptam
1750 2287 2028 2375 longari.
2117 2288 2212 2352 Et
2277 2286 2352 2353 in
2417 2287 2618 2355 tertio
2679 2285 2955 2373 Regum,

846 2396 1034 2457 sexto
1070 2390 1260 2477 [32.]‚
1290 2388 1694 2479 anaylypha
1728 2390 2102 2477 penultima
2145 2394 2360 2469 acuta,
2393 2390 2508 2456 sed
2537 2390 2780 2477 vulgus
2807 2410 2958 2477 gra-

844 2498 999 2559 vat:
1048 2514 1207 2559 nam
1250 2495 1457 2579 γλυφὴ
1520 2497 1621 2559 est
1664 2493 2032 2579 smolptura
2076 2492 2186 2557 vel
2231 2491 2574 2570 οωῑαεαφα,
2621 2498 2692 2557 et
2735 2488 2954 2574 ογλόφω

846 2599 949 2661 est
992 2593 1209 2661 scribo
1254 2595 1364 2661 vel
1410 2594 1565 2661 coelo
1574 2617 1605 2675 ;
1649 2600 1721 2660 et
1765 2592 2028 2661 acuitur
2075 2594 2150 2660 in
2196 2594 2426 2662 Graeco
2479 2594 2848 2682 penultima
2883 2593 2956 2657 in

845 2696 1265 2783 simplicibus,
1346 2718 1503 2785 ergo
1562 2698 1637 2763 in
1684 2696 2070 2784 compositO.
2192 2696 2288 2761 Et
2359 2702 2676 2785 praeterea
2744 2694 2957 2783 prima

844 2798 1044 2884 hujus
1129 2798 1445 2865 dictionis
1504 2801 1713 2886 γλυφὴ
1759 2798 1964 2887 longa
2031 2804 2134 2865 est
2207 2799 2566 2865 secundum
2650 2798 2954 2864 Graecos:

845 2923 1001 2988 ergo
1077 2923 1225 2967 cum
1294 2901 1368 2966 in
1428 2902 1551 2968 hac
1602 2901 1894 2968 dictione
1937 2899 2343 2989 amylypha
2414 2901 2786 2990 penultima
2857 2905 2959 2966 est

844 3004 1063 3091 longa,
1120 3005 1479 3071 secundum
1524 3005 1898 3092 generalem
1945 3005 2243 3093 regulam
2288 3005 2720 3072 accentuandi
2767 3025 2958 3070 acue-

844 3112 961 3172 tur
1010 3107 1129 3172 illa
1175 3106 1565 3194 penultima.
1678 3107 1747 3172 Ν
1748 3129 1860 3172 am
1903 3107 1996 3173 sic
2071 3111 2172 3174 est
2223 3106 2298 3171 in
2369 3107 2550 3172 omni
2607 3107 2958 3194 trisyllaba

844 3213 915 3276 et
964 3209 1389 3297 polysyllaba.
1482 3209 1574 3276 Et
1622 3209 1982 3297 Sapientiae
2044 3209 2300 3276 decimo
2345 3215 2534 3276 sexto
2583 3208 2712 3299 [2.]
2777 3216 2954 3295 orty-

840 3311 1189 3398 9mthra,³
1236 3313 1413 3399 quod
1457 3318 1559 3379 est
1603 3310 1944 3392 coturnix,
1990 3311 2362 3400 penultima
2405 3318 2506 3378 est
2549 3318 2760 3390 acuta,
2799 3313 2958 3399 quia

844 3414 1151 3483 scribitur
1194 3416 1373 3505 apud
1418 3417 1682 3483 Graecos
1726 3437 1844 3502 per
1889 3441 1920 3494 η
1967 3415 2258 3503 longum.
2351 3415 2442 3482 Et
2469 3415 2837 3503 pelicanus
2879 3416 2954 3480 in

844 3519 1155 3605 psalterio
1218 3518 1425 3585 habet
1488 3518 1926 3607 penultimam
1989 3523 2267 3584 acutam.
2369 3517 2550 3582 Nam
2595 3539 2788 3584 omne
2833 3539 2952 3584 no·

845 3643 997 3686 men
1044 3622 1347 3689 Graecum
1412 3607 1718 3687 desinens
1785 3621 1860 3686 in
1912 3640 2013 3686 απ
2071 3618 2275 3686 habet
2325 3619 2399 3685 in
2447 3619 2731 3706 obliquis
2776 3619 2954 3708 apud

846 3723 1119 3790 Latinos
1164 3723 1601 3812 penultimam
1644 3727 1929 3803 acutam,
1973 3727 2054 3790 ut
2102 3721 2331 3802 Titan,
2369 3721 2656 3790 Titanis.
2752 3723 2952 3789 Unde

845 3823 1181 3890 Lucanus⁴
1228 3825 1365 3890 ait:

1202 3932 1239 3963 ‘⁶
1286 3925 1499 4014 Longi
1545 3925 1829 3994 volvunt
1891 3927 2134 3995 Titana
2179 3926 2487 3996 laboaes,”

843 4025 936 4094 Et
971 4049 1184 4114 paewn
1228 4029 1581 4109 similiter3
1627 4052 1783 4095 nam
1831 4027 2155 4098 diciturt⁵

1366 4139 1404 4164 “
1452 4131 1725 4198 Sacrum
1771 4155 2006 4220 paeana
2045 4131 2426 4200 canebant.''

842 4225 1021 4320 Ergo
1096 4255 1246 4300 cum
1306 4233 1757 4300 nominativus
1819 4234 1892 4299 in
1954 4236 2183 4302 Graeoo
2248 4236 2339 4301 sit
2393 4234 2690 4323 pelicem,
2765 4236 2952 4323 cujus

840 4335 1181 4424 genitivus
1244 4341 1347 4404 est
1400 4336 1776 4425 pelio-anos,
1841 4359 1882 4403 a
1941 4359 2073 4422 quo
2133 4337 2377 4404 dicitur
2431 4337 2819 4424 pelicanus,
2879 4361 2952 4405 οε

907 4585 921 4615 ¹
940 4584 1127 4652 primo]
1166 4599 1263 4638 om.
1288 4583 1351 4639 Τ.
2009 4585 2030 4616 ⁸
2050 4585 2389 4652 ortyyometra]
2455 4585 2794 4652 ortigometra,
2849 4584 2910 4637 B.
2940 4604 2956 4648 5

903 4743 923 4774 ²
945 4743 1259 4796 Ramathaim
1316 4743 1533 4813 Sophia]
1608 4743 1841 4798 Ratamn-
1944 4663 2505 4812 orthiLzeffigll'·th-·
2531 4744 2564 4794 i.
2591 4749 2674 4796 90.

836 4823 993 4874 theim
1018 4821 1227 4889 Sophia,
1248 4825 1309 4875 B.
2011 4825 2031 4854 ⁸
2050 4823 2256 4891 dicitur]
2295 4825 2420 4879 Stat.
2447 4825 2606 4877 Theb.
2633 4823 2700 4877 iv.
2729 4829 2840 4878 15⁷.
