3517 5750
555 853 706 942 ιι]
1359 872 1534 925 orus
1577 873 1899 927 rmum
2590 862 2679 937 37

571 1042 812 1108 scimus
845 1041 1084 1108 omnia.
1179 1041 1408 1110 Caecus
1451 1043 1628 1110 enim
1667 1043 1841 1110 nihil
1884 1042 2009 1112 scit
2053 1043 2135 1112 de
2174 1047 2300 1114 hoc
2342 1047 2591 1114 mundo
2616 1045 2667 1130 3¹
2701 1060 2815 1114 The
2836 1067 3005 1118 excel·

565 1143 748 1211 visus
809 1145 990 1210 enim
1046 1144 1338 1211 ostendit
1383 1145 1578 1212 nobis
1634 1167 1857 1212 rerum
1918 1147 2340 1230 differentias,
2392 1154 2473 1216 ut
2516 1149 2670 1216 Ari-
2690 1129 2960 1251 ffissffiffm

561 1245 832 1312 stotelae
875 1244 1088 1326 dicit,8
1129 1251 1200 1312 et
1241 1246 1480 1314 scimus
1506 1269 1624 1334 per
1652 1248 2145 1335 experientiam.
2235 1251 2403 1318 Haec
2444 1257 2669 1318 autem

563 1347 884 1414 certificat
955 1347 1424 1414 mathematica
1495 1354 1568 1416 et
1641 1349 1881 1430 omnia,
1894 1349 1923 1387 ³
1994 1351 2155 1437 quia
2226 1352 2671 1420 instrumenta

563 1449 980 1516 astronomiae
1035 1471 1172 1516 non
1228 1449 1506 1530 vadunt,
1567 1449 1698 1516 nisi
1755 1473 1875 1538 per
1924 1451 2265 1536 visionem,
2310 1454 2669 1521 secundum

559 1551 740 1638 leges
765 1551 956 1618 istius
983 1551 1288 1618 scientiae.
1379 1551 1524 1618 Nec
1565 1553 1809 1619 mirum
1852 1553 1912 1620 si
1955 1554 2181 1620 omnia
2217 1554 2509 1622 sciantur
2550 1578 2670 1644 per

563 1652 1112 1734 mathematicam,
1143 1658 1215 1720 et
1258 1653 1482 1721 omnia
1523 1675 1644 1740 per
1684 1653 1873 1736 hanc,
1905 1656 2063 1742 quia
2105 1677 2331 1723 omnes
2373 1657 2665 1726 scientiae

562 1759 724 1820 sunt
765 1776 1076 1822 connexae
1135 1755 1242 1840 (ut
1283 1755 1584 1842 superius
1627 1754 1825 1844 dixi),
1868 1757 2025 1825 licet
2074 1758 2389 1846 quaelibet
2430 1758 2664 1826 simul⁴

560 1877 712 1922 cum
758 1857 882 1922 hac
937 1855 1180 1922 habeat
1221 1853 1450 1922 suam⁶
1504 1857 1989 1944 proprietatem.
2079 1858 2283 1928 Unde
2348 1862 2663 1946 quoelibet

557 1957 764 2024 habet
817 1963 1212 2046 potestatem
1270 1958 1344 2024 in
1403 1957 1624 2042 aliam,
1670 1981 1794 2026 nec
1848 1965 2069 2047 potest
2119 1983 2257 2028 una
2302 1963 2455 2028 sciri
2518 1963 2661 2030 sine

559 2059 710 2141 alia,
739 2065 818 2126 ut
853 2061 1244 2147 praedictum
1289 2065 1406 2128 est.
1498 2059 1592 2127 Et
1633 2083 1893 2128 necesse
1937 2067 2039 2129 est
2081 2063 2307 2129 omnia
2350 2064 2502 2129 sciri
2544 2085 2663 2150 per

558 2163 728 2228 hanc
769 2162 1128 2244 scientiam,
1189 2161 1382 2249 quia⁶
1445 2183 1671 2229 omnes
1733 2164 2024 2230 actiones
2066 2187 2287 2229 rerum
2330 2164 2504 2232 fiunt
2565 2187 2661 2232 se-

557 2265 845 2330 cundum
919 2263 1279 2351 specierum
1352 2268 1424 2330 et
1495 2264 1827 2330 virtutum
1902 2264 2515 2352 multiplicationem
2573 2267 2660 2333 ab

553 2366 906 2453 agentibus
948 2366 1144 2454 hujus
1186 2365 1418 2431 mundi
1479 2366 1552 2430 in
1603 2366 1915 2433 materias
1956 2366 2283 2453 patientes
2310 2389 2328 2446 3
2386 2373 2457 2434 et
2484 2368 2661 2456 leges

549 2467 930 2555 hujusmodi
985 2469 1606 2556 multiplicationum
1668 2489 1808 2534 non
1872 2467 2169 2535 sciuntur
2230 2467 2363 2536 nisi
2418 2491 2463 2536 a
2518 2493 2665 2558 per-

552 2569 862 2657 spectiva,
891 2593 1012 2638 nec
1039 2569 1200 2636 alibi
1228 2574 1388 2636 sunt
1430 2570 1700 2637 traditae
1743 2569 2009 2652 adhuc;
2052 2591 2205 2636 cum
2247 2574 2475 2640 tamen
2519 2593 2657 2638 non

551 2669 764 2736 solum
813 2671 952 2738 sint
1000 2692 1373 2738 communes
1424 2669 1667 2737 actioni
1716 2671 1793 2738 in
1842 2670 2079 2750 visum,
2123 2671 2241 2739 sed
2280 2672 2355 2738 in
2396 2694 2659 2740 omnem

553 2793 832 2852 sensum,
861 2779 932 2840 et
973 2773 1050 2838 in
1091 2777 1302 2838 totam
1347 2773 1584 2839 mundi
1629 2771 2023 2853 machinam,
2052 2776 2125 2842 et
2166 2773 2241 2840 in
2283 2775 2659 2843 coelestibus

553 2878 622 2941 et
663 2875 739 2939 in
780 2871 1212 2943 inferioribus.

641 2977 808 3045 Haec
852 2982 1076 3044 autem
1106 2974 1381 3043 scientia
1409 2998 1546 3043 non
1591 2980 1695 3045 est
1724 2976 1937 3045 adhuc
1976 2976 2149 3045 lecta
2192 2977 2503 3061 Parisius,
2534 3002 2657 3047 nec
2678 2998 2785 3053 Not
2804 3015 2941 3054 mom

547 3079 724 3167 apud
769 3078 1062 3159 Latinos,
1089 3078 1224 3144 nisi
1273 3077 1377 3145 bis
1425 3077 1707 3146 Oxoniae
1765 3078 1839 3145 in
1866 3078 2161 3167 Anglia3
2205 3086 2275 3148 et
2318 3102 2455 3147 non
2497 3087 2657 3149 sunt
2676 3065 2959 3184 *ἐδέξω

542 3185 680 3248 tres
722 3180 840 3267 qui
879 3178 1130 3247 sciant⁷
1173 3177 1316 3267 ejus
1357 3184 1791 3267 potestatem:
1838 3181 2017 3247 unde
2057 3181 2189 3261 ille,
2236 3182 2352 3268 qui
2378 3183 2535 3250 fecit
2584 3206 2655 3249 se
2676 3200 2975 3265 acquainted

546 3288 898 3363 auctorem,
945 3281 1028 3348 de
1090 3302 1222 3368 quo
1289 3282 1588 3369 superius
1631 3282 1795 3362 dixi,
1848 3282 2023 3347 nihil
2066 3282 2259 3349 novit
2315 3283 2399 3349 de
2454 3284 2653 3371 hujus
2674 3264 2799 3381 {1¹23
2813 3266 2971 3383 {teven-

544 3386 836 3453 scientiae
863 3388 1212 3473 potestate,
1243 3384 1414 3451 sicut
1429 3382 1456 3421 ⁸
1497 3389 1775 3472 apparet
1816 3383 1892 3449 in
1934 3383 2122 3449 libris
2156 3382 2308 3464 suis,
2340 3382 2497 3469 quia
2532 3406 2653 3451 nec
2674 3396 2801 3446 been
2822 3400 2943 3475 :ead

545 3488 702 3554 fecit
741 3488 988 3553 librum
1034 3486 1118 3553 de
1160 3484 1284 3553 hac
1326 3486 1619 3565 scientia,
1651 3490 1722 3553 et
1778 3484 2037 3552 fecisset
2077 3484 2135 3549 si
2179 3484 2487 3565 scivisset,
2533 3506 2653 3553 nec
2673 3462 2941 3581 fnfaefog

545 3590 620 3655 ‘m
685 3589 874 3655 libris
933 3587 1084 3653 aliis
1149 3586 1405 3674 aliquid
1467 3588 1548 3654 de
1590 3588 1715 3655 hac
1780 3585 2055 3653 scientia
2096 3585 2443 3667 recitavit3
2502 3608 2651 3653 cum
2674 3595 2797 3659 only
2818 3603 2873 3646 at

543 3698 776 3758 tamen
818 3695 1076 3777 oportet
1118 3690 1294 3776 quod
1337 3711 1492 3756 usus
1535 3688 1728 3755 istius
1796 3688 2089 3755 scientiae
2148 3688 2345 3754 cadat
2387 3688 2461 3755 in
2512 3710 2651 3755 om·
2674 3658 2888 3714 OM·

541 3793 746 3859 nibus
788 3791 950 3873 aliis,
994 3797 1064 3859 et
1105 3792 1284 3879 quod
1325 3813 1445 3879 per
1488 3792 1628 3880 ejus
1672 3791 1991 3857 virtutem
2054 3790 2346 3855 sciantur
2413 3791 2649 3858 omnia.

541 3894 637 3962 Et
677 3892 828 3961 ideo
871 3916 1006 3960 non
1045 3898 1265 3980 potest
1324 3894 1486 3961 scire
1546 3890 1835 3979 aliquid⁹
1901 3892 1985 3959 de
2048 3892 2375 3979 sapientia
2438 3893 2648 3980 philo-

541 3996 799 4083 sophia
892 3994 1024 4063 Sed
1051 3996 1140 4076 hi,
1187 3995 1304 4081 qui
1365 3996 1582 4061 sciunt
1640 3994 1797 4075 haec,
1844 3998 2003 4059 sunt
2044 3995 2255 4081 pauci,
2301 3994 2471 4061 sicut
2531 3994 2649 4081 qui

540 4098 1091 4178 mathematicam,
1167 4118 1290 4163 nec
1361 4094 1692 4162 habentur
1749 4095 1892 4161 sine
1967 4095 2223 4183 magnis
2297 4096 2601 4183 expensis
2630 4122 2646 4178 ;

607 4432 620 4463 ¹
653 4430 854 4499 nando]
889 4434 1054 4496 modo,
1088 4434 1150 4485 Τ.
1707 4434 1728 4464 ⁸
1747 4430 1927 4483 habeat
1953 4432 2117 4499 sm]
2152 4446 2299 4486 suam
2330 4432 2525 4494 habeat,
2558 4430 2621 4482 Τ.

602 4512 624 4542 ²
642 4510 927 4563 Aristotcles
957 4512 1104 4579 dicit]
1148 4512 1228 4564 De
1265 4512 1393 4565 Gen.
1416 4528 1466 4561 v.
1496 4516 1540 4562 1.
1706 4513 1728 4541 ⁰
1750 4512 1895 4578 quia]
1934 4512 2185 4577 quoniam,
2214 4510 2276 4562 Τ.

606 4592 626 4621 ⁸
647 4590 982 4642 mafflmatica
1022 4598 1070 4644 et
1112 4592 1298 4658 omnia]
1348 4590 1538 4643 mathe·
1710 4592 1729 4619 ¹
1748 4590 1937 4657 sciant]
1964 4589 2144 4652 sciunt,
2166 4588 2309 4640 1215.

533 4668 767 4722 maticam
799 4678 850 4723 et
879 4671 1065 4734 onmia,
1097 4672 1157 4723 B.
1197 4671 1258 4723 Ia.
1709 4671 1730 4700 ⁸
1752 4669 1901 4734 sicut]
1936 4675 2007 4731 ut,
2031 4666 2101 4719 U.

603 4747 1045 4817 «εειυῃοητ.
1709 4744 1965 4812 ’aliqum
2002 4744 2374 4798 om.B.T.1..
