3517 5750
582 890 925 981 mmm]
1367 906 1543 957 orus
1586 904 1910 955 marma.
2567 887 2694 957 123

684 1079 815 1147 Sed
872 1078 1129 1147 dicetur
1176 1078 1266 1145 ad
1314 1079 1457 1159 hoc,
1511 1079 1687 1165 quod
1736 1078 1880 1145 haec
1909 1076 2147 1143 divisio
2204 1076 2502 1143 materiae
2553 1096 2690 1141 non
2714 1090 2812 1143 His
2840 1106 3035 1143 ωηι-

584 1189 685 1251 est
757 1182 1118 1251 secundum
1192 1183 1531 1249 alietatem
1603 1202 1842 1262 veram,
1925 1181 2042 1246 sed
2115 1186 2556 1268 apparentem,
2618 1182 2688 1244 et
2707 1158 3028 1289 {geffiffil'n

582 1285 943 1353 secundum
1000 1306 1259 1365 nomen,
1323 1286 1481 1371 quia
1536 1306 1673 1349 una
1730 1288 1836 1349 est
1891 1305 2180 1364 numer-0,
2243 1289 2314 1349 et
2367 1282 2516 1348 ideo
2563 1280 2689 1347 erit
2711 1292 3038 1373 fhisdivision

586 1389 727 1456 haec
778 1389 1019 1455 divisio
1076 1388 1287 1453 solum
1335 1386 1692 1453 secundum
1750 1386 2020 1452 modum
2078 1385 2402 1474 loquendi.
2495 1385 2691 1451 Istud
2709 1374 2936 1478 ffoffi’ssl

590 1491 849 1558 deletur
925 1490 1061 1556 sic:
1151 1491 1209 1554 si
1229 1489 1253 1527 ¹
1326 1510 1649 1577 ponamus
1737 1488 1877 1569 hoc,
1932 1493 2094 1553 tunc
2182 1510 2331 1553 oum
2412 1489 2692 1553 materia
2717 1496 2840 1547 than
2860 1495 2980 1546 real.

590 1593 731 1661 haec
788 1593 1031 1659 habeat
1092 1592 1369 1659 formam
1427 1591 1687 1679 generis
1744 1591 2232 1678 generalissimi,
2280 1594 2349 1656 et
2376 1591 2500 1655 fiat
2546 1590 2699 1655 sub-

591 1697 843 1763 stantia.
931 1717 1081 1781 quae
1158 1700 1263 1761 est
1335 1716 1544 1781 genus
1632 1693 2219 1780 generalissimum,
2303 1714 2440 1758 non
2457 1692 2486 1731 ²
2574 1694 2702 1759 erit

592 1798 813 1884 aliqua
831 1796 860 1838 ³
915 1798 1191 1865 ulterior
1249 1796 1631 1863 differentia
1689 1797 2002 1875 materiae,
2049 1818 2172 1863 nec
2231 1796 2489 1884 graduS,
2549 1795 2706 1862 licet

592 1901 839 1987 gradus
896 1901 1125 1967 formae
1186 1900 1522 1968 addantur
1564 1921 1772 1985 usque
1835 1899 1922 1964 ad
1982 1899 2513 1986 specialissimam
2551 1924 2567 1979 ;
2626 1903 2707 1964 ut

596 2004 943 2090 loquamur
1018 2004 1102 2069 de
1180 2003 1575 2080 substantia,
1621 2007 1691 2067 et
1732 2023 2022 2089 corpore,
2097 2024 2235 2067 non
2310 2000 2579 2081 coelesti,
2635 2006 2703 2065 et

599 2106 827 2185 mixto,
888 2111 960 2172 et
1001 2106 1316 2185 animatO,
1366 2110 1435 2170 et
1477 2104 1772 2182 animali,
1822 2109 1893 2169 et
1936 2104 2122 2169 asino
2151 2130 2166 2168 ε
2212 2104 2322 2168 hie
2365 2125 2518 2187 ergo
2548 2108 2708 2167 sunt

599 2214 853 2295 septem
914 2208 1161 2296 gradus
1220 2206 1449 2273 formae
1509 2230 1553 2273 a
1618 2206 2108 2293 generalissimo
2173 2205 2262 2269 ad
2327 2204 2707 2293 specialissi-

600 2334 801 2389 mum,
846 2310 1115 2390 scilicet,
1162 2309 1373 2376 forma
1402 2308 1878 2388 substantialia,
1910 2308 2124 2373 forma
2161 2308 2526 2395 corporalis,
2573 2330 2710 2373 non

600 2413 901 2493 eoelestis,
948 2414 1160 2479 forma
1202 2412 1419 2490 mixti,
1485 2413 1701 2477 forma
1763 2410 2066 2491 animati,
2132 2410 2342 2475 forma
2385 2410 2706 2489 animalia,

600 2517 815 2583 forma
858 2517 1026 2582 asini
1089 2514 1391 2603 specifici.
1504 2513 1636 2579 Sed
1692 2537 1733 2579 a
1797 2518 1988 2601 parte
2049 2514 2346 2580 materiae
2407 2535 2540 2578 non
2607 2519 2711 2578 est

604 2618 843 2704 aliquis
901 2616 1165 2705 gradus,
1226 2639 1350 2683 nec
1410 2616 1800 2694 differentia,
1865 2616 2022 2702 quia
2079 2638 2216 2682 una
2275 2620 2379 2681 est
2437 2636 2711 2682 numero

603 2720 895 2787 indivisa
952 2719 1314 2787 secundum
1395 2719 1751 2785 essentiam
1810 2740 2018 2801 suam,
2081 2722 2160 2784 ut
2238 2719 2498 2799 dicitur,
2563 2740 2710 2805 quse

606 2822 843 2910 recipit
904 2822 1184 2888 formam
1237 2821 1495 2909 generis
1544 2820 2039 2908 generalissimi,
2093 2826 2176 2888 ut
2226 2822 2507 2888 formam
2559 2823 2712 2887 sub-

608 2925 889 2992 stantiae.
1029 2924 1161 2992 Sed
1220 2929 1383 2991 tunc
1466 2925 1743 2990 ostendo
1804 2925 1979 3010 quod
2059 2948 2195 2991 non
2273 2925 2422 3012 plus
2494 2931 2716 3014 potest

612 3049 840 3115 capere
892 3028 975 3093 de
1019 3025 1249 3106 forma,
1303 3048 1429 3092 nec
1486 3032 1588 3093 est
1640 3026 1715 3091 in
1760 3029 2064 3114 potentia
2103 3027 2189 3093 ad
2264 3029 2427 3094 alios
2475 3030 2717 3117 gradus

610 3131 851 3210 formae,
904 3135 973 3196 et
1024 3130 1125 3194 ita
1175 3150 1518 3216 nunquam
1573 3130 1998 3216 generabitur
2043 3131 2284 3212 asinus,
2331 3153 2450 3197 nec
2498 3132 2722 3218 aliqua

612 3233 855 3320 species
915 3232 1395 3320 specialissima.
1514 3232 1583 3297 N
1583 3255 1691 3297 am
1750 3254 1854 3297 res
1921 3234 2178 3320 generis
2249 3233 2724 3318 generalissimi

615 3339 716 3400 est
798 3333 1316 3422 incorruptibilis
1375 3340 1448 3399 et
1505 3335 1989 3422 ingenerabiliS‚
2053 3336 2213 3420 quia
2292 3339 2534 3400 natura
2592 3357 2729 3402 non

614 3441 837 3525 potest
896 3436 1083 3502 illam
1144 3458 1557 3524 corrumpere
1608 3459 1733 3504 nee
1809 3458 2140 3524 generare,
2203 3437 2359 3521 quia
2416 3438 2729 3523 praecedit

616 3543 927 3605 naturam
1006 3540 1375 3626 angelicam
1437 3545 1505 3605 et
1560 3541 1914 3619 coelestem,
1964 3559 2112 3625 quae
2166 3543 2322 3603 sunt
2389 3538 2724 3626 incorrup-

616 3641 838 3708 tibiles
896 3647 966 3707 et
1023 3642 1522 3729 ingenerabiles.
1646 3641 1782 3708 Sed
1843 3663 2038 3708 eausa
2097 3641 2608 3729 incorruptionis
2651 3641 2725 3705 in

618 3745 853 3831 angelo
906 3749 977 3810 et
1027 3743 1241 3823 coe10,⁴
1298 3749 1380 3809 ut
1434 3765 1657 3810 omnes
1706 3745 2090 3827 concedunt,
2153 3749 2254 3810 est
2306 3745 2463 3830 quia
2513 3744 2726 3810 forma

618 3848 908 3934 complet
984 3852 1203 3913 totam
1280 3848 1657 3935 potentiam
1733 3848 2030 3914 materiae
2093 3849 2166 3914 in
2227 3849 2337 3930 eis,
2401 3855 2470 3915 et
2528 3873 2722 3940 appe-

624 3949 831 4016 titum
894 3949 1037 4035 ejus
1116 3949 1301 4017 finit:
1385 3951 1545 4036 quia
1617 3951 1918 4038 potentia
1981 3953 2066 4016 ad
2125 3952 2404 4018 formam
2477 3975 2722 4018 novam

620 4055 692 4118 et
772 4052 1113 4139 appetitus
1192 4057 1292 4118 est
1376 4074 1572 4117 causa
1654 4053 2092 4140 corruptionis
2149 4055 2221 4120 in
2301 4057 2496 4121 rebus
2586 4079 2722 4123 cor-

619 4153 1066 4241 ruptibilibus,
1126 4159 1208 4220 ut
1262 4177 1487 4220 omnes
1554 4155 1777 4220 sciunt
1844 4160 1914 4222 et
1967 4155 2211 4224 dicunt.
2334 4159 2513 4247 Ergo
2573 4183 2722 4225 cum

618 4277 725 4322 res
775 4257 1034 4343 generis
1080 4257 1556 4344 generalissimi
1601 4257 1691 4322 sit
1726 4258 2258 4346 incorruptibilis,
2299 4263 2725 4330 manifestum

623 4363 725 4426 est
782 4360 962 4446 quod
1014 4381 1137 4426 sua
1196 4359 1410 4426 forma
1468 4361 1751 4449 complet
1803 4365 2016 4428 totam
2067 4364 2438 4449 potentiam
2486 4371 2557 4430 et
2609 4388 2723 4452 ap-

695 4742 712 4774 ¹
733 4744 808 4811 si]
844 4759 964 4796 nam
986 4745 1045 4808 si,
1068 4745 1129 4796 B.
1148 4747 1209 4796 L.
1234 4746 1301 4797 U.
1791 4747 1810 4776 ¹
1831 4743 2027 4811 aliqua]
2066 4747 2180 4809 alia,
2213 4747 2274 4799 T.

697 4825 720 4854 ¹
740 4824 863 4892 non]
898 4831 1023 4878 tunc
1052 4841 1171 4888 non,
1202 4825 1264 4878 B.
1285 4827 1345 4880 L.
1368 4826 1435 4878 U.
1798 4827 1818 4856 ¹
1838 4823 1978 4893 coelo]
2016 4826 2070 4876 in
2091 4827 2232 4888 coeIo,
2266 4827 2328 4879 Τ.
