3517 5750
882 816 1016 881 344
1644 828 1904 878 nocam
1947 827 2241 879 mcoms

552 1010 825 1127 V³‘!‘''¹⁸0
882 1006 1009 1069 hoc
1064 1004 1431 1082 dicendum,
1494 1005 1673 1091 quod
1738 1004 1910 1069 sicut
1953 1004 2202 1091 Aquila
2263 1008 2332 1069 et
2393 1003 2846 1089 Symmachus,
2907 1010 2984 1069 ut

546 1092 743 1197 :gg-mon
648 1094 825 1209 &¹59⁰
826 1080 1133 1172 fdictum
1200 1112 1304 1172 est
1362 1130 1577 1193 supra,
1624 1107 2054 1193 duplicabant
2119 1106 2444 1171 editiones
2507 1128 2662 1171 suas
2719 1113 2984 1222 propter

546 1224 629 1268 tur
570 1234 699 1271 ures.
882 1209 1197 1293 majorem
1259 1208 1725 1274 certitudinem
1777 1214 1850 1273 et
1893 1207 2300 1273 evidentiam
2361 1207 2832 1285 translationiS,
2889 1208 2984 1274 sic

881 1310 1039 1376 fecit
1082 1310 1317 1375 beatus
1358 1311 1812 1396 Hieronymus
1855 1332 1943 1375 ex
1987 1310 2129 1397 ipso
2175 1308 2460 1377 Hebraeo
2503 1310 2578 1375 in
2621 1309 2934 1375 Latinum
2963 1334 2980 1390 3

882 1412 1057 1477 unde
1092 1412 1337 1479 factum
1384 1418 1487 1479 est
1515 1413 1693 1499 quod
1738 1412 2022 1499 primam
2065 1412 2206 1496 ejus
2235 1410 2754 1493 translationem,
2783 1434 2979 1498 quam

880 1514 1085 1600 vulgo
1150 1514 1447 1595 tradidit,
1520 1514 1880 1580 habeamus
1951 1514 2026 1579 in
2093 1512 2348 1593 Bibliis,
2412 1513 2572 1599 quia
2634 1513 2776 1579 haec
2845 1536 2978 1579 non

880 1616 1181 1682 continet
1232 1616 1485 1701 aliquid
1550 1614 1808 1681 falsum.
1901 1616 1994 1681 Et
2057 1620 2304 1692 contra,
2351 1614 2749 1681 Heba-‘icam
2811 1616 2978 1681 veri-

878 1723 1087 1785 tatem
1149 1720 1353 1805 juxta
1426 1740 1589 1805 quas
1632 1740 1770 1784 csse
1813 1718 2036 1783 visum
2109 1718 2244 1783 fuit
2323 1717 2778 1803 interpretum,
2825 1719 2982 1803 quia

876 1822 1223 1887 haereticus
1268 1827 1337 1887 et
1388 1819 1691 1885 falsarius
1742 1820 2180 1907 reputabatur
2231 1842 2272 1885 a
2319 1820 2568 1899 multis,
2623 1824 2694 1887 et
2755 1819 2972 1905 quasi·

876 1923 961 1989 ab
1038 1922 1344 1989 omnibus
1401 1922 1836 2009 judicabatur
1895 1924 1969 1987 in
2031 1922 2322 2010 pejorem
2383 1927 2640 2009 partem
2709 1928 2980 2009 propter

874 2026 1251 2092 novitatem
1322 2026 1778 2091 ttanslationis
1851 2025 2152 2103 eonditoe,
2231 2023 2528 2091 editione
2615 2046 2766 2110 quse
2851 2024 2980 2091 fuit

874 2128 1119 2213 ubique
1164 2128 1461 2213 vulgata,
1506 2127 1645 2215 ipse
1708 2149 1843 2193 non
1891 2125 2216 2213 expressit
2259 2125 2513 2191 meliori
2595 2126 2790 2191 modo
2849 2148 2976 2212 quo

872 2230 1071 2294 scivit
1102 2230 1501 2295 Hebrai‘oem
1532 2230 1888 2294 veritatem
1929 2234 1998 2295 et
2027 2228 2270 2315 potuit,
2301 2227 2418 2293 sed
2447 2250 2514 2309 se
2545 2228 2976 2293 conformavit

872 2330 1295 2397 translationi
1326 2330 1652 2417 Vulgatae,
1684 2330 1757 2394 in
1803 2330 2040 2416 quibus
2081 2330 2324 2395 vitium
2369 2328 2793 2394 manifestum
2837 2352 2972 2395 non

870 2432 1015 2497 fuit.
1110 2433 1201 2498 Et
1244 2432 1367 2498 hoc
1411 2432 1569 2497 fecit
1612 2437 1880 2517 propter
1925 2453 2152 2518 pacem
2211 2430 2498 2497 eoelesiae
2555 2436 2626 2495 et
2683 2432 2972 2497 virorum

872 2542 1247 2601 sanctorum
1310 2534 1890 2600 ecclesiasticorum
1959 2534 2074 2619 qui
2163 2532 2723 2625 contradixerunt.
2844 2534 2975 2614 Qui

874 2658 1023 2701 cum
1091 2637 1287 2703 scivit
1354 2658 1541 2702 suam
1603 2636 1774 2702 hanc
1849 2636 2131 2723 primam
2207 2635 2568 2701 editionem
2639 2656 2778 2700 non
2837 2656 2974 2701 esse

872 2736 1317 2814 sufficientem,
1350 2738 1501 2803 ideo
1544 2738 1816 2803 veritati
1861 2743 1930 2803 et
1973 2738 2288 2803 studiosis
2331 2736 2558 2803 volens
2589 2735 2976 2818 satisfacere,

872 2842 1163 2906 decrevit
1236 2843 1435 2908 aliam
1512 2842 2012 2910 translationem
2097 2843 2466 2929 relinquere
2552 2841 2628 2906 in
2715 2842 2978 2929 scriptis

870 2944 1153 3021 secretiS,
1232 2943 1481 3012 scilicet
1553 2946 1629 3008 in
1704 2945 1841 3010 suis
1916 2945 2366 3032 originalibus
2445 2943 2622 3029 quod
2697 2949 2768 3010 et
2830 2945 2976 3010 fieri

870 3045 1091 3132 potuit
1165 3045 1307 3110 sine
1366 3045 1553 3132 vulgi
1616 3045 1942 3125 scandam,
1991 3047 2148 3133 quia
2213 3047 2353 3112 haec
2415 3045 2704 3112 secunda
2769 3046 2974 3112 editio

869 3168 1211 3232 nunquam
1257 3145 1387 3213 fuit
1430 3147 1645 3212 adhuc
1688 3148 1761 3212 in
1807 3169 1933 3213 usu
1977 3148 2164 3234 vulgi
2208 3169 2417 3234 neque
2465 3149 2764 3226 ecclesiae,
2809 3169 2973 3234 prae·

869 3249 1097 3314 sertim
1142 3271 1293 3314 eum
1337 3250 1408 3316 in
1468 3250 1651 3315 omni
1694 3256 1989 3336 tempore
2033 3251 2162 3314 viri
2223 3249 2598 3337 paucissimi
2657 3251 2761 3314 usi
2819 3257 2978 3316 sunt

870 3351 1299 3439 originalibus
1362 3353 1467 3418 sui
1526 3351 1925 3438 Hieronymi
2001 3373 2197 3438 super
2271 3357 2551 3430 textum,
2614 3352 2714 3417 ita
2771 3353 2972 3418 etiam

870 3462 949 3520 ut
996 3455 1308 3521 Rabanus
1356 3460 1425 3522 et
1470 3453 1896 3521 Cassiodorus
1939 3453 2071 3518 viri
2133 3453 2428 3518 doctores
2489 3453 2850 3519 docuerunt
2905 3475 2974 3520 se

870 3577 1005 3622 non
1050 3577 1237 3644 posse
1284 3557 1507 3622 omnia
1565 3557 1705 3642 ejus
1751 3553 2102 3642 originalia
2161 3554 2476 3632 invenire,
2523 3555 2695 3620 sicut
2757 3555 2972 3620 Baba-

870 3679 997 3724 nus
1056 3659 1295 3724 recita-t
1338 3679 1535 3744 super
1578 3658 1940 3724 Jeremiam
1999 3655 2074 3722 in
2119 3655 2442 3742 originali.
2536 3657 2706 3722 Cum
2765 3657 2974 3744 igitur

870 3781 1005 3824 non
1070 3759 1545 3824 scandalizavit
1562 3759 1587 3795 ²
1656 3781 1774 3844 per
1841 3757 2010 3823 hanc
2071 3759 2420 3824 secundam
2479 3759 2972 3824 translationem

868 3861 940 3922 in
1016 3859 1256 3943 aliqu0,
1334 3864 1406 3924 et
1478 3863 1693 3924 totam
1760 3853 2117 3926 ‘veritatem
2209 3859 2608 3926 Rebi-aream
2685 3861 2976 3929 decrevit

866 3959 1126 4024 tradere
1174 3959 1429 4024 Latinis
1488 3959 1819 4043 studiosis,
1867 3961 2016 4027 ideo
2069 3963 2238 4028 hanc
2295 3963 2650 4028 secundam
2705 3963 2974 4049 reliquit

866 4061 938 4125 in
993 4059 1467 4146 originalibus;
1528 4084 1649 4128 nec
1704 4064 1960 4129 Latinis
2005 4063 2227 4151 potuit
2271 4063 2583 4130 disserere
2645 4069 2716 4131 et
2773 4087 2971 4152 expo·

864 4183 1020 4228 nere
1050 4162 1419 4228 veritatem.
1514 4163 1604 4228 Et
1635 4166 1720 4229 ad
1753 4165 2128 4251 hujusmodi
2160 4166 2723 4232 confirmationem
2763 4167 2973 4233 dicere

865 4285 1147 4352 possum,
1196 4265 1373 4350 quod
1416 4266 1708 4332 humana
1751 4266 2114 4354 fragilitate
2159 4267 2459 4334 devictus
2503 4269 2590 4333 ad
2651 4274 2970 4354 quantum

866 4367 1089 4456 potuit
1150 4368 1222 4433 in
1292 4391 1410 4446 sua
1472 4370 1687 4455 prima
1749 4369 2042 4436 editione
2117 4369 2436 4452 aberrare,
2501 4376 2570 4436 et
2637 4371 2972 4438 celeritate

934 4691 947 4720 ¹
974 4693 1142 4757 quasi]
1180 4693 1313 4758 quia,
1337 4693 1504 4759 Hody.
1901 4691 1912 4759 Ι
2027 4695 2048 4724 ²
2067 4693 2450 4764 scandalizavit]
2475 4698 2832 4756 scandalizant,
2859 4696 2972 4748 MS.
