3517 5750
552 3599 778 3651 various

553 3666 762 3729 impedi-

550 3739 714 3783 menta
736 3747 821 3784 oc·

548 3799 719 3849 cesion

585 3881 621 3930 y
643 3865 699 3914 th

550 3931 752 3995 neglect
772 3933 835 3981 of

552 3997 783 4064 learning
795 4014 861 4048 on

552 4062 636 4112 the
658 4073 769 4126 part
784 4065 846 4114 of

550 4129 638 4178 the
660 4145 772 4180 new

548 4195 797 4264 theologi-

550 4275 657 4312 ans.

722 3801 785 3849 ed

884 840 1021 905 432
1642 850 1902 901 noem
1947 850 2238 901 mooms
2803 836 2992 924 [est.

882 1035 963 1095 ut
1006 1030 1065 1094 si
1108 1027 1415 1101 volumus
1458 1048 1802 1115 possumus
1845 1026 2222 1115 exemplum
2279 1048 2519 1115 ponere
2583 1028 2658 1095 in
2717 1026 2988 1093 domino

885 1132 1177 1199 Roberto
1220 1130 1521 1218 episcopo
1576 1129 2022 1195 Linoolniensi
2065 1135 2136 1196 et
2181 1130 2606 1197 sanctissimae
2636 1132 2988 1211 memoriae,

884 1234 1184 1320 superius
1236 1236 1622 1313 memorate,
1676 1231 1864 1319 cujus
1916 1233 2128 1298 vitem
2179 1233 2374 1319 pauci
2417 1232 2678 1319 praelati
2722 1232 2990 1297 imitan-

884 1342 1029 1415 tur;
1096 1340 1165 1401 et
1214 1334 1403 1421 cujus
1476 1334 1772 1401 studium
1817 1334 2078 1401 ordines
2139 1334 2480 1401 studentes
2531 1345 2600 1401 et
2649 1335 2988 1401 saeculares

884 1439 1149 1527 penitus
1192 1438 1647 1525 neglexerunt.
1740 1436 1911 1505 Cum
1979 1436 2190 1525 igitur
2253 1458 2450 1503 causa
2509 1436 2728 1503 finalis
2779 1438 2988 1503 studii

884 1541 1345 1627 theologorum
1390 1544 1493 1605 est
1535 1538 1833 1627 pessima,
1881 1561 2030 1605 cum
2092 1538 2216 1605 hoc
2257 1539 2561 1604 videmus
2623 1562 2740 1626 per
2801 1540 2989 1605 effec-

885 1650 1033 1709 tum
1062 1666 1105 1708 a
1130 1643 1375 1729 viginti
1404 1642 1639 1723 annisu
1682 1647 1753 1708 et
1781 1641 1975 1729 logici
2005 1642 2241 1708 dicunt
2269 1642 2456 1728 cujus
2483 1642 2640 1707 finis
2667 1641 2985 1730 pessimus

886 1751 1003 1827 est,
1065 1747 1283 1833 ipsum
1331 1750 1553 1811 totum
1620 1744 1978 1830 pessimum
2043 1748 2147 1809 est
2159 1770 2176 1824 ;
2251 1748 2650 1832 quapropter
2689 1745 2984 1811 studium

886 1849 1340 1934 theologorum
1404 1870 1448 1913 a
1511 1847 1955 1933 quadraginta
2021 1848 2212 1911 annis
2277 1848 2614 1933 inceptum
2675 1853 2777 1913 est
2841 1869 2988 1933 pes-

885 1952 1140 2017 simum.
1230 1949 1323 2014 Et
1366 1954 1557 2017 tanto
1602 1950 1886 2036 nequius
1929 1948 2095 2015 latet
2139 1970 2318 2015 error
2359 1958 2611 2036 quanto
2655 1950 2865 2035 major
2907 1950 2992 2015 fit

886 2054 1273 2142 apparentis,
1316 2051 1673 2138 sapientiae.
1742 2050 1942 2117 Nunc
1985 2072 2328 2136 nunquam
2379 2051 2649 2117 fuerunt
2697 2057 2804 2117 tot
2847 2058 2992 2117 stu-

888 2158 1133 2234 dentae,
1180 2177 1299 2221 nec
1362 2159 1465 2221 tot
1530 2154 1844 2221 doctores.
1937 2153 2023 2218 In
2067 2154 2248 2220 omni
2293 2154 2468 2219 enim
2521 2156 2783 2241 regione
2840 2154 2988 2241 jam

888 2260 1163 2345 legunt;
1250 2258 1325 2323 in
1398 2256 1579 2323 omni
1654 2256 1930 2323 civitate
2004 2261 2074 2323 et
2149 2258 2330 2321 omni
2403 2256 2580 2321 bons.
2621 2256 2828 2337 villa3
2917 2262 2992 2322 et

888 2361 1135 2447 ubique
1210 2358 1603 2446 praedicant;
1678 2362 1747 2425 et
1822 2364 2050 2425 tamen
2115 2358 2422 2425 infinitus
2487 2380 2670 2424 error
2741 2362 2843 2425 est
2915 2360 2990 2425 in

889 2462 1111 2528 studio
1155 2461 1519 2547 theologiae,
1564 2466 1635 2527 et
1678 2482 1799 2547 per
1841 2482 2239 2547 consequens
2301 2461 2744 2547 philosophiae,
2791 2482 2988 2548 prop-

891 2570 993 2631 ter
1052 2564 1259 2629 malos
1327 2562 1683 2650 theologos,
1752 2564 1924 2628 sicut
1969 2564 2052 2627 de
2095 2568 2332 2629 oaetero
2376 2564 2526 2629 volo
2571 2563 2990 2629 manifestare

889 2668 960 2731 in
1006 2666 1386 2751 particulari
1431 2672 1501 2733 et
1546 2666 1617 2729 in
1662 2666 1926 2753 propria
1971 2666 2329 2751 discipliua-

1775 3067 1936 3136 CAP.
1981 3067 2098 3133 VI:

888 3269 990 3337 I‘n
1034 3292 1165 3358 quo
1209 3269 1550 3338 descendit
1594 3269 1691 3337 ad
1728 3267 2208 3356 particularia
2252 3276 2313 3336 et
2357 3267 2699 3337 interiora
2757 3269 2986 3337 studii

1681 3371 2200 3458 impedimenta.

977 3589 1069 3655 Et
1142 3589 1353 3656 causis
1422 3589 1631 3676 igitur
1695 3587 2134 3674 corruptionis
2169 3587 2312 3674 jam
2386 3586 2749 3674 praelibatis
2821 3587 2984 3653 satis

888 3691 1191 3757 conclusa
1220 3696 1320 3758 est
1371 3690 1701 3777 corruptio
1747 3689 1969 3756 studii.
2086 3688 2217 3754 Sed
2262 3689 2419 3774 quia
2447 3691 2587 3756 haec
2637 3695 2794 3754 sunt
2835 3691 2982 3754 uni-

886 3795 1166 3858 versalia.
1209 3797 1280 3858 et
1340 3793 1723 3870 extrinseca,
1791 3791 1940 3856 ideo
2014 3791 2164 3858 volo
2209 3813 2384 3858 nunc
2449 3791 2833 3857 descendere
2899 3792 2986 3856 ad

888 3895 1187 3980 quaedem
1248 3894 1669 3981 particularia.
1728 3898 1799 3960 et
1859 3892 2176 3958 interiora
2227 3894 2434 3959 studii
2494 3893 2982 3982 impedimenta,

888 4000 967 4061 ut
996 3995 1337 4060 videamus
1382 3997 1522 4060 sine
1552 3995 2071 4061 contradictione
2099 3997 2383 4082 qualiter
2427 3997 2692 4063 infinite
2719 3997 2982 4062 demen-

887 4097 987 4163 tia
1060 4101 1297 4183 regnat
1381 4097 1455 4162 in
1550 4097 1773 4164 studio
1848 4102 1994 4164 toto
2067 4103 2208 4163 tem
2283 4097 2712 4187 philosophiae
2787 4122 2984 4184 quem

887 4199 1248 4284 theologiae.
1311 4198 1503 4279 Quod
1548 4200 1634 4264 ad
1677 4221 1964 4285 praesens
2008 4200 2159 4265 volo
2203 4200 2623 4267 manifestare
2667 4201 2754 4266 ad
2797 4203 2986 4288 igno·

886 4302 1174 4367 rentiam
1220 4301 1509 4387 quinque
1554 4302 1664 4368 vel
1707 4323 1827 4368 sex
1871 4302 2307 4382 scientiarum,
2357 4324 2505 4389 quae
2559 4303 2987 4390 requiruntur

886 4405 972 4469 ad
1016 4403 1413 4491 theologiam
1458 4409 1525 4469 et
1570 4403 1657 4469 ad
1700 4403 2197 4491 philosophiam,
2230 4405 2369 4469 sine
2413 4405 2652 4491 quibus
2697 4406 2987 4492 quinque

883 4505 992 4573 vel
1036 4527 1155 4570 sex
1212 4504 1503 4571 scientiis
1563 4505 1964 4592 impossibile
2031 4511 2133 4571 est
2191 4506 2442 4592 aliquid
2499 4505 2778 4594 dignum
2835 4507 2986 4573 sciri

886 4607 973 4672 ab
1033 4604 1315 4686 homine,
1364 4612 1436 4673 et
1479 4609 1804 4694 praecipue
1848 4629 1890 4673 a
1937 4607 2210 4674 Latinis.
2303 4609 2449 4674 Has
2493 4631 2651 4675 vero
2695 4611 2986 4696 quinque

885 4709 1190 4775 scientias
1248 4709 1608 4795 amplexati
1682 4715 1842 4776 sunt
1916 4731 2143 4777 omues
2217 4713 2460 4784 sancti,
2488 4711 2856 4802 philosophi
2917 4718 2990 4779 et
