3517 5750
534 883 669 971 111.]
1204 898 1669 952 conrnunmu
1712 902 1964 953 srunn.
2505 886 2640 960 417

530 1080 717 1141 entes
760 1075 1095 1142 revolvere
1140 1099 1288 1142 cum
1334 1078 1663 1143 succincta
1707 1078 2146 1143 declaratione
2206 1077 2632 1165 singulorum,

529 1200 729 1265 quam
802 1200 1011 1243 unum
1084 1178 1193 1245 vel
1259 1179 1466 1244 alium
1540 1179 1751 1245 multo
1827 1202 2119 1245 sermone
2193 1182 2500 1267 prosequi
2559 1184 2638 1247 ut

529 1281 643 1345 alii
688 1281 1157 1367 relinquantur.
1280 1280 1411 1347 His
1470 1303 1628 1347 vero
1687 1282 1898 1347 causis
1944 1281 2178 1347 erroris
2236 1288 2306 1348 et
2363 1284 2637 1371 impedi-

532 1385 773 1449 mentis
817 1382 1161 1469 sapientiae
1204 1405 1381 1450 nunc
1424 1374 1651 1449 tactis'
1680 1388 1750 1449 et
1809 1384 2155 1472 prioribuS,
2201 1406 2242 1450 a
2276 1386 2636 1471 juventute

533 1485 899 1551 confirmati
975 1484 1269 1550 homines
1320 1505 1457 1551 non
1532 1489 1812 1572 possunt
1869 1485 2096 1551 videre
2158 1488 2492 1573 magnalia
2536 1511 2636 1553 sa-

531 1587 799 1674 pientiae
830 1608 950 1652 nec
978 1591 1231 1665 curant,
1264 1586 1381 1653 sed
1428 1591 1861 1653 contemnunt
1890 1593 1960 1653 et
1987 1588 2358 1676 reprobant.
2437 1589 2636 1655 Unde

532 1712 619 1754 ex
692 1690 997 1755 omnibus
1056 1690 1393 1776 praedictis
1450 1694 1804 1777 generatur
1859 1691 2204 1777 potissima
2248 1697 2317 1757 et
2361 1692 2640 1779 comple-

533 1793 789 1858 tissima
831 1814 1027 1858 causa
1068 1793 1304 1857 erroris
1351 1792 1423 1858 in
1470 1792 1774 1858 omnibus
1817 1792 1946 1857 nisi
1992 1793 2063 1857 in
2109 1794 2338 1880 paucis
2382 1795 2640 1882 sapien-

533 1898 821 1964 tissimis.
942 1898 1123 1964 Nam
1182 1900 1339 1984 quia
1405 1898 1780 1985 ignorantia
1839 1900 2054 1986 turpis
2113 1904 2231 1980 est,
2279 1906 2350 1965 et
2415 1922 2638 1987 sapere

533 2002 896 2088 pulchrum,
951 2001 1249 2067 homines
1306 2001 1663 2087 reprobant
1722 2002 1947 2066 omnia
1991 2024 2138 2087 quae
2185 2002 2497 2089 ignorant
2563 2004 2637 2066 in

534 2105 840 2169 solatium
899 2126 1037 2170 sune
1080 2104 1445 2189 imperitiae,
1493 2124 1577 2168 ne
1620 2102 1980 2170 videantur
2043 2104 2294 2189 aliquid
2363 2105 2638 2189 dignum

529 2205 845 2292 ignorare,
893 2213 962 2271 et
1023 2206 1189 2270 illud
1234 2205 1401 2270 nihil
1470 2205 1647 2291 quod
1714 2206 1932 2271 sciunt
1997 2228 2113 2271 seu
2181 2208 2355 2291 quod
2416 2207 2626 2293 magis

532 2308 868 2373 testimant
930 2308 1091 2373 scire
1154 2308 1533 2387 ostendunt,
1581 2307 2028 2394 magnificant,
2074 2308 2444 2389 extollunt3
2505 2330 2640 2373 non

533 2415 835 2476 curantes
909 2411 1071 2496 quid
1146 2410 1365 2476 sciunt
1437 2408 1546 2476 vel
1621 2410 1951 2496 ignorant,
2029 2408 2142 2476 sed
2203 2411 2414 2475 solum
2460 2412 2637 2497 quod

531 2513 887 2578 videantur
938 2534 1157 2578 coram
1224 2512 1433 2577 stulta
1476 2511 1906 2577 multitudine
1967 2512 2126 2578 scire
2171 2518 2240 2578 et
2284 2534 2368 2578 ne
2414 2534 2638 2578 eorum

534 2615 908 2701 ignorantia
950 2614 1343 2680 dinoscatur.
1423 2614 1555 2681 Sed
1599 2615 1755 2700 quia
1791 2614 2003 2701 judex
2047 2636 2182 2679 non
2226 2620 2445 2701 potest
2489 2638 2638 2703 cog-

533 2738 797 2783 noscere
842 2719 923 2783 de
968 2738 1162 2782 eausa
1226 2738 1423 2801 quam
1486 2716 1770 2803 ignorat,
1837 2738 1956 2781 nec
2003 2716 2378 2803 ignorantia
2440 2718 2638 2783 debet

535 2818 781 2888 habere
843 2818 1059 2886 locum
1109 2818 1492 2906 judicandi3
1556 2819 1709 2885 ideo
1773 2818 1882 2884 hic
1938 2840 2120 2884 error
2181 2840 2476 2885 summus
2521 2825 2636 2899 est,

537 2944 667 3008 quo
714 2923 993 3008 quilibet
1036 2942 1121 2987 ex
1182 2921 1302 2987 hoc
1363 2925 1627 3009 reputat
1688 2943 1757 2986 se
1802 2943 1988 3009 posse
2047 2922 2393 3008 reprobare
2438 2924 2641 3008 quod-

534 3047 803 3111 cunque,
867 3025 1024 3110 quia
1094 3023 1259 3088 illud
1334 3025 1613 3110 ignorat.
1706 3023 1850 3090 Nec
1923 3025 2448 3090 veremmdantur
2523 3026 2638 3090 ho-

534 3128 743 3192 mines
781 3127 1083 3192 diabolici
1128 3147 1343 3191 coram
1388 3125 1696 3212 praelatiS,
1744 3130 1814 3192 et
1859 3127 2275 3213 principibuS,
2317 3133 2386 3192 et
2431 3128 2640 3214 plebe,

534 3230 843 3294 damnare
902 3248 1092 3293 omne
1134 3249 1339 3315 genus
1392 3227 1731 3314 sapientiae
1805 3229 1898 3293 eis
1961 3228 2370 3316 incognitum
2423 3235 2492 3294 et
2537 3230 2644 3294 in-

532 3331 796 3411 visum3
842 3331 1079 3416 quibus
1142 3330 1371 3395 obviat
1418 3329 1667 3396 Seneca
1741 3330 1816 3393 in
1889 3329 2060 3394 libro
2123 3335 2360 3415 quarto
2406 3331 2670 3397 Virtu--

533 3438 700 3514 tum,
747 3433 1013 3498 dicens:
1065 3441 1101 3468 “
1132 3431 1289 3497 Non
1350 3430 1555 3497 habet
1598 3431 2063 3497 auctoritatem
2122 3431 2238 3496 illa
2298 3419 2633 3498 sententia

540 3545 577 3574 “
621 3535 738 3600 ubi
785 3535 897 3621 qui
944 3535 1357 3600 damnandus
1416 3539 1519 3600 est
1578 3531 1910 3599 damnat.’'
2025 3531 2124 3596 Hi
2167 3531 2380 3619 igitur
2421 3555 2636 3599 errore

532 3642 601 3703 et
661 3637 1051 3725 ignorantiae
1112 3635 1403 3703 tenebris
1467 3633 1657 3700 velut
1723 3632 2005 3720 quodam
2090 3655 2340 3700 carcere
2423 3636 2636 3700 deter-

534 3741 701 3806 rimo
779 3738 1101 3816 damnati,
1176 3760 1313 3804 non
1370 3737 1621 3804 habent
1708 3737 1791 3802 de
1842 3737 1992 3823 jure
2081 3737 2258 3802 unde
2320 3738 2638 3804 damnent

536 3842 879 3929 sapientiae
942 3839 1177 3921 lucem,
1238 3845 1538 3928 respectu
1599 3839 1785 3926 cujus
1837 3844 1995 3904 sunt
2053 3839 2254 3926 talpae
2324 3861 2507 3906 caeeoe
2568 3847 2637 3906 et

533 3943 1028 4030 vespertiliones
1074 3943 1288 4029 lippae,
1336 3963 1487 4028 quae
1528 3941 1850 4029 fulgorem
1910 3941 2254 4028 sapientiae
2300 3964 2434 4007 non
2495 3963 2636 4009 sus·

534 4046 771 4125 tinent,
850 4049 920 4110 et
990 4045 1319 4110 immundi
1407 4067 1555 4110 sues
1638 4065 1824 4110 coeno
1880 4044 2148 4110 turbido
2239 4045 2636 4130 ignorantiae

534 4147 843 4228 obducti3
890 4148 1065 4233 quia,
1110 4153 1188 4212 ut
1228 4147 1327 4212 ait
1370 4145 1886 4226 Archimenides,
1935 4167 2159 4233 sapere
2203 4169 2339 4211 non
2369 4150 2632 4227 audent,

535 4250 648 4315 sed
702 4247 1006 4314 laborant
1065 4255 1145 4316 ut
1203 4249 1519 4328 nesciant,
1582 4254 1651 4313 et
1710 4270 1753 4312 a
1815 4247 2056 4335 palude
2123 4249 2389 4314 vultum
2441 4271 2634 4314 suum

533 4351 739 4438 gratis
792 4351 1141 4438 detegente
1214 4353 1530 4415 avertunt
1610 4350 1830 4414 oculos
1918 4349 2386 4435 imprudenter.
2532 4351 2635 4415 De

534 4453 773 4539 quibus
842 4454 1077 4519 beatus
1142 4451 1501 4538 Apostolus
1559 4450 1606 4516 J
1608 4447 1812 4516 udas¹
1889 4451 2226 4537 eleganter
2276 4451 2502 4516 scribit
2563 4453 2636 4516 in

1352 4792 1367 4822 ¹
1392 4787 1586 4854 Judas]
1612 4803 1714 4838 ver.
1743 4791 1820 4838 10.

714 4887 863 4937 VOL.
896 4887 943 4936 1.
2239 4882 2287 4931 D
2319 4881 2368 4929 D
