3517 5750
827 844 957 916 3⁷4
1584 860 1844 910 Boenst
1889 858 2178 909 moerus

828 1032 1233 1111 miraculum,
1280 1034 1396 1099 sed
1458 1054 1623 1120 opus
1676 1034 1954 1114 naturae,
2017 1054 2176 1099 nam
2237 1032 2461 1119 aliqua
2525 1033 2938 1100 constellatio

826 1138 959 1203 fuit
1002 1137 1119 1201 illo
1164 1142 1457 1223 tempore
1500 1146 1731 1223 potens
1777 1136 2102 1201 elementa
2159 1136 2468 1202 reducere
2525 1135 2613 1201 ad
2655 1136 2938 1223 gradum

830 1239 1234 1325 aequalitatis
1293 1239 1844 1325 propinquiorem,
1887 1258 2090 1323 quam
2149 1242 2308 1303 ante
2368 1236 2641 1303 fuerunt
2685 1238 2760 1301 in
2801 1258 2940 1304 cor*-

828 1360 986 1428 pore
1030 1360 1190 1419 suo;
1256 1346 1327 1405 et
1372 1341 1530 1426 quia
1574 1339 1717 1424 ejus
1760 1338 2146 1406 commixtio
2191 1338 2322 1405 fuit
2365 1358 2452 1403 ex
2507 1342 2751 1404 natura
2791 1360 2939 1426 pro-

826 1444 972 1529 pria
1015 1442 1410 1507 conveniens
1482 1441 1970 1507 constellationi
2043 1460 2181 1505 non
2247 1442 2340 1506 sic
2413 1440 2692 1505 aliorum
2765 1460 2938 1507 oom-

824 1544 1181 1630 plexiones,
1248 1542 1394 1608 ideo
1457 1542 1695 1607 accidit
1756 1540 2064 1607 alteratio
2127 1542 2268 1628 ejus
2335 1542 2408 1606 in
2453 1560 2716 1627 corpore
2761 1542 2938 1627 quod

823 1666 960 1711 non
1000 1645 1074 1708 in
1118 1644 1282 1711 aliis-

494 1746 681 1799 onmes
702 1746 763 1799 01
920 1748 1045 1812 Est
1110 1752 1334 1811 autem
1396 1744 1669 1810 ulterior
1729 1743 1932 1829 longa
1997 1744 2158 1810 vitae
2234 1742 2534 1811 extensio
2607 1743 2934 1830 possibilis

496 1813 760 1945 ἓῖηἳζῗ
830 1871 873 1914 a
914 1847 1237 1935 principio
1298 1846 1547 1924 mundi,
1602 1844 1741 1910 sive
1800 1865 2043 1931 magna
2092 1845 2508 1931 Pr⁰l⁰ng²ti⁰
2552 1845 2756 1924 vitae3
2817 1845 2934 1911 “ed

492 1944 597 1997 lif&
828 1970 1007 2015 nunc
1072 1948 1464 2015 abbreviata
1528 1951 1631 2013 est
1704 1946 1888 2011 ultra
1969 1946 2256 2012 modum.
2351 1946 2635 2012 Causam
2707 1950 2929 2011 autem

828 2072 1139 2137 magnam
1196 2048 1397 2136 hujus
1462 2047 1983 2135 prolongationis
2051 2052 2122 2113 et
2185 2046 2702 2113 abbreviationis
2753 2046 2930 2113 aesti·

829 2154 1179 2219 maverunt
1222 2150 1417 2215 multi
1462 2170 1503 2213 a
1544 2154 1733 2235 perte
1779 2148 1968 2229 coeli;
2013 2168 2170 2213 nam
2213 2148 2714 2215 aestimaverunt
2756 2149 2932 2234 quod

830 2253 981 2319 coeli
1024 2252 1363 2340 dispositio
1404 2252 1537 2315 fuit
1579 2251 1830 2335 optima
1871 2270 1914 2314 a
1955 2250 2293 2337 principie,
2339 2250 2413 2315 in
2455 2251 2705 2316 mundo
2749 2270 2930 2316 sene·

833 2362 1051 2422 scente
1112 2356 1335 2420 omnia
1390 2353 1753 2429 tabescunt,
1799 2352 2205 2417 aestimantes
2255 2352 2476 2417 stellas
2517 2352 2715 2419 fiiisse
2757 2372 2929 2419 crea-

829 2462 933 2523 tas
962 2457 1035 2521 in
1062 2457 1218 2523 locis
1252 2452 1796 2521 convenientibus
1835 2454 1910 2517 in
1952 2452 2191 2539 quibus
2235 2452 2444 2519 stellae
2485 2452 2738 2520 habent
2779 2474 2929 2519 sues

824 2558 1199 2645 dignitates,
1268 2576 1417 2643 quse
1467 2560 1793 2621 vocantur
1859 2554 2105 2635 domus,
2169 2554 2506 2632 exaltatio,
2559 2555 2923 2641 triplicitas,

816 2660 1031 2735 facies,
1078 2659 1441 2735 terminus3
1517 2662 1587 2722 et
1631 2657 1704 2719 in
1763 2654 2018 2720 meliori
2085 2655 2505 2743 proportione
2547 2674 2776 2722 eorum
2839 2658 2924 2722 sd

816 2760 1101 2825 invicem
1158 2758 1513 2823 secundm
1574 2756 2025 2821 diversitatem
2085 2760 2481 2842 aspectuum,
2527 2758 2639 2822 vel
2681 2757 2923 2844 projec-

819 2862 1068 2926 tionem
1132 2859 1469 2924 radiorum
1530 2856 1944 2925 invisibilem.
2033 2856 2126 2923 Et
2189 2857 2346 2945 quia
2410 2858 2495 2924 ab
2559 2858 2677 2924 illo
2740 2863 2922 2927 statu

822 2963 1143 3050 paulatim
1188 2964 1607 3037 recesserunt,
1654 2963 1725 3024 et
1789 2959 2148 3025 secundum
2210 2959 2386 3026 hunc
2445 2981 2762 3027 recessum
2805 2981 2922 3048 po-

818 3067 993 3128 nunt
1036 3062 1199 3128 vitae
1262 3061 1880 3128 determinationem
1927 3080 2134 3147 usque
2200 3062 2288 3128 ad
2349 3062 2634 3147 aliquem
2697 3065 2924 3130 termi-

815 3183 976 3228 num
1019 3163 1245 3242 fixum,
1300 3162 1373 3226 in
1417 3181 1551 3247 quo
1594 3162 1719 3228 erit
1764 3163 1997 3228 status.
2091 3161 2224 3228 Sed
2267 3162 2400 3229 hoc
2433 3163 2638 3231 habet
2678 3166 2924 3231 multas

815 3265 1224 3332 conditiones
1283 3268 1353 3330 et
1398 3261 1838 3344 difficultates,
1903 3265 1984 3330 de
2053 3264 2293 3350 quibus
2358 3285 2495 3330 non
2560 3269 2664 3332 est
2725 3266 2919 3332 modo

816 3367 1183 3445 dicendum,
1230 3370 1300 3431 et
1358 3365 1501 3430 sive
1544 3365 1668 3430 hoc
1712 3365 1804 3429 sit
1847 3383 2077 3430 verum
2122 3364 2264 3430 sive
2321 3385 2472 3446 non,
2517 3387 2776 3433 necesse
2818 3369 2919 3434 est

813 3469 1102 3555 aliquam
1170 3487 1431 3533 causam
1494 3466 1847 3551 assignare,
1895 3486 2042 3550 quae
2086 3467 2278 3532 nobis
2339 3473 2646 3555 prompta
2689 3475 2790 3534 est
2849 3473 2920 3536 et

785 3569 1027 3656 plana,
1073 3569 1180 3636 cui
1226 3565 1583 3633 contradici
1642 3585 1780 3631 non
1823 3566 2019 3643 valet,
2086 3587 2286 3652 quam
2343 3569 2584 3634 scimus
2627 3591 2745 3656 per
2804 3592 2908 3636 ex·

812 3668 1243 3756 perientiam3
1312 3671 1381 3732 et
1440 3667 1588 3732 ideo
1633 3667 1804 3731 circa
1847 3663 2032 3731 illam
2077 3667 2558 3754 negotiandum
2625 3677 2743 3748 est,
2812 3672 2916 3737 uti

811 3773 1127 3856 appareat
1186 3767 1507 3832 mirabilis
1568 3771 1639 3832 et
1702 3767 2056 3832 ineffabilis
2121 3768 2376 3835 utilitas
2441 3779 2509 3837 et
2569 3771 2920 3858 magnifica

812 3870 1105 3934 scientiae
1149 3866 1693 3954 experimentalis,
1744 3872 1814 3933 et
1883 3869 2264 3955 apperiatur
2306 3871 2454 3936 vita
2507 3871 2710 3956 juxta
2751 3873 2919 3939 illud

812 3974 1131 4036 secretum
1174 3971 1569 4034 secretorum
1598 3968 1777 4053 quod
1806 3969 2200 4034 Aristoteles
2231 3971 2588 4038 occultavit
2629 3973 2704 4038 in
2747 3973 2921 4041 libro

811 4071 916 4136 De
965 4069 1309 4156 Regimine
1357 4069 1553 4134 Vitae.
1644 4069 1814 4134 Cum
1875 4069 2050 4135 enim
2096 4071 2391 4157 regimen
2449 4073 2758 4140 sanitatis
2805 4075 2917 4141 de-

810 4173 968 4236 beat
1026 4189 1163 4236 esse
1221 4169 1295 4234 in
1354 4169 1503 4234 cibo
1563 4173 1633 4234 et
1688 4173 1871 4256 potu,
1918 4191 2145 4236 somno
2197 4175 2266 4238 et
2315 4171 2568 4260 vigilia,
2611 4180 2800 4241 motu
2843 4181 2918 4242 et

812 4272 1048 4358 quiete,
1098 4270 1522 4338 evacuatione
1566 4275 1635 4335 et
1692 4271 2076 4350 retentione,
2139 4273 2310 4337 aeris
2354 4273 2798 4360 dispositione,
2845 4281 2918 4342 et

809 4373 1219 4461 passionibus
1286 4371 1508 4452 animi,
1556 4375 1626 4436 et
1686 4372 1828 4438 haeo
1871 4378 1951 4437 ut
1992 4373 2065 4437 in
2128 4372 2354 4439 debito
2397 4379 2916 4463 temperamento

808 4475 1207 4542 haberentur
1278 4475 1365 4539 ab
1453 4472 1749 4551 infantia,
1835 4472 1917 4538 de
1989 4471 2096 4538 his
2179 4475 2622 4562 temperandis
2693 4479 2916 4546 nullus

806 4575 1151 4642 hominum
1222 4575 1357 4640 fere
1427 4575 1537 4640 vel
1608 4578 1814 4652 curat,
1874 4575 1982 4639 vel
2039 4597 2159 4641 nec
2223 4577 2477 4656 medici,
2525 4579 2749 4665 quales
2793 4601 2914 4646 nos

807 4678 1141 4758 vidimus3
1244 4674 1419 4763 quod
1494 4675 1575 4744 de
1662 4674 2032 4746 millenario
2121 4677 2519 4748 medicorum
2593 4679 2712 4744 vix
2785 4681 2916 4746 erit
