3517 5750
1292 921 1647 972 Arrmrmx
1691 923 1765 972 11.
2448 905 2572 980 571

481 1103 516 1130 “
559 1095 765 1174 vium,
809 1098 881 1161 et
935 1093 1124 1182 ponit
1186 1093 1362 1160 diem
1405 1101 1476 1160 et
1517 1092 1749 1158 horam
1812 1091 2053 1178 quibus
2108 1091 2361 1180 incepit
2403 1093 2575 1158 dilu-

483 1205 518 1232 “
561 1199 764 1276 vium,
810 1202 882 1262 et
924 1219 1042 1282 per
1101 1195 1546 1262 revolutiones
1609 1194 2027 1280 planetarum
2080 1199 2151 1262 et
2194 1215 2311 1281 per
2352 1215 2579 1262 eorum

482 1305 516 1333 “
559 1297 1050 1385 conjunctiones
1094 1297 1492 1364 determinat
1531 1293 1875 1383 sequentia
1916 1298 2171 1376 saecula,
2202 1317 2285 1362 sc.
2317 1297 2579 1384 quando

483 1407 518 1435 “
561 1399 692 1466 fuit
798 1398 1417 1478 Nabuchodonosor,
1509 1401 1578 1464 et
1667 1399 1935 1484 quando
2024 1397 2419 1478 Alexander,
2512 1405 2581 1464 et

484 1509 519 1536 ‘⁶
563 1503 830 1587 quando
892 1501 1219 1568 Dominus
1287 1499 1612 1578 Christus,
1676 1503 1748 1566 et
1807 1501 2071 1587 quando
2143 1499 2579 1582 Mahometus,

483 1611 518 1638 “
563 1609 633 1669 et
705 1603 800 1668 sic
865 1605 950 1669 de
1011 1601 1294 1669 multis.”
1385 1602 1512 1668 Per
1571 1601 1744 1668 hanc
1818 1601 1997 1667 viam
2073 1603 2433 1682 contendit,
2500 1607 2583 1668 ut

482 1705 877 1772 Antichristi
928 1711 1188 1784 sectam,
1236 1705 1602 1770 adventum
1647 1707 2036 1790 tempusque
2098 1725 2576 1792 cognoscamus.

481 1806 656 1872 Vera
713 1827 798 1873 ne
845 1807 937 1872 sit
980 1827 1070 1872 an
1121 1805 1285 1872 falsa
1334 1807 1450 1872 via
1501 1805 1593 1872 sit
1635 1805 1783 1884 ista,
1828 1811 2057 1872 nostra
2100 1827 2237 1873 non
2286 1805 2579 1872 interest.

483 1907 664 1974 Satis
707 1909 899 1975 nobis
957 1914 1060 1974 est
1126 1908 1482 1974 ostendisse
1529 1908 1859 1974 Baoonem
1902 1908 1977 1972 in
2035 1929 2115 1974 ea
2170 1929 2307 1973 non
2380 1907 2580 1974 fiiisse

480 2015 716 2090 mente,
811 2015 891 2077 ut
981 2010 1351 2098 astrologiae
1416 2007 1789 2095 judiciariae
1862 2009 2113 2076 virtute
2186 2007 2583 2077 Antichristi

481 2112 844 2177 adventum
875 2111 1174 2177 divinare
1217 2131 1404 2199 posse
1433 2111 1865 2178 contenderit.

572 2212 738 2294 Quae
781 2235 931 2278 cum
977 2214 1076 2279 ita
1119 2213 1270 2292 sint,
1303 2235 1496 2278 nemo
1543 2213 1837 2300 profecto
1865 2213 2210 2299 plumbeus
2254 2217 2356 2278 est
2398 2213 2579 2292 adeo,
2718 2265 2731 2276 .

481 2320 576 2393 ut,
642 2337 790 2401 quae
852 2315 1132 2380 Bacenis
1207 2315 1290 2381 de
1365 2315 1843 2402 astrologorum
1909 2313 2179 2399 judiciis
2248 2316 2583 2380 sententia

481 2417 698 2496 fuerit,
776 2417 956 2483 haud
1030 2416 1380 2504 intelligat.
1506 2415 1803 2481 Admisit
1878 2415 2143 2501 quidem
2206 2415 2579 2482 futurorum

474 2519 771 2606 judicia3
879 2518 993 2583 sed
1059 2519 1176 2596 ita,
1253 2523 1334 2584 ut
1377 2519 1450 2582 in
1522 2517 2087 2606 genethliacorum
2159 2517 2581 2584 delirantium

481 2621 736 2686 somnia
807 2619 1028 2706 lapsus
1101 2641 1238 2687 non
1310 2619 1560 2686 fuerit·
1624 2617 1690 2684 A
1735 2620 1873 2684 suis
1944 2639 2079 2684 non
2151 2621 2431 2700 recessit,
2504 2643 2583 2686 ac

482 2743 626 2788 eam
691 2722 1084 2788 sententiam
1154 2721 1570 2808 amplexatus
1631 2721 1781 2800 fuit,
1829 2741 1979 2807 quae
2036 2741 2154 2786 suo
2228 2743 2374 2788 aevo
2434 2743 2583 2809 per·

481 2829 728 2912 vagata
770 2829 930 2902 erat,
979 2829 1048 2890 et
1092 2844 1240 2911 quae
1284 2827 1511 2889 nostra
1574 2823 1698 2889 hac
1759 2825 1961 2890 aetate
2005 2827 2315 2910 patronos
2380 2825 2585 2891 habet

483 2926 598 3012 qui
643 2928 826 2991 illam
873 2925 1248 2991 defendant.
1344 2926 1436 2992 Et
1478 2926 1551 3003 si,
1602 2930 1684 2990 ut
1726 2946 1849 3011 par
1915 2930 2031 3003 est,
2076 2930 2251 2992 recte
2285 2925 2583 3012 judicare

483 3028 814 3107 debemus,
891 3028 1061 3093 nihil
1123 3028 1196 3092 in
1264 3026 1546 3093 Baconis
1611 3024 1873 3114 scriptis
1929 3027 2343 3095 inveniemus
2405 3028 2582 3115 quod

482 3131 880 3217 turpissimae
961 3128 1448 3217 superstitionis
1513 3150 1740 3216 sapere
1814 3126 2139 3195 videatur.
2252 3130 2341 3197 Se
2403 3132 2581 3196 enim

482 3234 692 3319 magis
771 3231 1049 3297 credidit
1135 3228 1552 3296 astronomiae
1632 3250 1833 3315 quam
1920 3250 2113 3295 vanae
2196 3232 2581 3318 astrologiae.

485 3332 678 3413 Quod
723 3332 782 3397 si
823 3332 1110 3396 multum
1157 3331 1584 3397 emolumenti
1643 3331 1720 3394 in
1777 3327 2111 3395 eeclesiam
2162 3350 2247 3394 ex
2291 3336 2587 3397 astrono-

481 3436 636 3501 mioe
707 3432 928 3499 studio
1005 3432 1304 3498 derivare
1377 3430 1569 3510 dixit,
1645 3430 1771 3496 hoc
1853 3435 2201 3516 propterea
2268 3434 2579 3521 asseruit,

483 3536 660 3653 quod
721 3536 1186 3601 correctionem
1231 3532 1586 3599 calendarii
1630 3532 1678 3598 J
1681 3531 1893 3597 uliam
1959 3552 2079 3618 per
2120 3553 2319 3618 quam
2361 3554 2583 3601 neces-

481 3640 722 3704 sariam
785 3636 1202 3723 conspiceret.
1293 3633 1738 3700 Astronomiae
1806 3632 2065 3699 defectu
2106 3632 2359 3700 factum
2419 3642 2579 3717 erat,

483 3746 562 3805 ut
626 3760 866 3827 magna
939 3740 1313 3823 temporum
1387 3734 1678 3819 confusio
1751 3735 2023 3802 suborta
2110 3739 2305 3801 esset.
2428 3736 2583 3804 Huc

485 3862 707 3907 omnes
780 3839 1199 3905 astronomiae
1242 3837 1472 3904 laudes
1538 3837 1931 3917 collineant3
2020 3834 2151 3903 huc
2194 3837 2394 3903 etiam
2438 3844 2583 3905 ten·

483 3943 655 4008 dunt
697 3940 1142 4029 quaerimoniae
1189 3940 1464 4007 Baconis
1493 3962 1508 4003 ε
1576 3946 1611 3975 “
1641 3938 1801 4004 Non
1845 3936 2115 4019 solum,’'
2174 3939 2393 4026 inquit
2434 3964 2583 4029 pag.

492 4050 522 4109 1
537 4046 641 4123 26,
737 4052 774 4081 “
803 4042 1224 4108 astronomiae
1315 4040 1612 4107 studium
1703 4040 1977 4128 expedit
2069 4041 2373 4121 ecclesiae,
2464 4044 2580 4110 sed

487 4154 521 4181 ‘⁶
565 4146 732 4211 illud
775 4145 1062 4209 maxime
1107 4143 1294 4209 decet
1337 4164 1497 4221 eam,
1529 4148 1600 4209 et
1643 4144 1823 4229 quod
1849 4143 1991 4209 sine
2032 4142 2269 4230 grandi
2296 4145 2583 4230 periculo

486 4254 522 4283 ‘⁸
567 4252 637 4313 et
709 4246 1090 4313 confusione
1164 4244 1366 4311 vitari
1427 4265 1564 4310 non
1639 4248 1901 4331 potsst3
1990 4244 2293 4330 quamvis
2354 4250 2581 4311 tamen

487 4357 522 4383 “
569 4348 784 4435 longis
827 4344 1236 4435 temporibus
1271 4346 1414 4433 jam
1459 4344 1699 4412 accidit
1743 4342 2097 4432 multiplex
2139 4346 2397 4411 abusus.
2488 4346 2581 4414 Et

487 4458 522 4486 “
568 4448 878 4537 quoniam
923 4454 1106 4515 totus
1150 4448 1258 4513 hic
1301 4470 1481 4514 error
1533 4446 1829 4535 procedit
1870 4468 1957 4511 ex
1999 4468 2167 4533 pura
2206 4446 2582 4535 ignorantia

487 4559 523 4588 “
568 4554 638 4617 et
680 4550 1088 4637 negligentia
1129 4548 1683 4629 considerationis,
1728 4552 1921 4615 tanto
1967 4558 2069 4615 est
2112 4548 2307 4615 vilior
2362 4570 2579 4615 coram

486 4660 523 4688 “
570 4651 712 4717 Deo
758 4657 828 4717 et
859 4651 1233 4718 hominibus
1275 4650 1536 4733 sanctis,
1580 4656 1649 4717 et
1691 4650 1865 4738 apud
1910 4670 2149 4729 omnes,
2193 4672 2329 4717 non
2370 4651 2581 4717 solum

486 4762 524 4792 ‘⁸
567 4754 898 4843 sapientes
955 4758 1376 4821 astronomos.
1485 4751 1619 4820 Sed
1691 4756 1765 4819 et
1837 4752 2249 4841 computistae
2322 4752 2583 4844 vulgati
