3517 5750
606 835 789 925 vm]
1272 852 1735 907 com’nnnmu
1779 855 2029 907 srunn.
2569 844 2698 913 491

606 1025 877 1095 Graecos
934 1034 1037 1095 est
1080 1027 1465 1097 Marem
1522 1030 1881 1097 seeundum
1926 1030 2265 1110 Hebraeos,
2323 1036 2396 1102 et
2453 1038 2709 1105 certum

604 1134 707 1197 est
750 1132 930 1217 quod
969 1131 1368 1198 Novembris
1410 1137 1689 1199 vocatur
1716 1132 1892 1201 Dios
1934 1138 2006 1200 et
2033 1133 2421 1205 Mam-seuam
2464 1142 2536 1205 et
2577 1160 2716 1203 non

607 1233 845 1315 Maius,
876 1234 1037 1322 quia
1065 1233 1285 1300 Maius
1312 1238 1590 1301 vocatur
1617 1236 1978 1303 secundum
2002 1236 2262 1303 Graecos
2283 1237 2712 1322 Artemieioe,

606 1341 676 1403 et
738 1338 1094 1402 secundum
1143 1336 1469 1403 Hebraeos
1514 1338 1681 1419 Ear,
1728 1344 1808 1404 ut
1853 1340 2038 1404 Beda
2099 1340 2292 1407 docet
2359 1346 2432 1407 et
2497 1341 2714 1409 omnis

608 1439 937 1505 Hebraeus
1024 1438 1232 1505 novit.
1386 1439 1808 1528 Quapropter
1894 1442 2252 1509 secundum
2341 1442 2708 1530 Josephum

607 1540 935 1609 diluvium
995 1541 1281 1629 contigit
1338 1542 1413 1606 in
1475 1541 1863 1609 Novembri.
1991 1544 2324 1611 Oaeterum
2384 1545 2714 1633 «Iosephus

606 1643 799 1709 docet
871 1644 1051 1731 quod
1123 1643 1281 1713 licet
1357 1643 1623 1731 Moyses
1697 1652 2024 1733 quantum
2098 1647 2187 1715 ad
2261 1647 2716 1717 solemnitates

604 1746 936 1812 faciendas
977 1747 1274 1833 posuerit
1299 1746 1552 1828 Nisam,
1586 1746 1659 1813 id
1704 1753 1822 1825 ent,
1861 1747 2178 1834 Aprilem,
2225 1770 2363 1815 esse
2404 1751 2711 1836 primum,

606 1847 763 1935 quia
807 1849 1149 1927 festivitas,
1196 1849 1445 1915 scilieet
1474 1849 1743 1927 Pascha,
1789 1850 2156 1919 celebratur
2199 1851 2316 1918 illo
2357 1873 2600 1933 mense,
2645 1860 2716 1921 et

602 1950 697 2017 sic
739 1950 1021 2017 ulterius
1063 1972 1181 2038 per
1224 1951 1541 2033 ordinem,
1582 1956 1663 2017 ut
1706 1952 2090 2019 Pentecoste
2135 1957 2209 2019 et
2249 1952 2444 2034 aliae3
2485 1958 2713 2023 tamen

603 2057 927 2139 quantum
994 2054 1082 2119 ad
1125 2053 1357 2119 seriem
1420 2054 1794 2119 naturalem
1856 2056 2192 2143 temporie,
2243 2061 2312 2123 et
2378 2060 2711 2142 quantum

602 2156 689 2221 ad
762 2155 1231 2234 venditionem,
1294 2161 1365 2222 et
1436 2157 1856 2273 emptionem,
1925 2162 1998 2223 et
2055 2161 2325 2225 caeteras
2393 2158 2712 2227 humanas

602 2258 1127 2346 computationes
1168 2262 1558 2345 temporum,
1620 2257 1860 2345 prioris
1903 2258 2126 2325 saeculi
2170 2259 2434 2330 decreta
2493 2282 2712 2329 serva·

600 2362 721 2441 vit,
791 2361 1037 2427 scilicet
1111 2360 1289 2447 quod
1362 2360 1615 2448 primus
1680 2360 1926 2427 mensis
1999 2360 2163 2429 anni
2236 2367 2338 2429 est
2395 2362 2708 2445 October,
2735 2375 2956 2429 October

598 2464 775 2529 sicut
820 2462 1141 2529 secundus
1200 2466 1302 2529 est
1346 2462 1766 2544 Novembris,
1811 2467 1892 2529 ut
1950 2463 2132 2550 prius
2177 2464 2550 2552 expositum
2609 2472 2712 2535 est
2729 2442 2818 2560 ἒξ
2815 2443 2950 2561 ἐξ*

600 2564 959 2631 secundum
1001 2564 1414 2630 intellectum
1459 2563 1508 2630 J
1510 2564 1751 2652 oseph1
1841 2565 2019 2631 Nam
2063 2570 2324 2633 constat
2353 2566 2708 2635 Octobrem

598 2688 737 2733 esse
765 2666 1019 2754 primus
1061 2666 1121 2732 si
1148 2666 1547 2733 Novembris
1588 2672 1693 2733 est
1720 2666 2088 2747 secundus3
2115 2668 2290 2734 sed
2262 2690 2408 2755 Jam
2435 2670 2708 2757 exposui

600 2770 960 2836 secundum
1022 2768 1436 2835 intellectum
1488 2769 1535 2833 J
1538 2767 1766 2857 osephi
1809 2790 1928 2856 per
1971 2768 2242 2848 Bedam,
2307 2777 2378 2838 et
2423 2771 2702 2851 Graecos,

600 2877 673 2939 et
747 2870 1085 2950 Hebraeos,
1142 2871 1321 2958 quod
1396 2870 1802 2938 Novembris
1862 2876 1966 2938 est
2037 2872 2360 2942 secundus
2439 2875 2704 2954 mensis,

598 2973 809 3062 igitur
876 2974 1164 3042 October
1238 2979 1341 3040 est
1406 2974 1659 3061 primus
1723 2973 2084 3042 secundum
2149 2975 2412 3042 decreta
2471 2976 2712 3064 prioris

598 3077 865 3160 soeeuli3
909 3081 979 3142 et
1029 3077 1154 3143 hoe
1196 3081 1301 3143 est
1358 3075 1717 3142 secundum
1763 3075 2064 3144 ordinem
2120 3078 2494 3146 naturalem
2539 3083 2706 3146 tem-

597 3179 777 3266 poris
836 3201 1035 3266 quem
1098 3179 1619 3245 observaverunt
1664 3177 1940 3244 Hebraei
1983 3201 2026 3243 a
2065 3179 2392 3266 principio
2452 3181 2703 3248 mundi.

602 3281 803 3348 Unde
870 3281 1143 3348 Hebroei
1210 3301 1421 3366 usque
1477 3301 1659 3346 nunc
1714 3285 1961 3346 vocant
2005 3279 2360 3346 Octobrem
2401 3279 2708 3362 Roma,

598 3385 672 3450 id
703 3389 820 3464 est,
868 3389 1069 3470 caput
1106 3383 1219 3450 vel
1262 3382 1661 3471 principium
1696 3382 1872 3448 anni.
1949 3381 2044 3448 Et
2085 3381 2254 3448 illud
2283 3383 2712 3452 confirmatur

600 3485 829 3552 multis
872 3485 1383 3552 auctoritatibus
1447 3489 1519 3550 et
1584 3505 1703 3572 per
1756 3483 1984 3570 legem.
2079 3483 2409 3565 Quoniam
2469 3484 2709 3552 Hiero-

597 3609 841 3674 nymus
902 3587 1065 3655 dicit
1125 3589 1199 3653 in
1261 3586 1587 3675 principio
1632 3585 1942 3652 Ezechiel
2005 3607 2198 3674 super
2259 3587 2442 3666 illud,
2488 3609 2712 3656 mense

597 3693 853 3776 quarte,
899 3689 1077 3776 quod
1120 3689 1167 3756 J
1170 3689 1485 3756 anuarius
1526 3694 1629 3756 est
1672 3688 1788 3755 ille
1832 3693 2110 3774 quartus
2153 3687 2396 3756 mensis
2424 3711 2444 3768 3
2501 3690 2711 3778 igitur

601 3791 887 3857 October
928 3796 1032 3858 est
1092 3791 1347 3879 primus
1407 3797 1479 3858 et
1520 3791 1922 3858 Novembris
1983 3789 2320 3858 secundus.
2410 3791 2586 3860 Item
2637 3793 2712 3858 in

600 3892 907 3980 epistola¹
973 3893 1079 3958 De
1123 3893 1637 3960 Festivitatibus
1697 3893 2002 3960 Hebraeis
2043 3892 2207 3960 dicit
2249 3892 2428 3960 idem
2472 3893 2708 3962 Hiero-

596 4017 884 4082 nymus:
952 4003 988 4032 ‘⁸
1012 3995 1099 4060 In
1142 3996 1277 4062 fine
1322 3997 1481 4061 anni
1526 3997 1755 4062 solaris
1799 3995 1978 4082 apud
2045 3995 2382 4075 Hebraeos,
2446 3999 2710 4083 quando

600 4106 638 4138 “
682 4103 1173 4186 congregantur
1237 4099 1495 4164 fructus
1560 4099 1635 4163 in
1695 4099 1950 4178 horrea,
2005 4102 2112 4164 ter
2171 4099 2488 4167 solemnia
2547 4100 2707 4166 cele-

599 4211 637 4238 “
681 4202 875 4268 brare
940 4203 1015 4267 in
1089 4204 1235 4290 lege
1294 4207 1693 4290 praeceptum
1769 4207 1924 4284 est3
1995 4203 2068 4267 id
2132 4207 2252 4282 est,
2317 4203 2534 4289 prima
2597 4203 2708 4268 die

596 4312 635 4342 “
676 4304 1011 4385 tubam,
1079 4304 1334 4370 decima
1398 4305 1507 4369 die
1573 4303 2052 4390 expiationum,
2117 4309 2188 4370 et
2249 4326 2294 4370 a
2351 4303 2708 4389 quintade-

600 4413 641 4444 ‘'
683 4405 857 4474 eima
900 4407 1009 4473 die
1050 4427 1171 4496 per
1212 4409 1467 4494 septem
1511 4405 1653 4472 dies
1712 4406 2286 4474 tabernaculorum
2344 4404 2528 4474 feriae
2569 4427 2706 4474 esse

1422 4729 1437 4760 ¹
1458 4725 1691 4793 epi-eblo]
1727 4741 1778 4792 p.
1801 4731 1915 4778 209.
