3517 5750
846 804 879 869 1
892 804 973 871 16
1590 821 1845 871 Roomu
1890 820 2181 875 mooms
2761 805 2938 892 [cn.

840 990 1325 1079 pendicularem
1380 994 1745 1060 ducendam
1777 1016 1819 1059 a
1846 995 1989 1062 loco
2016 996 2372 1075 fractionis,
2414 994 2506 1059 sit
2550 993 2826 1074 fortior3
2871 997 2942 1059 et

842 1094 1089 1180 duplex
1147 1094 1380 1161 fractio
1440 1102 1542 1163 est
1591 1097 1782 1163 fortis
1832 1097 2050 1177 nimis,
2119 1101 2188 1163 et
2247 1096 2504 1161 inducit
2574 1095 2942 1161 violentam

840 1196 1205 1275 actionem3
1282 1202 1353 1263 et
1399 1199 1577 1284 quod
1626 1200 1901 1265 reflexio
1965 1200 2052 1265 ad
2141 1198 2420 1285 angulos
2497 1197 2784 1282 aequales
2853 1197 2942 1263 sit

842 1298 1119 1365 debilior
1155 1305 1479 1385 quantum
1532 1311 1636 1367 est
1681 1302 1764 1367 de
1812 1306 2057 1367 natura
2093 1298 2484 1379 reflexionis,
2531 1299 2688 1366 licet
2735 1320 2946 1385 quan-

843 1404 989 1465 tum
1068 1402 1153 1467 ad
1211 1402 1661 1488 aequalitatem
1728 1402 2163 1491 angulorum3
2239 1408 2309 1469 et
2356 1403 2514 1489 quia
2575 1400 2673 1466 ibi
2737 1400 2942 1489 gemi-

842 1508 1094 1567 nantur
1134 1504 1209 1569 in
1252 1504 1478 1571 eodem
1521 1506 1664 1571 loco
1722 1506 1946 1571 radius
1989 1505 2286 1571 incidens
2330 1509 2403 1570 et
2445 1502 2747 1581 reflexus,
2811 1501 2946 1568 sit¹

844 1604 985 1671 haeo
1044 1605 1315 1671 reflexio
1377 1606 1623 1673 fortior.
1746 1608 1877 1673 Sed
1944 1611 2013 1673 et
2087 1608 2321 1673 fortior
2385 1610 2487 1671 est
2559 1604 2830 1671 reflexio
2905 1626 2946 1669 a

845 1728 1131 1773 concava
1173 1708 1513 1794 superficie
1556 1730 1753 1795 quam
1801 1732 1843 1775 a
1886 1709 2124 1796 plana3
2173 1712 2242 1773 et
2287 1708 2372 1773 ab
2419 1706 2596 1773 ovali
2655 1706 2763 1771 vel
2825 1727 2942 1771 an-

843 1807 1063 1876 nulari
1127 1808 1497 1877 fortissima.
1620 1810 1798 1876 Nam
1845 1811 1916 1875 in
1960 1811 2082 1876 hoc
2145 1810 2519 1875 ostenditur
2579 1806 2948 1895 specialiter

843 1915 1107 1980 bonitas
1172 1919 1451 1998 natm-ze,
1496 1922 1576 1982 ut
1620 1917 1784 1983 dicit
1845 1923 2074 1983 auctor
2117 1917 2274 1981 libri
2335 1917 2418 1982 de
2459 1915 2732 2003 speculis
2775 1935 2946 1980 com-

508 2011 758 2128 ἓξὲξ·
844 2018 1254 2084 burentibus.
1380 2020 1604 2085 Etiam
1672 2019 1870 2107 tetigi
1945 2020 2244 2106 superius
2308 2019 2484 2104 quod
2558 2017 2677 2083 hoc
2739 2037 2946 2104 genus

510 2147 635 2195 been
658 2159 778 2194 eon-
845 2120 1369 2207 congregationis
1410 2121 1556 2187 fieri
1599 2125 1821 2209 potest
1869 2143 1987 2209 per
2015 2122 2455 2199 reflexionem,
2489 2126 2558 2187 et
2589 2121 2768 2207 quod
2801 2118 2944 2204 jam

510 2214 731 2327 ἓξὲξ
752 2212 807 2260 ³¹²
848 2220 1181 2307 speculum
1248 2222 1499 2288 factum
1544 2229 1645 2289 est
1688 2229 2010 2311 tanquam
2073 2223 2412 2311 exemplar
2479 2222 2812 2309 quoddam
2879 2224 2948 2285 et

510 2344 632 2393 time
653 2352 707 2394 to
846 2324 1163 2390 indicium
1225 2325 1422 2410 hujus
1488 2326 1790 2391 miraculi
1849 2332 2126 2407 naturoe,
2190 2331 2269 2391 ut
2313 2324 2714 2411 possibilitas
2775 2322 2951 2389 tanti

508 2410 807 2539 zssss'rff‘oe
849 2427 1063 2513 operis
1128 2427 1452 2493 videatur.
1574 2428 1706 2495 Sed
1776 2450 1923 2494 cum
1991 2428 2251 2517 magnis
2313 2428 2616 2514 expensis
2659 2431 2728 2492 et
2771 2426 2949 2490 labo-

510 2550 689 2594 ments.
848 2529 1031 2593 ribus
1103 2529 1352 2595 factum
1396 2535 1534 2596 est:
1612 2551 1771 2595 nam
1846 2523 2094 2597 artifex
2169 2530 2630 2596 damnificatus
2703 2532 2804 2593 est
2877 2528 2951 2591 in

850 2636 1119 2696 centum
1162 2629 1349 2696 libris
1394 2630 1891 2712 Parisiensibm,
1924 2638 1994 2698 et
2023 2631 2322 2719 pluribus
2365 2631 2561 2695 annis
2603 2630 2949 2707 laboravit,

851 2731 1197 2797 dimittens
1264 2731 1564 2797 studium
1638 2738 1709 2798 et
1771 2734 1936 2799 alias
2011 2733 2468 2822 occupationes
2540 2731 2952 2797 necessarias.

851 2832 985 2899 Sed
1062 2838 1286 2899 tamen
1360 2854 1479 2922 pro
1553 2833 1737 2902 mille
1812 2837 2046 2902 marcis
2118 2857 2255 2901 non
2327 2834 2530 2901 vellet
2590 2832 2954 2920 neglexisse

808 2936 1160 3018 laborem,
1224 2941 1372 3002 tum
1434 2943 1705 3024 propter
1769 2939 2116 3025 sapientise
2183 2941 2585 3025 potestatem
2657 2935 2953 3023 pulcher-

848 3038 1100 3119 rimam,
1178 3059 1377 3123 quam
1474 3040 1784 3126 percepit,
1868 3044 2016 3107 tum
2090 3045 2356 3128 propter
2435 3039 2561 3104 hoo
2622 3037 2800 3125 quod
2873 3039 2954 3102 de

850 3145 1085 3206 caetero
1152 3145 1373 3228 potest
1440 3141 1651 3208 facere
1713 3142 1985 3208 meliora
2027 3147 2098 3208 et
2143 3141 2561 3229 paucioribus
2607 3141 2950 3227 expensis:

851 3244 1009 3329 quia
1050 3265 1169 3330 per
1210 3244 1688 3331 experientiam
1734 3244 1970 3310 didicit
2013 3265 2162 3330 quae
2199 3244 2384 3331 prius
2429 3243 2726 3310 nescivit.
2817 3241 2886 3308 N
2887 3263 2958 3308 eo

850 3347 1092 3412 mirum
1160 3347 1218 3412 si
1284 3351 1553 3412 tantum
1630 3346 1950 3433 expendit
2024 3352 2095 3411 et
2161 3351 2430 3412 tantum
2493 3345 2822 3412 laboravit
2885 3345 2958 3409 in

852 3449 1063 3536 primo
1108 3469 1319 3535 opere,
1368 3449 1525 3534 quia
1585 3470 1929 3536 nunquam
1997 3447 2240 3535 aliquis
2309 3447 2700 3514 Latinorum
2759 3447 2958 3513 scivit

852 3551 975 3617 hoo
1019 3557 1356 3618 attentare
1400 3557 1557 3616 ante
1603 3551 1869 3637 ipsum3
1929 3554 2000 3616 et
2063 3551 2304 3615 mirum
2379 3554 2482 3615 est
2539 3549 2717 3636 quod
2760 3571 2958 3614 ausus

856 3658 957 3718 est
1000 3652 1273 3739 aggredi
1336 3658 1477 3719 tam
1546 3653 1849 3738 ignotum
1917 3657 1987 3718 et
2050 3657 2193 3720 tam
2259 3651 2542 3718 arduum
2599 3652 2956 3739 negotium.

859 3753 993 3820 Sed
1058 3753 1581 3840 sapientissimus
1656 3759 1775 3834 est,
1839 3759 1907 3819 et
1949 3753 2121 3820 nihil
2187 3755 2249 3820 ei
2317 3753 2576 3820 difficile
2641 3759 2762 3837 est,
2829 3755 2960 3820 nisi

857 3859 1125 3942 propter
1168 3854 1495 3920 defectum
1538 3876 1988 3942 expensarum.

521 3955 797 4074 ‘'fles-{lam
952 3957 1149 4021 Certe
1192 3956 1249 4020 si
1294 3956 1635 4022 duodecim
1679 3957 1847 4022 talia
1889 3959 2149 4045 specula
2200 3959 2521 4026 haberent
2571 3959 2962 4040 Aeonenses,

518 4089 613 4154 ing
626 4051 821 4156 glanae:
858 4063 928 4124 et
1000 4057 1100 4122 illi
1116 4055 1145 4094 ⁹
1218 4058 1333 4143 qui
1408 4063 1566 4124 sunt
1661 4059 1842 4124 ultra
1915 4082 2094 4126 mare
2169 4060 2549 4143 Christiani,
2618 4062 2748 4150 ipsi
2821 4063 2962 4128 sine

519 4157 769 4275 affige&
860 4159 1173 4226 effusione
1270 4161 1609 4247 sanguinis
1706 4161 2025 4248 pellerent
2101 4161 2460 4230 Saracenos
2548 4163 2630 4230 de
2719 4165 2963 4232 finibus

522 4299 577 4339 to
598 4291 761 4341 defeat
858 4284 1086 4330 eorum
1142 4283 1310 4345 ;neo
1354 4265 1690 4349 oporteret
1707 4263 1735 4300 ³
1789 4263 2131 4330 dominum
2180 4286 2400 4352 regem
2456 4266 2753 4332 Franciae
2811 4289 2962 4334 cum

521 4356 779 4474 {hg-3:2²1·
858 4363 1152 4433 exercitu
1200 4365 1482 4430 transire
1527 4385 1645 4452 pro
1690 4364 1810 4430 illa
1853 4370 2033 4431 terra
2077 4368 2485 4452 acquirenda.
2579 4369 2670 4433 Et
2698 4369 2964 4455 quando

925 4634 942 4666 ¹
964 4634 1057 4701 sit]
1092 4634 1166 4696 fit,
1198 4633 1260 4686 Τ.
2032 4633 2052 4664 ⁸
2071 4631 2331 4700 oporteret]
2369 4641 2577 4700 oportet,
2613 4633 2680 4690 Τ.

924 4714 945 4746 ²
967 4711 1065 4780 ⁶112]
1102 4729 1200 4764 om.
1234 4714 1299 4767 Τ.
