3517 5750
586 875 821 960 Lxxv]
1380 892 1555 944 orus
1597 890 1922 945 mmmm.
2555 886 2684 951 305

581 1064 805 1131 subito
849 1058 1053 1132 cadat‘
1087 1067 1159 1131 in
1204 1088 1492 1134 amorem
1535 1068 1697 1134 boni
1741 1074 1812 1134 et
1857 1068 2083 1135 odium
2112 1070 2288 1148 mali,
2323 1073 2680 1141 secundum

583 1168 758 1252 quod
802 1168 993 1235 docet
1038 1168 1483 1256 Alpharabius
1525 1171 1599 1236 in
1642 1170 1814 1237 libro
1860 1170 1964 1237 De
1997 1171 2321 1238 scientiis,
2414 1173 2506 1239 Et
2548 1196 2686 1241 non

580 1267 810 1334 solum‘
838 1270 1209 1337 consistunt
1254 1272 1408 1349 ‚haec
1469 1272 1876 1359 praedicandi
1940 1280 2338 1359 argumenta
2401 1276 2476 1340 in
2538 1277 2684 1363 pul-

580 1371 953 1439 chritudine
997 1372 1331 1458 sermonis,
1378 1396 1497 1439 nec
1538 1375 1613 1439 in
1672 1373 2132 1461 magnitudine
2177 1376 2446 1442 divinae¹
2511 1379 2685 1465 sapi-

578 1474 790 1551 entiae,
838 1476 953 1541 sed
996 1475 1070 1540 in
1112 1474 1473 1555 affectibus,
1521 1482 1591 1542 et
1633 1480 1845 1563 gestu,
1889 1481 1960 1542 et
2005 1474 2228 1542 debito
2284 1479 2570 1565 corporis
2615 1486 2685 1547 et

579 1576 1022 1643 membrorum
1066 1581 1255 1643 motu
1321 1576 1838 1664 proportionat0‚
1906 1598 2114 1663 usque
2179 1598 2308 1663 quo
2377 1580 2682 1648 doctrina

578 1683 953 1745 sanctorum
1028 1679 1310 1760 accedat,
1379 1679 1494 1765 qui
1561 1679 1800 1745 docent
1865 1679 2332 1765 praedicantem
2393 1684 2679 1768 gratiam

578 1778 869 1866 Spiritus
916 1779 1145 1847 Sancti
1191 1781 1263 1845 in
1307 1781 1721 1867 prothemate
1781 1780 2130 1867 implorare
2176 1787 2246 1847 et
2288 1802 2410 1868 pro
2453 1804 2524 1849 se
2538 1784 2566 1822 ⁹
2611 1791 2681 1852 et

577 1902 697 1967 pro
740 1883 998 1969 populo,
1046 1888 1116 1948 et
1157 1882 1527 1968 lachrymas
1572 1882 1848 1947 devotas
1891 1882 1966 1947 in
2009 1881 2176 1949 serie
2237 1886 2680 1969 persuasionis

577 1981 913 2050 effundere
986 1984 1422 2051 abundanter.
1576 1982 1757 2049 Nam
1829 1984 1924 2050 sic
1997 1984 2189 2049 docet
2261 1982 2678 2071 Augustinus

574 2084 853 2152 formam
914 2087 1405 2173 praedicationis
1450 2085 1886 2173 Evangelicoe,
1934 2086 2009 2150 in
2051 2088 2292 2171 quarto
2350 2086 2521 2154 libro
2573 2090 2676 2157 De

574 2188 893 2254 Doctrina.
923 2188 1316 2256 Christiana.
1407 2188 1499 2254 Et
1527 2188 1621 2253 sic
1662 2187 1942 2274 ipsemet
1987 2209 2058 2253 se
2099 2186 2482 2275 praedicasse
2525 2214 2678 2258 con-

572 2290 816 2356 fitetur.
909 2290 1045 2357 Hic
1086 2291 1297 2377 igitur
1338 2289 1682 2356 invenitur
1724 2289 2059 2376 persuasio
2101 2290 2268 2376 legis
2312 2292 2671 2373 credendae,

573 2391 653 2456 de
702 2413 834 2478 qua
874 2392 951 2459 in
996 2399 1235 2479 quarta
1296 2396 1487 2480 parte
1544 2390 1816 2457 Moralis
1881 2391 2320 2479 Philosophiae
2381 2394 2672 2461 disserui.

575 2492 665 2559 Et
705 2494 814 2560 hic
858 2495 1163 2561 similiter
1206 2486 1505 2561 consistit
1569 2493 1900 2579 persuasio
1961 2494 2124 2581 legis
2176 2497 2324 2583 jain
2388 2499 2672 2580 creditae,

572 2599 651 2659 ut
693 2596 1051 2663 secundum
1096 2608 1241 2662 eam
1286 2600 1467 2661 recta
1516 2594 1649 2660 fide
1704 2600 1775 2661 et
1829 2596 2122 2662 moribus
2165 2599 2456 2678 vivatur,
2502 2602 2674 2666 sicut

572 2698 859 2784 expressi
922 2698 997 2763 in
1060 2699 1297 2785 quinta
1360 2702 1549 2784 parte
1614 2695 1791 2761 illius
1854 2695 2178 2766 Scientiae.
2274 2702 2408 2767 Sed
2449 2701 2546 2768 ibi
2599 2703 2672 2767 in

572 2797 929 2866 universali
994 2805 1065 2865 et
1107 2800 1359 2865 radices
1419 2797 1661 2886 tetigi3
1722 2798 1954 2864 modos
2019 2822 2176 2866 vero
2244 2803 2674 2891 particulares

572 2902 755 2986 posui
804 2924 923 2989 pro
966 2923 1211 2990 magna
1254 2907 1442 2988 parte
1505 2901 1588 2966 de
1649 2900 1828 2966 facto
1889 2901 1962 2966 in
2024 2905 2240 2990 prima
2301 2911 2488 2993 parte
2550 2927 2670 2993 pro

570 3004 726 3069 fidei
768 3005 1083 3083 articulis,
1129 3009 1199 3070 et
1242 3005 1315 3068 in
1361 3003 1565 3068 tertia
1607 3023 1727 3089 pro
1771 3002 2080 3070 moribus.
2155 3006 2332 3071 Nam
2387 3007 2674 3092 qualiter

569 3106 913 3193 contingat
978 3106 1365 3193 persuadere
1411 3105 1493 3170 de
1539 3102 1794 3170 divitiis
1839 3105 2131 3171 vitandis
2189 3112 2258 3173 et
2303 3107 2670 3174 virtutibus

569 3209 967 3294 exequendis
994 3208 1341 3273 manifeste
1370 3205 1698 3293 explicavi
1728 3227 1846 3292 per
1873 3206 2076 3272 libros
2105 3208 2370 3276 Senecoe
2401 3209 2504 3276 De
2537 3210 2670 3291 Ira,

569 3312 638 3373 et
681 3311 755 3374 in
799 3310 945 3374 aliis
989 3309 1275 3396 optimis,
1306 3308 1379 3372 in
1418 3306 1661 3393 quibus
1694 3307 2132 3374 inveniuntur
2167 3311 2256 3375 ad
2290 3310 2530 3376 vitium
2562 3311 2668 3376 vel

565 3411 885 3478 virtutem
914 3411 1097 3477 modi
1126 3411 1437 3498 speciales
1466 3408 1908 3497 persuadendi
1935 3431 1953 3489 ;
1997 3431 2174 3476 nunc
2211 3432 2330 3498 per
2365 3411 2668 3498 exempla

568 3534 957 3599 magnorum
1022 3512 1419 3600 sapientum,
1488 3532 1664 3576 nunc
1725 3531 1845 3597 per
1915 3512 2223 3590 rationes,
2301 3534 2478 3578 nunc
2551 3535 2670 3599 per

567 3615 1013 3694 auctoritates,
1057 3635 1236 3680 nunc
1278 3636 1395 3700 per
1456 3612 1928 3679 similitudines
1986 3619 2286 3700 sumptas
2329 3637 2411 3680 ex
2471 3614 2668 3680 rebus

565 3716 979 3782 naturalibus
1020 3721 1092 3781 et
1134 3716 1302 3797 aliis,
1345 3715 1445 3781 ita
1488 3715 1667 3800 quod
1710 3715 1932 3780 nullus
1991 3720 2092 3780 est
2149 3717 2246 3781 ita
2289 3717 2549 3803 sapiens
2592 3716 2660 3780 in

566 3819 691 3885 hoc
732 3819 983 3885 mundo
1050 3819 1214 3906 quin
1276 3817 1489 3904 possit
1532 3816 1763 3882 mirari
1808 3817 1890 3882 de
1933 3821 2130 3884 tanta
2192 3817 2480 3884 efficacia
2523 3841 2668 3905 per-

564 3921 901 3987 suadendi.
991 3919 1157 4000 Quae
1203 3921 1285 3985 de
1329 3919 1431 3984 ira
1476 3919 1703 4005 scripsi
1746 3920 1946 4006 plana
1988 3925 2164 4000 sunt,
2210 3920 2368 4006 quia
2411 3923 2666 3986 correxi

566 4023 683 4088 illa
756 4027 827 4089 et
887 4023 1163 4110 signavi.
1300 4021 1456 4086 Alia
1518 4042 1677 4086 vero
1744 4043 1892 4107 quae
1965 4026 2334 4108 sequuntur
2393 4043 2528 4088 non
2567 4023 2668 4089 ita

566 4131 817 4213 patent,
862 4125 1025 4212 quia
1066 4146 1203 4190 non
1263 4129 1423 4190 sunt
1484 4127 1776 4189 correcta
1840 4144 1960 4189 nec
2025 4125 2330 4212 signata3
2397 4129 2668 4212 propter

566 4229 741 4313 quod
814 4227 1011 4292 modo
1086 4227 1284 4292 mitto
1352 4226 1691 4311 exemplar
1780 4231 2187 4307 correctum3
2278 4231 2348 4292 et
2419 4227 2666 4312 poterit

562 4335 785 4396 vestra
825 4330 1177 4395 beatitudo
1218 4328 1445 4394 videre
1508 4334 1650 4392 tam
1711 4328 2010 4415 proprios
2069 4328 2300 4393 modos
2343 4329 2666 4414 arguendi

564 4434 645 4498 de
690 4453 911 4498 amore
952 4431 1227 4497 virtutis
1287 4429 1455 4496 talis
1505 4433 1577 4495 et
1649 4429 1822 4506 talis,
1888 4429 1998 4494 vel
2043 4429 2124 4494 de
2167 4429 2438 4495 horrore
2500 4429 2661 4494 viti-

627 4777 642 4808 ¹
665 4777 869 4845 divine]
906 4793 1005 4830 om.
1030 4775 1092 4830 T.
1589 4777 1601 4845 Ι
1732 4779 1753 4808 ²
1759 4792 1858 4844 pro
1877 4774 1956 4842 ee]
1993 4789 2092 4826 om.
2117 4771 2179 4826 Τ.
2214 4831 2226 4844 ,

736 4875 888 4925 v01..
936 4875 981 4924 1.
2341 4867 2394 4920 U
