3517 5750
556 842 679 929 1.1.]
1342 858 1515 909 orus
1560 860 1888 911 TERTIUM.
2518 850 2649 917 193

549 1031 720 1096 sicut
767 1032 953 1117 prius
1001 1030 1257 1098 dictum
1287 1040 1387 1099 est
1417 1032 1499 1097 de
1548 1032 1924 1099 substantia
1971 1034 2304 1121 spirituali
2357 1042 2656 1123 respectu

548 1131 888 1199 distantiae
950 1133 1341 1220 corporalis3
1425 1140 1754 1220 quantum
1815 1136 1991 1201 enim
2067 1137 2150 1202 ad
2209 1137 2392 1203 illam
2473 1138 2658 1203 nulla

548 1236 865 1301 distantia
911 1236 1263 1322 corporalis
1314 1236 1533 1302 notari
1581 1242 1821 1323 potest,
1875 1238 2036 1323 quia
2084 1260 2222 1304 non
2251 1244 2353 1305 est
2398 1261 2658 1326 compa-

546 1338 718 1404 ratio
770 1337 1045 1424 spiritus
1102 1338 1191 1403 ad
1238 1336 1612 1422 hujusmodi
1672 1338 2109 1419 distantiam3
2183 1341 2487 1407 similiter
2559 1347 2661 1407 est

548 1439 693 1519 hic;
762 1445 1085 1527 quantum
1134 1440 1313 1505 enim
1370 1441 1458 1505 ad
1504 1440 1898 1507 distantiam
1967 1446 2036 1508 et
2103 1442 2361 1509 fluxum
2407 1450 2663 1531 tempo-

547 1542 771 1620 ralem,
816 1564 954 1606 non
1010 1541 1215 1607 habet
1262 1542 1818 1627 comparationem
1866 1544 2195 1631 aliquam;
2243 1551 2313 1610 et
2365 1545 2515 1611 ideo
2559 1546 2664 1612 in-

550 1642 773 1709 finitas
819 1643 1187 1709 durationis
1256 1643 1657 1729 temporalis,
1708 1665 1862 1732 quse
1910 1645 2018 1711 hic
2070 1645 2494 1733 imaginatur,
2551 1650 2664 1714 cui·

552 1766 805 1831 semper
877 1766 1164 1831 praesens
1216 1750 1319 1811 est
1380 1764 1618 1825 aevum,
1678 1769 1817 1812 non
1889 1748 2088 1814 debet
2161 1750 2428 1827 notari3
2505 1751 2662 1836 quia

551 1868 765 1913 aevum
810 1848 1065 1913 nullam
1105 1847 1307 1913 habet
1336 1849 1895 1933 comparationem
1929 1849 2016 1915 ad
2069 1871 2236 1930 eam,
2282 1850 2456 1917 sicut
2470 1850 2490 1888 ¹
2539 1873 2662 1917 nec

553 1948 819 2033 spiritus
864 1948 950 2014 ad
978 1949 1369 2015 distantiam
1416 1950 1836 2035 corporalem.
1929 1950 2132 2017 Unde
2171 1952 2344 2018 sicut
2391 1953 2662 2039 spiritus

554 2072 836 2135 praesens
886 2050 1006 2115 uni
1053 2051 1193 2117 loco
1240 2072 1378 2115 non
1422 2050 1613 2117 abest
1658 2052 1873 2132 alteri,
1921 2053 2081 2139 quia
2125 2053 2446 2119 distantia
2487 2055 2666 2119 inter

553 2151 670 2217 illa
716 2152 859 2217 loca
908 2173 1045 2217 non
1096 2152 1300 2218 habet
1346 2153 1902 2240 comparationem
1947 2154 2034 2219 ad
2085 2154 2410 2240 spiritum,
2457 2156 2664 2221 etiam

552 2253 609 2317 si
638 2258 809 2319 esset
836 2253 1121 2334 infinita,
1151 2260 1231 2321 ut
1260 2255 1441 2341 prius
1471 2254 1725 2321 dictum
1755 2261 1892 2337 est3
1923 2256 2018 2322 sic
2060 2262 2162 2321 est
2192 2255 2314 2322 hic.
2383 2256 2474 2323 Et
2517 2257 2666 2324 ideo

554 2366 1133 2443 quantumcunque
1174 2357 1613 2423 extendamus
1643 2360 1907 2444 tempus
1938 2358 2010 2422 in
2040 2356 2400 2440 infinitum,
2445 2382 2665 2427 aevum
2749 2388 2758 2399 ·

556 2480 809 2545 semper
853 2460 1423 2540 concomitabitur,
1476 2464 1547 2525 et
1600 2480 1886 2547 praesens
1947 2461 2075 2527 erit
2121 2462 2304 2525 omni
2354 2463 2665 2548 praesenti

555 2561 852 2646 tempori,
906 2566 979 2627 et
1028 2582 1165 2627 non
1212 2561 1425 2628 aberit
1468 2560 1686 2641 alicui,
1732 2566 1804 2628 et
1849 2568 2075 2628 tamen
2122 2584 2260 2628 non
2310 2562 2515 2630 habet
2562 2564 2666 2628 in·

555 2662 881 2727 finitatem
944 2663 1147 2743 illam,
1192 2664 1353 2749 quia
1402 2663 1659 2729 fluxum
1704 2665 2022 2751 temporis
2073 2686 2208 2730 non
2262 2666 2484 2743 habet,
2544 2687 2664 2733 nec

555 2764 1131 2851 comparationem⁹
1175 2765 1261 2831 ad
1309 2762 1513 2846 eum,³
1562 2765 1735 2832 sicut
1782 2788 1902 2833 nec
1954 2767 2225 2853 spiritus
2277 2768 2363 2835 ad
2416 2768 2666 2837 distan-

556 2866 721 2933 tiam
767 2867 1181 2954 corporalem.

649 2969 721 3034 Si
753 2969 1029 3050 dicatur,
1058 2973 1179 3036 aut
1208 2979 1307 3037 est
1338 2969 1603 3036 duratio
1650 2971 1782 3038 aevi
1827 2971 2022 3040 finita
2064 2979 2186 3040 aut
2233 2973 2538 3054 infinita;
2607 2974 2666 3041 si
2690 2983 2941 3062 Differ-ent

558 3071 841 3151 infinita,
919 3077 1077 3138 tunc
1143 3072 1441 3158 sequitur
1515 3073 1693 3138 idem
1768 3075 1946 3159 quod
2021 3076 2242 3162 prius3
2321 3077 2379 3142 ei
2454 3077 2661 3154 finita,
2688 3065 2986 3168 ξξᾞξῖξξ,

556 3179 717 3239 tunc
760 3174 961 3240 finem
1013 3173 1233 3252 habet,
1284 3178 1353 3240 et
1393 3169 1695 3256 cessabit,
1738 3175 1918 3261 quod
1956 3177 2198 3243 falsum
2227 3184 2367 3246 eet:
2445 3179 2664 3246 dicen·
2689 3183 2834 3235 nitet
2947 3247 2958 3260 ‚

560 3276 719 3340 dum
786 3279 905 3352 est,
954 3277 1133 3362 quod
1198 3275 1559 3356 infinitum,
1608 3282 1686 3342 ut
1746 3278 2144 3344 Aristoteles
2211 3279 2403 3345 docet
2467 3281 2665 3346 tertio
2687 3248 2989 3366 ὲζᾷῗᾷἓζ

560 3376 1042 3463 Physicorum,⁴
1092 3384 1197 3444 est
1262 3379 1493 3444 multis
1558 3379 1814 3445 modis:
1905 3395 2040 3445 uno
2106 3381 2302 3446 modo
2376 3387 2478 3447 est
2549 3403 2667 3468 per
2687 3382 2814 3434 sion.

558 3479 1015 3546 extensionem
1059 3481 1531 3566 quantitivam,
1608 3481 1749 3546 sive
1816 3481 1888 3546 in
1958 3482 2379 3568 longitudine
2443 3484 2664 3569 spatii,

557 3581 695 3646 sive
762 3581 837 3646 in
902 3582 1318 3668 longitudine
1387 3581 1774 3660 durationis,
1839 3583 2202 3649 secundum
2258 3588 2480 3670 partes
2539 3585 2668 3651 sibi

554 3683 841 3749 invicem
908 3684 1289 3764 ordinatas3
1364 3688 1436 3749 et
1496 3685 1589 3750 sic
1655 3684 1995 3751 infinitum
2040 3707 2176 3752 non
2237 3692 2460 3774 potest
2526 3709 2666 3754 esse

554 3785 766 3860 simul,
814 3805 934 3850 nec
976 3785 1135 3865 1000,
1182 3807 1307 3852 nec
1350 3784 1715 3852 duratione.
1812 3787 1903 3853 Et
1945 3788 2070 3854 hoc
2113 3795 2216 3854 est
2260 3783 2524 3876 proprie
2555 3791 2658 3856 in-

559 3885 828 3952 finitum
894 3887 977 3952 de
1042 3907 1173 3972 quo
1235 3887 1534 3972 loquitur
1595 3887 2042 3976 philosophus,
2089 3894 2160 3956 et
2204 3892 2382 3977 quod
2429 3897 2532 3958 est
2591 3894 2662 3958 in

556 3989 887 4054 communi
930 4009 1227 4054 sermone
1270 3993 1515 4067 nostru,
1563 3990 1671 4054 cui
1733 3991 2090 4076 opponitur
2151 3993 2440 4074 finitum,
2486 3995 2663 4082 quod

559 4096 659 4156 est
724 4096 1045 4176 quantum
1113 4096 1463 4156 extensum
1508 4091 1688 4157 inter
1732 4091 1898 4157 duos
1965 4095 2304 4176 terminOS,
2375 4099 2455 4162 ut
2516 4119 2660 4182 spa-

558 4193 729 4258 tium
804 4193 1052 4278 pedale,
1128 4193 1237 4258 vel
1308 4192 1473 4258 hora
1545 4191 1680 4258 diei
1754 4198 1877 4258 aut
1953 4195 2110 4273 dies,
2175 4203 2246 4262 et
2321 4198 2664 4282 quodlibet

558 4294 909 4360 consimile.
1014 4293 1107 4359 Et
1149 4294 1241 4360 sic
1286 4294 1579 4359 sumitur
1640 4293 1984 4360 infinitum
2029 4319 2147 4383 per
2213 4298 2660 4384 privationem

561 4395 993 4461 terminorum
1023 4421 1040 4477 ;
1086 4400 1156 4462 et
1198 4395 1290 4463 sic
1334 4417 1470 4462 non
1514 4401 1615 4462 est
1659 4417 1880 4462 aevum
1925 4396 2280 4465 infinitum.

628 4670 642 4700 ¹
677 4667 830 4734 sicut]
868 4667 957 4731 sic,
990 4669 1051 4721 B.
1730 4674 1751 4704 ⁸
1783 4671 1914 4738 eum]
1949 4687 2131 4734 avum.
2163 4671 2225 4725 B.

628 4749 649 4778 ²
679 4748 1103 4816 conparationem]
1129 4748 1519 4816 proportionem,
1535 4750 1596 4802 B·
1734 4753 1755 4784 ⁴
1775 4749 2120 4820 flag-vicorum]
2148 4767 2255 4818 cap.
2279 4767 2326 4805 v.
2349 4749 2418 4807 vi.

743 4843 894 4893 VOL.
941 4843 985 4894 Ῑ.
2346 4850 2395 4898 N
