3517 5750
553 864 723 953 ιη]
1329 860 1507 931 01>th
1548 880 1876 933 'mamm
2530 866 2608 929 21
2621 868 2658 929 -l

546 1054 997 1140 dispositionis
1059 1054 1343 1121 coelestis
1385 1055 1457 1121 in
1501 1056 1827 1143 principio
1889 1055 2142 1135 mundi,
2205 1058 2278 1123 et
2339 1054 2454 1123 alii
2517 1054 2664 1123 aliis

546 1158 776 1239 causis,
820 1162 903 1223 ut
944 1156 1141 1245 tetigi
1188 1158 1261 1225 in
1306 1158 1525 1246 Opere
1571 1157 1830 1245 Majori.

640 1262 971 1343 Quartum
1014 1265 1239 1327 autem
1308 1256 1447 1326 est'
1520 1262 1603 1327 de
1664 1267 1960 1348 tempore
2006 1258 2309 1327 Diluvii:
2365 1280 2524 1328 nam
2591 1260 2664 1327 in
2687 1276 2838 1331 Time
2859 1278 2922 1331 of

546 1366 831 1432 veritate
872 1363 1005 1429 fuit
1048 1364 1123 1429 in
1187 1362 1572 1442 Novembri,
1641 1363 1712 1427 in
1776 1362 2064 1428 secundo
2142 1383 2384 1444 mense,
2433 1386 2662 1431 secun-
2686 1348 2774 1399 ‘¹¹⁸
2805 1348 3000 1417 deluge.

551 1469 711 1533 dum
800 1466 1097 1533 ordinem
1164 1466 1483 1552 temporis
1548 1465 1964 1546 naturalem;
2053 1467 2232 1551 quod
2295 1471 2399 1533 est
2466 1469 2664 1534 valde

553 1570 1113 1638 considerandum.
1249 1568 1317 1634 N
1319 1589 1429 1635 em
1491 1568 1617 1634 hoc
1678 1567 1873 1654 plane
1941 1566 2103 1635 dicit
2189 1568 2238 1635 J
2239 1568 2520 1657 osephus
2592 1572 2665 1635 in

552 1674 767 1761 primo
810 1672 1335 1759 Antiquitatum.
1412 1668 1747 1739 Caeterum
1795 1668 2156 1756 Scriptura,
2187 1675 2268 1738 ut
2311 1672 2665 1759 probatum

554 1782 675 1857 est,
721 1776 961 1863 accipit
1026 1774 1185 1839 anni
1251 1773 1651 1861 principium
1734 1771 1810 1837 in
1894 1772 2204 1839 omnibus
2267 1776 2448 1862 apud
2538 1775 2666 1843 Oc-

552 1880 829 1957 tobrem,
873 1880 1315 1965 praeterquam
1360 1876 1435 1941 in
1500 1875 1667 1941 serie
1710 1874 2072 1941 festorum:
2151 1898 2310 1965 ergo
2398 1884 2662 1967 oportet

554 1983 733 2069 quod
775 1980 1124 2047 Diluvium
1146 1980 1175 2017 ²
1218 1978 1423 2045 fuerit
1463 1979 1536 2043 in
1582 1976 1967 2045 Novembri.
2059 1978 2196 2045 Sed
2225 1978 2547 2069 Magister
2591 1983 2664 2047 in

560 2084 876 2151 Historiis
934 2082 1043 2149 hic
1100 2082 1393 2168 turpiter
1439 2081 1709 2162 erravit,
1756 2100 1895 2145 non
1949 2080 2164 2147 solum
2209 2088 2480 2171 propter
2523 2084 2664 2165 hoc,

555 2186 733 2272 quod
776 2186 849 2251 in
920 2183 1101 2249 Maio
1162 2184 1329 2249 dicit
1395 2182 1747 2249 Diluvium
1823 2181 2044 2264 fuisse,
2109 2184 2260 2249 sed³
2311 2187 2470 2275 quie
2511 2186 2665 2253 vilis

554 2288 933 2376 ignorantia
996 2285 1345 2353 nominum
1402 2284 1730 2351 mensium
1799 2286 2162 2351 secundum
2227 2286 2552 2355 Hebraeos
2595 2294 2665 2355 et

558 2391 821 2457 Graecos
865 2390 1067 2457 duxit
1109 2410 1264 2455 eum
1306 2388 1381 2455 in
1425 2409 1731 2455 errorem.
1868 2388 1939 2454 N
1939 2410 2048 2454 am
2101 2389 2150 2456 J
2152 2391 2470 2477 osephum
2513 2393 2660 2459 imi-

554 2499 753 2573 tatus,
802 2514 939 2557 non
1003 2491 1342 2559 intellexit
1406 2492 1679 2558 nomina
1739 2490 2034 2559 Hebraea
2075 2496 2146 2559 et
2201 2492 2446 2574 Graeca,
2493 2494 2666 2561 sicut

556 2596 749 2663 docui
794 2597 867 2661 in
912 2594 1127 2681 Opere
1174 2594 1451 2680 Msj0ri:
1519 2594 1832 2681 quoniam
1893 2594 2176 2663 credidit
2221 2597 2398 2682 quod
2445 2597 2662 2663 Maius

558 2704 907 2765 vocaretur
966 2696 1087 2762 illo
1147 2696 1415 2762 nomine
1467 2697 1645 2783 quod
1708 2697 2080 2764 Novembri
2136 2698 2337 2765 datur
2401 2700 2474 2765 in
2526 2700 2666 2766 He-

558 2803 735 2869 bmo
779 2805 848 2866 et
894 2800 1167 2882 Graeco;
1212 2804 1283 2866 et
1326 2799 1419 2866 sic
1436 2798 1463 2837 ⁴
1508 2800 1820 2888 deceptus
1863 2796 2010 2867 est.⁵
2117 2800 2218 2867 Et
2259 2802 2408 2869 ideo
2452 2804 2666 2892 glossa

558 2905 973 2994 magistralis,
1042 2925 1193 2991 quse
1238 2903 1543 2970 similiter
1585 2903 1659 2969 in
1717 2905 1842 2970 hoc
1905 2903 2048 2970 loco
2091 2907 2316 2971 textus
2378 2907 2668 2993 ponitur,

558 3011 807 3076 nullius
833 3007 1255 3074 auctoritatis
1283 3010 1387 3073 est
1414 3031 1431 3088 3
1477 3006 1637 3091 quia
1650 3003 1677 3042 ⁰
1704 3005 1948 3072 falsum
1979 3007 2144 3073 dicit
2171 3007 2554 3090 manifest03
2597 3015 2668 3074 et

552 3111 853 3199 deceptio
880 3110 1065 3176 illius
1093 3108 1472 3196 glossatoris
1503 3106 1637 3178 fuit
1679 3109 1855 3175 sicut
1897 3109 2202 3197 magistri
2236 3111 2312 3176 in
2356 3112 2664 3180 historiis,

646 3215 975 3296 Quintum
1019 3213 1129 3278 hic
1171 3211 1717 3278 considerandum
1763 3211 2122 3299 diligenter
2181 3218 2286 3280 est
2343 3215 2426 3280 de
2485 3215 2667 3302 prin-

556 3317 729 3405 cipio
773 3317 907 3382 diei
951 3315 1321 3396 naturalis3
1365 3335 1524 3380 nem
1567 3313 1812 3402 vulgus
1857 3315 2316 3403 theologorum
2375 3316 2666 3384 aestimat
2683 3333 2976 3400 Regianing

554 3420 734 3507 quod
778 3420 923 3486 dies
962 3417 1333 3484 artificialis
1373 3417 1711 3505 praecessit
1752 3421 2034 3496 noctem,
2081 3421 2152 3483 et
2194 3418 2316 3484 lux
2358 3418 2664 3486 tenebras

556 3523 629 3586 in
674 3520 1001 3608 principio
1044 3519 1297 3586 mundi.
1406 3518 1541 3585 Sed
1584 3519 1768 3586 istud
1808 3523 1999 3606 patet
2037 3517 2282 3584 falsum
2342 3541 2480 3585 esse
2547 3543 2664 3609 per

561 3624 1047 3710 Hieronymum
1106 3643 1305 3710 super
1350 3622 1399 3688 J
1403 3643 1599 3687 onam
1660 3625 1731 3688 et
1799 3641 1995 3708 super
2061 3621 2462 3689 Matthaeum
2485 3622 2534 3702 3⁷
2593 3630 2663 3691 et

555 3749 674 3814 per
716 3726 859 3807 hoc,
904 3726 1083 3814 quod
1126 3726 1491 3792 secundum
1534 3725 1745 3812 legem
1790 3725 1877 3790 ab
1922 3746 2154 3792 occasu
2197 3725 2354 3792 solis
2397 3727 2666 3816 incipie-

557 3829 679 3894 bat
737 3829 919 3910 dies;
994 3833 1063 3896 et
1130 3828 1381 3896 tabulae
1449 3827 1894 3894 Hebraeorum
1969 3828 2428 3898 astronomicae
2471 3830 2664 3898 factae

556 3935 716 3997 sunt
776 3933 865 3998 ab
918 3953 1147 3998 occasu
1216 3929 1390 3998 solis.
1482 3929 1575 3996 Et
1635 3929 1685 3996 J
1687 3931 1862 3996 udaei
1925 3931 2345 4000 considerant
2401 3939 2666 4022 tempus

552 4035 797 4101 lunare.
890 4035 983 4100 Et
1055 4033 1233 4122 apud
1307 4053 1533 4099 omnes
1605 4034 1908 4100 nationes
1979 4035 2466 4104 considerantes
2543 4038 2665 4104 hoc

554 4141 836 4225 tempus,
884 4136 1025 4204 dies
1068 4135 1401 4202 naturalis
1446 4135 1687 4222 incipit
1730 4137 1819 4204 ab
1863 4159 2098 4206 occasu
2143 4139 2318 4220 solis,
2361 4144 2442 4206 ut
2500 4139 2664 4206 dicit

556 4237 1009 4326 Alfi-aganus?
1098 4239 1190 4306 Et
1234 4243 1465 4306 textus
1509 4238 1674 4304 dicit
1723 4261 1982 4327 semper
2031 4243 2214 4329 quod
2259 4241 2510 4308 factum
2563 4248 2665 4310 est

626 4463 639 4492 ¹
665 4461 763 4527 est]
801 4475 899 4512 om.
924 4459 987 4512 Τ.
1726 4461 1747 4490 ⁶
1768 4462 1913 4528 quia]
1951 4463 2202 4528 quoniam,
2229 4464 2290 4514 T.

620 4542 642 4571 ²
662 4538 947 4606 Diluvium]
973 4555 1071 4591 om.
1096 4540 1158 4592 T.
1226 4538 1403 4606 Antiq.
1436 4540 1556 4591 ibid.
1728 4539 1747 4567 '³
1769 4538 2088 4607 Matthoetm]
2161 4539 2215 4590 in
2265 4541 2452 4593 Jonam
2490 4541 2542 4594 ii.
2587 4547 2618 4594 2
2645 4562 2660 4606 ς

620 4622 641 4650 ⁸
661 4619 771 4686 sed]
808 4635 907 4671 om.
932 4620 996 4672 T.
1661 4617 1786 4668 Mat.
1811 4617 1903 4669 xii.
1927 4625 2008 4671 40.

624 4701 645 4729 ⁴
666 4700 769 4766 sic]
805 4699 917 4761 fuit,
938 4699 1001 4749 T.
1722 4699 1745 4728 ⁸
1766 4697 2101 4766 Alfi-aynan]
2148 4699 2452 4766 chronolog.
2495 4717 2588 4767 cap
2630 4703 2662 4754 i.

626 4779 647 4808 ⁸
668 4777 765 4845 est]
803 4795 901 4830 om.
946 4779 1008 4830 Τ.
1658 4777 1894 4830 Francos.
1925 4784 2066 4830 1590.

2257 4875 2391 4938 02

2685 3401 2746 3450 of
2757 3401 2842 3451 the
2865 3417 2956 3452 na-

2683 3468 2814 3518 tural
2835 3469 2949 3533 day.
