3517 5750
604 850 801 939 Lxx]
1373 864 1551 915 orus
1610 866 1938 918 mmmm,
2572 855 2701 918 285

600 1046 701 1107 est
746 1040 1053 1128 possibile
1120 1046 1202 1107 ut
1242 1041 1423 1107 aliud
1484 1046 1745 1129 tempus
1791 1042 1912 1108 hoc
1955 1042 2132 1108 idem
2176 1041 2397 1121 faciat,
2445 1044 2574 1109 nisi
2619 1044 2708 1112 sit

603 1146 664 1209 ei
730 1144 978 1231 aequale
1023 1143 1133 1211 vel
1195 1143 1560 1232 multiplex.
1654 1144 1788 1211 Sed
1851 1146 2074 1211 decem
2129 1150 2198 1211 et
2228 1167 2484 1212 =novem
2545 1146 2706 1211 anni

600 1246 973 1312 kalendarii
1015 1245 1227 1312 nostri
1270 1266 1406 1311 non
1436 1252 1792 1332 aequantur
1835 1248 2120 1335 triginta
2161 1248 2355 1314 annis
2391 1247 2705 1329 Arabum,

602 1371 725 1417 nec
785 1352 945 1415 sunt
1012 1349 1107 1414 eis
1168 1349 1359 1415 multi
1368 1348 1610 1435 plices3
1656 1349 1816 1435 quia
1875 1351 2163 1437 triginta
2208 1349 2508 1417 Arabum
2553 1373 2706 1417 con-

597 1453 819 1519 tinent
864 1452 1109 1539 viginti
1153 1472 1393 1517 novem
1438 1472 1647 1518 annos
1706 1452 1966 1530 solares,
2017 1458 2086 1519 et
2131 1474 2343 1518 unum
2386 1474 2699 1533 mensem,

602 1560 672 1622 et
745 1559 893 1622 octo
970 1554 1123 1621 dies.
1276 1554 1455 1643 Ergo
1528 1555 1934 1640 relinquitur
2021 1556 2199 1641 quod
2273 1556 2705 1623 novendecim

600 1657 760 1723 anni
834 1656 1075 1723 solares
1146 1678 1282 1722 non
1356 1661 1633 1743 possunt
1699 1656 1952 1744 aequari
2017 1679 2174 1725 vero
2227 1658 2410 1746 cyclo
2467 1660 2709 1747 prima-

600 1762 881 1839 tionum,
944 1782 1067 1826 nec
1132 1781 1249 1849 per
1320 1782 1721 1847 consequens
1795 1760 2230 1827 novendecim
2303 1762 2464 1827 anni
2539 1762 2708 1848 cycli

600 1862 1159 1942 decennovenalis,
1221 1866 1291 1929 et
1333 1861 1485 1929 ideo
1530 1862 1751 1950 cyclus
1819 1862 2366 1931 decennovenalis
2425 1885 2559 1931 non
2605 1870 2706 1931 est

598 1988 795 2033 verus
838 1962 1062 2054 cyclus
1104 1965 1591 2053 primationum.

690 2068 1021 2135 Praeterea
1092 2067 1276 2135 istud
1334 2072 1556 2155 potest
1632 2067 1844 2155 magis
1917 2066 1993 2133 in
2049 2068 2434 2157 particulari
2493 2070 2704 2136 mani-

598 2172 847 2253 festari,
912 2176 992 2238 ut
1066 2176 1431 2259 appareant
1493 2170 2032 2237 inconvenientia
2103 2170 2288 2258 prius
2345 2173 2700 2239 nominata.
2744 2203 2758 2217 ·

600 2274 779 2339 Nam
826 2273 1069 2360 singuli
1100 2272 1529 2339 novendecim
1576 2272 1735 2337 anni
1783 2272 2022 2339 solares
2053 2294 2181 2339 non
2233 2280 2390 2341 sunt
2421 2276 2704 2361 aequales

600 2377 687 2443 ad
754 2376 1083 2455 invicem3
1152 2398 1229 2443 eo
1274 2375 1451 2462 quod
1498 2376 1569 2441 in
1614 2376 1827 2462 primo
1889 2382 2048 2441 sunt
2107 2380 2375 2443 tantum
2421 2383 2707 2463 quatuor
2803 2428 2818 2441 .

600 2478 941 2545 bisextiles
984 2479 1161 2559 anni,
1211 2484 1281 2545 et
1323 2480 1397 2543 in
1440 2477 1591 2543 aliis
1634 2478 1852 2544 tribus
1878 2476 1898 2513 ¹
1948 2481 2108 2544 sunt
2153 2480 2480 2565 quinque:
2549 2482 2706 2567 quia

600 2586 877 2667 quartus
922 2603 1135 2647 annus
1185 2582 1259 2647 in
1303 2580 1516 2668 primo
1559 2580 1741 2666 cyclo
1786 2580 2118 2647 bisextilis
2163 2586 2283 2663 est,
2315 2585 2385 2647 et
2414 2587 2705 2665 octavus,

598 2689 668 2751 et
733 2684 1171 2761 duodecimus,
1218 2688 1289 2750 et
1355 2687 1585 2747 sextus
1646 2682 1956 2761 decimus,
2037 2704 2114 2748 eo
2191 2683 2369 2771 quod
2434 2692 2707 2772 quartus

598 2808 811 2851 annus
855 2785 947 2851 sit
990 2806 1246 2873 semper
1286 2784 1633 2851 bisextilis.
1754 2783 1848 2850 Et
1893 2784 2043 2850 ideo
2087 2785 2158 2850 in
2197 2788 2480 2853 secundo
2526 2789 2709 2875 cyclo

597 2891 849 2978 primus
910 2894 1013 2956 est
1071 2888 1419 2968 bisextilis,
1466 2891 1545 2954 et.
1580 2887 1673 2953 sic
1732 2889 2029 2966 ulterius,
2077 2887 2177 2953 ita
2238 2891 2416 2976 quod
2475 2891 2547 2955 in
2593 2891 2708 2956 illo

598 2997 755 3059 sunt
820 2993 1130 3079 quinque,
1179 2995 1257 3057 ut
1323 2995 1509 3078 patet
1576 2990 2034 3057 consideranti.
2129 2991 2223 3056 Et
2268 2992 2576 3060 similiter
2632 2995 2704 3060 in

597 3093 853 3161 duobus
914 3094 1061 3160 aliis
1087 3118 1105 3174 ;
1128 3093 1155 3130 ²
1200 3097 1269 3159 et
1313 3096 1475 3158 tunc
1519 3091 1764 3158 iterum
1825 3092 2001 3159 redit
2052 3094 2290 3180 cyclus,
2339 3096 2455 3181 qui
2497 3095 2703 3162 habet

596 3201 886 3285 quatuor
940 3195 1299 3274 bisextiles,
1363 3199 1435 3261 et
1500 3194 1999 3281 subsequuntur
2071 3199 2208 3262 tres
2275 3197 2394 3283 qui
2453 3196 2703 3264 habent

595 3299 909 3386 quinque,
955 3304 1025 3366 et
1067 3298 1160 3364 sic
1204 3317 1462 3384 semper
1506 3295 1714 3362 currit
1758 3296 1919 3362 ordo
1965 3297 2313 3383 cyclorum.

685 3402 949 3468 Primus
992 3405 1217 3468 autem
1263 3399 1487 3487 cyclus
1532 3419 1860 3465 annorum
1905 3399 2223 3464 solarium
2268 3401 2700 3468 novendecim

594 3503 796 3570 habet
842 3502 1109 3591 praecise
1168 3523 1290 3568 sex
1332 3501 1547 3568 millia
1589 3501 2037 3590 noningentos
2107 3502 2386 3588 triginta
2457 3523 2698 3570 novem

594 3609 747 3687 dies,
795 3611 865 3672 et
908 3605 982 3671 in
1040 3604 1173 3671 illis
1215 3603 1641 3692 assignantur
1700 3602 2003 3670 ducentae
2063 3603 2347 3691 triginta
2408 3605 2700 3692 quinque

593 3709 981 3776 lunationes.
1074 3706 1209 3774 Sed
1271 3707 1329 3772 si
1390 3704 2046 3792 multiplicaverimus
2115 3709 2375 3793 tempus
2426 3709 2700 3794 aequalis

592 3811 973 3890 lunationis,
1020 3809 1142 3876 hoc
1187 3814 1284 3876 est
1330 3809 1579 3897 viginti
1624 3829 1864 3876 novem
1885 3807 1912 3846 ⁸
1961 3809 2116 3887 dies,
2163 3810 2447 3897 triginta
2489 3833 2694 3876 unum

592 3914 869 3995 minuta,
917 3918 985 3979 et
1029 3911 1518 4000 quinquaginta
1584 3911 1885 3990 secunda,
1933 3911 2007 3977 in
2071 3911 2354 3980 ducenta
2415 3913 2702 4001 triginta

592 4018 901 4104 quinque,
942 4013 1360 4082 resultabunt
1390 4035 1508 4081 sex
1525 4014 1739 4080 millia
1790 4013 2190 4102 noningenti
2241 4015 2524 4102 triginta
2585 4038 2700 4083 no·

592 4141 745 4186 vem
792 4119 949 4200 dies,
1006 4123 1077 4184 et
1122 4117 1565 4204 quadraginta
1624 4116 1888 4183 minuta
1935 4122 2005 4183 et
2051 4117 2538 4205 quinquaginta
2600 4142 2699 4184 se-

590 4222 846 4304 cunda3
892 4243 1041 4308 quae
1070 4225 1228 4286 sunt
1256 4219 1403 4307 plus
1434 4241 1633 4305 quam
1667 4218 1816 4285 duae
1845 4220 2064 4286 tertiae
2093 4221 2292 4286 unius
2323 4221 2471 4287 diei.
2520 4220 2698 4302 Qua-

589 4331 859 4412 propter
902 4322 1241 4410 completis
1272 4322 1696 4388 novendecim
1729 4321 1940 4401 annis,
1986 4322 2386 4388 habentibus
2431 4328 2693 4389 tantum

592 4433 877 4514 quatuor
921 4426 1061 4492 dies
1104 4424 1460 4504 bisextiles,
1491 4423 1788 4491 nondum
1823 4424 2164 4510 completae
2207 4429 2366 4490 sunt
2395 4424 2696 4490 ducentae

589 4530 872 4616 triginta
905 4529 1197 4615 quinque
1239 4527 1633 4606 lunationes,
1682 4527 1797 4592 sed
1841 4527 2083 4592 desunt
2125 4527 2220 4590 eis
2251 4525 2697 4613 quadraginta

656 4757 673 4788 ¹
696 4755 878 4824 tribue]
915 4772 1014 4808 om.
1036 4755 1096 4806 Β.
1760 4751 1782 4782 ⁸
1799 4751 1975 4818 οἰςὶιιεί
2009 4751 2201 4819 novem]
2247 4749 2459 4818 triginta
2493 4768 2692 4815 novem,

664 4833 878 4887 'duobus
898 4835 1041 4902 aaa]
1078 4833 1191 4886 aliis
1212 4833 1430 4916 duobus,-
1443 4830 1507 4883 B.
1696 4845 1800 4885 cor.
1835 4829 1896 4882 B.
1921 4830 2026 4899 (ἓ).
