3517 5750
577 848 849 937 um]
1367 862 1545 915 orus
1587 862 1918 917 πιιτιιιιι.
2550 855 2682 923 303

578 1040 881 1107 omnibus
924 1036 1353 1129 ‘sapientibus
1419 1042 1491 1107 in
1556 1041 1679 1107 hae
1731 1044 1889 1108 arte.
2015 1040 2245 1109 Sancti
2311 1043 2504 1123 enim,
2565 1046 2682 1131 qui

576 1143 788 1231 primo
830 1143 1144 1223 feserunt,
1193 1148 1271 1208 ut
1313 1143 1546 1210 beatus
1575 1142 1980 1225 Ambrosius,
2014 1150 2085 1211 et
2129 1145 2562 1233 Augustinus,
2611 1154 2682 1215 et

580 1246 781 1327 Beda,
822 1250 893 1312 et
936 1246 1069 1326 alii,
1118 1245 1365 1333 optime
1425 1253 1759 1313 noverunt
1815 1248 1992 1335 leges
2036 1251 2106 1315 et
2149 1249 2438 1315 rationes
2483 1250 2678 1317 metri

578 1353 647 1415 et
709 1347 1057 1437 rhythmi3
1128 1352 1201 1414 et
1272 1350 1627 1415 seeundum
1700 1350 1846 1415 vias
1919 1352 2082 1417 artis
2139 1351 2451 1431 fecerunt,
2529 1359 2679 1419 tan-

578 1472 776 1537 quam
828 1455 1227 1539 potestatem
1293 1451 1589 1519 scientias
1640 1453 1978 1535 habentes,
2047 1458 2116 1519 et
2179 1476 2314 1520 non
2377 1476 2420 1519 a
2481 1477 2636 1522 casu
2654 1456 2674 1494 ¹

578 1558 939 1643 operantes,
985 1554 1155 1623 siout
1199 1555 1517 1639 moderni,
1564 1556 1681 1642 qui
1723 1556 1994 1645 fingunt
2037 1556 2212 1643 quod
2255 1557 2510 1627 volunt.

1380 1814 1541 1946 Cui
1588 1874 1858 1945 LXXV.

671 2084 1026 2167 QUARTUH
1091 2086 1195 2151 est
1250 2082 1325 2149 in
1374 2104 1507 2171 quo
1556 2084 1972 2173 philosophia
2037 2086 2305 2153 musicas
2369 2090 2683 2173 potenter
2708 2106 3006 2176 thing.

582 2188 909 2255 deservire
952 2191 1175 2275 potest
1217 2188 1517 2266 ecelesiae,
1576 2188 1824 2255 scilicet
1885 2188 1960 2254 in
2005 2188 2214 2256 officio
2257 2188 2682 2277 praedieandi,

579 2291 735 2357 lieet
809 2291 1027 2378 prima
1097 2290 1261 2355 facie
1334 2290 1647 2356 videatur
1718 2291 2096 2357 absurdum.
2235 2292 2383 2357 Hoc
2457 2297 2682 2359 autem

580 2393 865 2459 officium
926 2414 1065 2458 non
1104 2391 1399 2479 pertinet
1460 2394 1549 2458 ad
1594 2393 1907 2473 studium,
1956 2394 2114 2479 quia
2175 2394 2249 2459 in
2291 2394 2572 2461 lectione
2615 2400 2688 2461 et

582 2495 1032 2583 disputatione
1095 2494 1418 2561 consistit.
1512 2494 1649 2561 Sed
1690 2495 2078 2582 praedicatio
2121 2496 2203 2563 fit
2245 2496 2550 2565 fidelibus
2616 2502 2688 2565 et

582 2597 983 2680 infidelibus,
1026 2597 1215 2664 laticis
1236 2682 1243 2687 Ι
1261 2603 1329 2665 et
1375 2596 1639 2664 clericis.

676 2700 1009 2768 Caeterum
1053 2722 1191 2766 non
1216 2705 1495 2787 possunt
1524 2701 1733 2787 aliqui
1763 2700 2138 2788 praedicare,
2167 2702 2300 2768 nisi
2327 2702 2690 2771 mittantur

584 2804 981 2871 auctoritate
1024 2803 1471 2891 praelatorum.
1565 2802 1768 2870 Unde
1831 2804 1956 2870 hoe
2000 2802 2285 2871 officium
2353 2808 2689 2895 proprium

582 2913 685 2974 est
756 2908 1201 2995 praelatorum,
1270 2911 1341 2972 et
1403 2907 1491 2974 ab
1552 2907 1637 2973 iis
1705 2908 2090 2974 conceditur
2131 2909 2296 2992 aliis,
2367 2911 2481 2996 qui
2547 2911 2691 2977 viee

584 3033 811 3078 eorum
882 3009 1294 3097 funguntur;
1343 3015 1413 3075 et
1474 3009 1625 3076 ideo
1686 3031 1824 3076 non
1886 3011 1974 3078 ad
2038 3012 2332 3079 studium
2400 3013 2692 3100 pertinet

582 3115 897 3195 absolute,
944 3113 1061 3180 sed
1126 3112 1215 3178 ad
1279 3112 1631 3178 eeclesiam.
1726 3111 1922 3194 Quod
1988 3118 2214 3179 autem
2279 3115 2693 3202 philosophis.

582 3218 919 3284 ministret
960 3235 1271 3303 magnam
1314 3218 1715 3302 potestatem
1758 3215 2214 3302 persuasionis,
2282 3217 2446 3282 satis
2505 3224 2692 3304 patet

582 3339 668 3386 ex
738 3319 862 3398 his,
942 3339 1093 3404 quae
1158 3314 1310 3382 misi
1384 3316 1459 3381 in
1530 3317 1837 3404 partibus
1899 3317 2174 3384 Moralis
2245 3319 2686 3406 philosophiae.

585 3421 763 3487 Nam
827 3420 927 3486 ibi
986 3419 1237 3486 radices
1308 3419 1749 3506 persuasionis
1813 3420 2088 3498 revolvi,
2133 3424 2274 3484 tam
2333 3421 2690 3487 semmdum

586 3523 952 3590 doctrinam
1043 3525 1423 3588 sanctorum
1498 3542 1697 3607 quam
1771 3521 2330 3608 philosophorum,
2421 3529 2692 3610 propter

584 3647 867 3712 quarum
934 3625 1233 3691 radicum
1300 3623 1751 3710 ignorantiam
1797 3623 1972 3710 perit
2014 3628 2162 3690 tota
2220 3626 2396 3692 ratio
2451 3627 2690 3713 praedi-

585 3729 780 3795 eundi
826 3728 1004 3814 apud
1046 3727 1339 3813 vulgum,
1388 3730 1458 3792 et
1500 3747 1609 3791 ars
1650 3726 1797 3813 ipsa
1839 3726 2196 3813 ignoratur.
2259 3725 2353 3795 Et
2379 3729 2690 3814 quoniam

585 3831 889 3896 infideles
930 3829 1183 3894 habent
1212 3827 1443 3893 modos
1473 3826 1731 3894 debitos
1774 3828 2214 3916 persuadendi
2259 3829 2330 3894 in
2373 3831 2496 3912 his,
2541 3851 2692 3918 quae

584 3933 922 4021 pertinent
978 3931 1065 3996 ad
1124 3949 1251 4008 eos,
1312 3929 1463 3996 ideo
1520 3931 1755 3996 modus
1827 3931 2028 4018 hujus
2095 3933 2532 4018 persuasionis
2589 3939 2694 4001 est

586 4033 1091 4125 philosophicus,
1146 4033 1307 4119 quia
1355 4034 1723 4099 eommunis
1768 4037 1872 4100 est
1934 4033 2242 4100 fidelibus
2295 4040 2366 4102 et
2406 4036 2692 4104 infideli-

586 4141 727 4206 bus.
818 4138 909 4204 Et
952 4140 1222 4224 propter
1264 4133 1389 4200 hoe
1431 4157 1515 4204 ex
1556 4135 1856 4201 fontibus
1892 4137 2326 4225 philosophiae
2354 4140 2692 4208 deseendit

585 4242 821 4308 modus
862 4259 1039 4306 unus
1082 4237 1381 4326 specialis
1447 4237 1521 4304 in
1565 4236 1689 4304 hac
1754 4242 1966 4325 parte,
2011 4241 2314 4327 quamvis
2379 4247 2452 4310 et
2517 4243 2691 4311 alius

584 4344 820 4410 modus
888 4345 1193 4409 sumatur
1266 4361 1355 4406 ex
1427 4340 1731 4407 doctrina
1773 4345 2168 4410 sanctorum
2259 4341 2392 4410 Sed
2457 4346 2692 4412 modus

582 4445 1013 4536 philosophiae
1100 4443 1355 4532 primus
1429 4449 1553 4525 est,
1626 4447 1697 4510 et
1771 4443 2069 4532 disponit
2137 4463 2260 4510 nos
2332 4445 2420 4512 ad
2509 4448 2687 4514 viam

1386 4769 1571 4836 Num]
1607 4767 1896 4832 onusta
