3517 5750
894 834 1027 897 210
1638 844 1894 899 nouum
1937 844 2231 895 mcoms
2827 833 3000 921 [mr.

890 1028 963 1089 et
1020 1042 1247 1087 omnes
1304 1020 1733 1098 considerant,
1796 1021 1914 1106 qui
1987 1042 2032 1087 a
2087 1021 2476 1107 patriarchis
2535 1026 2608 1089 et
2663 1020 3000 1111 prophetis

890 1126 1267 1192 habuerunt
1310 1123 1794 1189 astronomiam.
1871 1124 1966 1189 Et
2009 1124 2132 1189 hoc
2167 1130 2270 1190 est
2313 1146 2674 1191 consonum
2715 1132 2994 1204 natum,

886 1234 968 1295 ut
1042 1227 1305 1313 quando
1378 1226 1703 1313 spoliatur
1767 1231 1966 1291 vetus
2039 1248 2254 1293 annus
2327 1251 2370 1294 a
2443 1228 2768 1295 fructibus
2843 1232 2996 1309 suis,

888 1331 1164 1417 incipiat
1206 1352 1420 1396 novus
1448 1355 1465 1409 ;
1510 1350 1665 1393 nam
1708 1328 1864 1394 finis
1905 1330 2212 1401 annualis
2257 1331 2500 1397 laboris
2543 1336 2646 1397 est
2699 1333 2994 1399 collectio

884 1435 1234 1499 fructuum.
1380 1432 1472 1497 Et
1544 1432 1693 1497 ideo
1750 1433 2098 1499 seminatio
2157 1438 2230 1499 ct
2289 1432 2622 1499 fructuum
2699 1436 2994 1501 collectio

884 1536 1130 1602 debent
1188 1556 1327 1601 esse
1384 1534 1457 1599 in
1514 1534 1745 1601 eodem
1803 1556 2022 1601 anno:
2068 1537 2246 1622 quod
2305 1558 2440 1602 non
2483 1542 2704 1623 potest
2747 1540 2993 1605 servari

884 1641 941 1705 si
986 1661 1199 1704 annus
1243 1638 1517 1726 incipiat
1558 1638 1647 1703 ab
1705 1637 1972 1723 Aprili3
2015 1640 2130 1704 sed
2187 1639 2262 1704 in
2303 1660 2438 1705 uno
2483 1660 2658 1705 mmo
2717 1641 2994 1707 seminat-

882 1744 1083 1823 bitur,
1130 1747 1203 1807 et
1246 1742 1319 1807 in
1362 1742 1493 1806 alio
1522 1745 1830 1807 metetur.
1919 1741 2013 1806 Et
2057 1764 2208 1807 cum
2253 1743 2376 1808 hoc
2419 1744 2510 1809 sit
2537 1764 2786 1823 verum,
2831 1750 2994 1811 tunc

881 1846 1053 1913 forte
1096 1852 1199 1911 est
1243 1850 1707 1931 argumentum
1752 1844 1836 1909 de
1879 1844 2202 1931 principio
2243 1844 2498 1924 mundi,
2546 1846 2706 1930 quia
2757 1848 2993 1933 princi-

882 1950 1067 2038 pium
1096 1948 1295 2035 primi
1322 1948 1481 2013 anni
1512 1946 1643 2013 fuit.
1672 1946 2072 2033 principium
2101 1947 2353 2013 mundi.
2431 1948 2564 2015 Sed
2593 1950 2990 2035 principium

882 2049 1077 2119 anni¹
1108 2056 1211 2117 est
1240 2052 1326 2116 ab
1358 2048 1649 2127 Octobri,
1674 2056 1754 2115 ut
1781 2072 1962 2115 nunc
1989 2050 2342 2137 probatum
2371 2056 2490 2116 eet.
2583 2050 2785 2117 Unde
2827 2053 2992 2118 dicit

880 2156 929 2223 J
930 2154 1210 2242 oeephus
1254 2152 1431 2239 quod
1472 2152 1629 2219 licet
1674 2151 1937 2238 Moyses
1981 2152 2334 2219 constituit
2391 2153 2552 2218 anni
2595 2154 2988 2242 principium

880 2258 953 2323 in
998 2257 1233 2345 Aprili,
1282 2261 1609 2343 quantum
1650 2256 1739 2321 ad
1781 2256 2050 2322 initium
2081 2255 2600 2335 solemnitatum,
2647 2261 2874 2323 tamen
2917 2259 2990 2323 in

878 2362 1281 2438 venditione,
1312 2364 1383 2425 et
1410 2360 1763 2447 emptione,
1788 2364 1860 2423 et
1895 2359 2152 2444 reliqua
2191 2359 2688 2446 gubernatione,
2725 2359 2992 2445 Moyses

880 2463 1114 2551 prioris
1157 2462 1377 2529 saeculi
1422 2463 1683 2528 decreta
1726 2463 2038 2543 servavit,
2099 2468 2428 2547 quantum
2472 2463 2561 2528 ad
2603 2465 2764 2529 anni
2809 2465 2990 2549 prin-

881 2568 1140 2652 cipium.
1250 2566 1383 2631 Sed
1444 2566 1627 2651 prius
1698 2564 2012 2631 saeculum
2085 2564 2220 2630 fuit
2263 2587 2304 2629 a
2350 2565 2580 2651 Moyse
2647 2588 2856 2653 usque
2901 2568 2986 2633 sd
3067 2632 3078 2643 ,

884 2670 1281 2755 principium
1354 2668 1587 2733 mundi
1660 2668 2098 2748 revertend03
2171 2690 2328 2755 ergo
2417 2668 2584 2734 illud
2671 2671 2986 2737 saeeulum

886 2770 1124 2836 habuit
1204 2772 1595 2859 principium
1658 2772 1820 2836 anni
1885 2770 1958 2836 in
2012 2769 2304 2851 Octobri,
2371 2792 2528 2859 ergo
2593 2773 2985 2861 principium

886 2875 1133 2940 mundi.

548 2969 713 3022 0⁰¹²f⁰
680 2987 817 3024 o-rm
978 2978 1071 3044 Et
1130 2977 1237 3043 hic
1296 2981 1400 3044 est
1467 2978 1701 3064 ingens
1765 2978 2202 3044 consideratio
2273 2999 2392 3064 per
2467 2980 2986 3060 astronomism3

550 3039 854 3175 ἓξὲξ),
884 3081 1146 3162 scilicet,
1214 3080 1301 3146 ad
1374 3079 1850 3146 inveniendum
1923 3079 2398 3146 nobilissimam
2473 3081 2626 3148 ooeli
2713 3081 2987 3198 dispom-

882 3185 1150 3263 tionem,
1220 3185 1291 3248 in
1354 3205 1487 3269 qua.
1550 3182 1840 3270 planetae
1901 3205 2128 3249 omnes
2193 3182 2528 3250 fuerunt
2509 3207 2582 3248 m
2649 3185 2784 3249 suis
2827 3185 2988 3250 locis

881 3287 1305 3374 dignioribus,
1354 3290 1424 3352 et
1468 3285 1585 3351 ubi
1630 3307 1856 3352 omnes
1901 3307 2053 3351 suas
2097 3285 2524 3352 fortitudines
2589 3285 2983 3369 habuerunt,

882 3391 964 3456 de
1008 3391 1249 3476 quibus
1294 3393 1522 3476 postea
1564 3387 1790 3474 scripsi
1835 3393 1980 3452 tam
2023 3386 2096 3452 in
2143 3387 2400 3453 Minore
2461 3409 2660 3474 quam
2719 3389 2794 3453 in
2841 3388 2986 3453 Ma-

870 3494 1019 3579 jori.
1124 3493 1217 3558 Et
1260 3492 1401 3559 haec
1445 3490 1820 3556 debuerunt
1863 3511 2000 3556 esse
2045 3491 2120 3556 in
2163 3491 2488 3577 principio
2529 3491 2762 3557 mundi
2793 3515 2810 3556 z
2860 3491 2984 3557 boc

878 3603 983 3661 est
1048 3617 1423 3682 congruum.
1516 3592 1610 3658 Et
1683 3594 1832 3659 ideo
1905 3593 1964 3659 si
2037 3594 2168 3660 ista
2233 3597 2598 3680 potuerunt
2671 3593 2980 3674 inveniri,

876 3699 951 3763 in
1026 3697 1239 3783 primo
1304 3717 1479 3760 anno
1545 3695 1799 3774 mundi,
1877 3695 1950 3760 in
2037 3695 2360 3783 principio
2437 3695 2760 3772 Octobris,
2828 3719 2981 3763 con-

876 3820 1111 3864 sonum
1174 3803 1279 3862 est
1342 3802 1601 3863 naturae
1666 3797 1844 3882 quod
1907 3797 2004 3862 ibi
2065 3797 2199 3863 fuit
2263 3797 2662 3885 principium
2729 3799 2978 3865 mundi

878 3899 1012 3966 Sed
1072 3899 1369 3965 nondum
1432 3903 1534 3964 est
1595 3899 1737 3966 haec
1803 3899 2240 3966 consideratio
2303 3901 2704 3966 certificata·
2781 3902 2976 3988 tetigi

875 4011 1103 4068 tamen
1148 4002 1229 4068 de
1272 4025 1353 4068 ea
1392 4003 1646 4088 aliquas
1688 4003 1834 4068 vias
1879 4004 1952 4067 in
1997 4003 2210 4091 Opere
2257 4002 2512 4089 Majori.

538 4101 692 4154 Lives
711 4107 773 4156 οῖ
968 4105 1284 4185 Tertium,
1332 4105 1508 4191 quod
1554 4105 1659 4170 hic
1701 4110 1804 4171 est
1845 4105 2142 4172 notabile
2171 4107 2252 4171 de
2282 4106 2704 4193 temporibus,
2751 4111 2856 4172 eet
2897 4108 2980 4174 de

538 4171 801 4290 ffiffm
876 4207 1293 4294 longitudine
1336 4209 1499 4274 vitae
1542 4209 2083 4295 patriarcharum.
2151 4208 2329 4274 Nam
2358 4231 2480 4295 per
2523 4208 2704 4275 mille
2747 4231 2974 4288 annon,

872 4310 1229 4378 secundum
1284 4309 1697 4398 Joseph11m,2
1740 4311 2058 4376 vixerunt
2119 4311 2366 4396 aliqui3
2429 4317 2502 4377 et
2561 4317 2792 4378 textus
2843 4311 2978 4378 fere

868 4414 1136 4481 deducit
1179 4413 1391 4480 vitam
1436 4415 1521 4481 ad
1566 4414 1707 4480 hoc.
1785 4413 1878 4479 Et
1907 4412 2112 4500 aliqui
2143 4413 2484 4480 ascribunt
2511 4413 2634 4480 hoc
2679 4415 2972 4482 bonitati

1025 4603 1779 4612 --——————-——--———--—.-

938 4673 952 4703 ¹
963 4673 1078 4737 suit
1107 4671 1403 4736 principium
1439 4709 1451 4722 .
1488 4709 1501 4722 .
1539 4707 1551 4722 .
1588 4707 1601 4722 .
1639 4707 1652 4721 .
1680 4670 1870 4737 prinei·
2049 4667 2376 4736 ²Josephm]
2403 4669 2581 4736 Anfiq.
2604 4670 2637 4720 i.
2665 4675 2710 4721 3.

863 4751 1001 4817 pium
1022 4751 1169 4817 anni]
1208 4765 1306 4802 om.
1332 4749 1393 4800 Τ.
