3517 5750
508 3977 659 4029 Latin
677 3996 815 4032 oom—

506 4055 779 4098 mentators

504 4113 758 4165 criticised

506 4181 606 4230 and
628 4197 750 4231 eon-

505 4249 733 4302 demned.

852 901 983 967 446
1610 912 1870 967 nouum
1919 912 2210 965 moerus
2780 898 2964 985 [cu.

844 1090 1029 1169 mins,
1079 1088 1363 1169 Hierion,
1426 1088 1863 1168 Hierusalem,
1911 1090 2383 1176 Hieronymus,
2443 1093 2514 1156 et
2577 1088 2960 1177 hujusmodi

845 1194 1091 1259 debent
1156 1192 1433 1279 espirmi
1500 1194 1575 1258 in
1648 1192 1987 1281 principio.
2101 1194 2150 1259 J
2151 1215 2297 1259 esus
2371 1197 2474 1259 est
2549 1192 2958 1259 Hebraicum

844 1296 1137 1382 origine;
1226 1296 1341 1361 sed
1406 1318 1569 1384 pure
1648 1294 2052 1361 Hebraicum
2113 1300 2213 1361 est
2281 1296 2328 1361 J
2331 1316 2504 1375 osue,
2554 1301 2624 1361 et
2685 1296 2957 1363 Graecus

844 1404 946 1463 est
990 1394 1245 1476 Yesus,¹
1321 1402 1403 1463 ut
1468 1398 1557 1464 sit
1623 1398 1830 1463 trium
1897 1397 2317 1484 syllabarum.
2441 1398 2720 1464 Latinus
2787 1399 2956 1464 dicit

842 1497 890 1565 J
892 1522 1055 1566 esus.
1168 1498 1230 1567 J
1225 1498 1495 1565 ubeleus
1542 1522 1772 1579 annus,
1843 1498 1916 1564 in
1983 1498 2272 1565 secunda
2335 1499 2594 1585 syllaba
2653 1500 2860 1566 habet
2913 1522 2949 1567 e

840 1626 975 1671 non
1018 1602 1089 1686 43
1134 1624 1255 1669 neo
1300 1602 1543 1669 dieitur
1586 1626 1628 1669 a
1662 1600 1902 1689 jubilo,
1953 1606 2034 1671 ut
2080 1603 2357 1669 sciemus
2401 1602 2690 1669 inferius.
2777 1603 2839 1674 J
2834 1624 2952 1669 us-

838 1712 952 1775 tm
1042 1718 1145 1771 est
1230 1705 1499 1773 nomine
1590 1704 1954 1773 Hebraeum
2029 1708 2098 1771 et
2175 1704 2494 1771 Latinum
2568 1706 2952 1791 aequivoee;

838 1816 917 1877 ut
962 1808 1255 1876 Aotuum
1328 1807 1544 1896 primo
1596 1808 1783 1897 [23.],
1853 1806 1940 1875 sd
2009 1806 2388 1875 colosenses
2457 1814 2692 1893 quarto
2768 1808 2954 1896 [11.].

840 1910 1251 1999 Magdalena,
1344 1909 1573 1987 Maria„
1652 1910 1974 1992 maehina,
2051 1908 2416 1977 Hebraeum
2489 1916 2591 1977 est
2679 1911 2954 1999 origine.

836 2014 1189 2091 Mamm,
1236 2012 1505 2079 divitiae.
1596 2010 1776 2079 Man
1851 2016 1954 2079 est
2019 2012 2198 2099 quid,
2245 2034 2289 2079 a
2331 2033 2462 2097 quo
2515 2013 2958 2079 transumitur

837 2115 959 2183 hoo
1002 2136 1241 2183 nomen
1282 2135 1519 2193 mana,
1558 2136 1687 2201 quo
1735 2115 2096 2181 utebantur
2137 2114 2261 2183 filii
2307 2113 2516 2181 Israel
2557 2115 2633 2179 in
2675 2114 2954 2183 deserto.

840 2218 1010 2287 Cum
1073 2218 1251 2285 enim
1313 2218 1623 2285 viderunt
1684 2217 1854 2285 illud
1915 2217 1997 2282 de
2043 2218 2207 2283 ooelo
2269 2217 2500 2285 eadere
2567 2217 2958 2303 quaerebant

840 2330 876 2357 “
920 2319 1099 2409 quid
1171 2318 1290 2387 hoo
1318 2318 1395 2387 ?''
1491 2319 1565 2385 in
1642 2318 1930 2386 Hebraeo
1999 2320 2288 2385 dieentes
2361 2316 2634 2385 ‘manhu
2651 2342 2680 2399 ;
2779 2340 2958 2387 mam·

836 2428 939 2489 est
1012 2424 1188 2511 quid,
1236 2422 1353 2501 hu,
1429 2422 1567 2489 hoo.
1658 2420 1735 2487 N
1730 2420 2020 2489 obulum
2098 2420 2466 2503 Hebraiee3
2556 2419 2956 2487 Psalterium

840 2524 1112 2606 Graeoe3
1200 2523 1651 2591 laudatorium
1728 2524 1980 2591 Latine.
2071 2522 2292 2609 Niyer
2365 2528 2466 2590 est
2539 2523 2952 2609 aequivocum

836 2630 921 2695 ad
998 2628 1359 2695 Hebraeum
1418 2632 1487 2693 et
1564 2626 1898 2707 Latinum,
1951 2626 2034 2693 de
2109 2648 2240 2713 quo
2309 2624 2595 2693 habetur
2656 2626 2950 2693 Actuum

836 2732 1033 2797 tertio
1080 2730 1392 2816 [decimo]
1441 2730 1515 2795 in
1558 2728 1897 2816 prineipi0,
1967 2728 2083 2793 ubi
2153 2726 2412 2809 dieitur,
2473 2734 2510 2763 “
2531 2727 2782 2806 Simom
2835 2729 2953 2813 qui

836 2834 1196 2902 vocabatur
1270 2831 1337 2898 N
1340 2830 1537 2920 iger.’'
1660 2831 1960 2908 Osanna,
2041 2830 2108 2900 id
2204 2834 2319 2909 est,
2411 2830 2596 2898 salva
2671 2830 2949 2898 obsecro,

835 2935 1123 3004 Pascha.
1202 2933 1481 3001 Pharao
1532 2957 1669 3002 non
1730 2940 1834 3000 est
1876 2955 2120 3001 nomen
2171 2934 2506 3021 proprium
2569 2935 2760 3022 regie,
2835 2934 2952 3000 sed

836 3038 1035 3124 regiae
1110 3036 1473 3123 dignitatis,
1552 3037 1723 3104 siout
1801 3035 2024 3104 Caesar
2091 3039 2267 3124 apud
2314 3036 2660 3102 Romanos.
2781 3035 2950 3106 Sab-

842 3139 1077 3206 batum
1118 3145 1356 3204 notum
1400 3145 1518 3218 est,
1581 3145 1649 3206 et
1716 3140 2036 3226 accipitur
2097 3161 2215 3225 pro
2276 3139 2640 3204 festivitate
2701 3143 2770 3206 et
2827 3160 2951 3228 pro

840 3241 947 3308 die
1006 3242 1304 3330 septimo,
1353 3247 1423 3308 et
1486 3263 1603 3328 pro
1655 3241 2080 3310 hebdomada,
2169 3239 2520 3329 Saphimos
2565 3246 2666 3307 est
2709 3261 2950 3308 nomen

840 3344 1079 3433 lapidis
1126 3344 1442 3427 Paradisi,
1488 3349 1557 3412 et
1604 3344 1978 3411 Hebraeum.
2070 3343 2441 3412 Saraballa
2500 3343 2710 3430 magis
2757 3343 2954 3410 Chal-

842 3449 1025 3516 daiee
1084 3449 1325 3516 dicitur
1390 3453 1460 3517 et
1522 3451 1681 3513 sunt
1740 3445 1990 3514 braccae
2036 3447 2144 3514 vel
2188 3469 2392 3514 crura.
2483 3445 2768 3524 Satha‘n,
2835 3447 2952 3514 ad-

841 3553 1179 3620 versarius.
1317 3548 1683 3638 Seraphim
1771 3571 1888 3636 per
1973 3571 2048 3616 ‘m
2127 3554 2230 3616 est
2315 3549 2588 3636 pluralis
2675 3550 2950 3616 numeri.

864 3653 1128 3740 Seraph
1172 3660 1274 3720 est
1348 3651 1699 3740 singularis
1775 3650 2054 3718 numeri.
2165 3649 2408 3718 Sicera
2481 3651 2694 3718 omnis
2755 3655 2953 3740 potus

840 3759 957 3844 qui
1000 3757 1075 3822 in
1118 3756 1502 3826 ebrietatem
1562 3755 1768 3842 ponit,
1816 3753 2174 3822 seeundum
2222 3752 2709 3840 Hieronymum
2753 3775 2952 3842 super

842 3859 1101 3929 Isaiam.

932 3961 1253 4029 Similiter
1313 3965 1472 4027 sunt
1533 3963 1806 4028 nomina
1867 3957 2222 4026 Chaldaiea
2265 3964 2335 4025 et
2379 3957 2710 4026 Abrabica
2751 3959 2954 4026 innu-

842 4063 1194 4132 merabilia.
1285 4063 1418 4129 Sed
1462 4064 1617 4149 quia
1660 4061 1802 4130 haeo
1845 4061 2055 4148 magis
2114 4063 2432 4126 extranea
2475 4064 2634 4127 sunt
2693 4065 2762 4129 et
2803 4063 2954 4127 bre-

840 4167 1017 4234 vitas
1107 4187 1213 4232 me
1272 4167 1464 4252 cogit,
1542 4165 1691 4231 ideo
1784 4163 1867 4230 de
1957 4163 2088 4232 illis
2161 4164 2547 4250 supersedeo
2622 4165 2709 4230 ad
2781 4163 2954 4230 hene

840 4269 1082 4336 horam.
1174 4268 1735 4334 Considerandum
1797 4271 1899 4334 est
1971 4267 2182 4353 igitur
2265 4269 2541 4352 quaestio
2604 4269 2685 4334 de
2757 4289 2951 4332 voea-

838 4373 1010 4440 bulis
1078 4370 1289 4438 dietis·
1402 4370 1658 4458 Vulgus
1736 4369 2130 4438 Latinorum
2207 4391 2356 4436 cum
2416 4369 2744 4456 capitibus
2817 4371 2956 4436 suis

844 4475 1301 4566 multiplieiter
1375 4474 1675 4556 oberrat3
1765 4472 1996 4560 prim0,
2045 4472 2202 4560 quia
2263 4473 2554 4540 aestimat
2617 4495 2756 4540 esse
2824 4473 2953 4541 La·

864 4633 961 4640 -cu-u—
971 4633 1016 4638 .-
1023 4632 1037 4638 -
1072 4631 1419 4640 --ο-κ--ι--μ-

1610 4711 1629 4744 ³
1658 4707 1840 4776 Yam]
1878 4709 2028 4773 Yam,
2047 4707 2160 4762 MS.
