3517 5750
525 881 664 970 111.]
1346 897 1704 949 Armumx
1747 899 1791 950 1.
2502 885 2627 953 531

525 1076 600 1138 et
640 1072 966 1161 praecipue
1021 1073 1076 1138 si
1118 1071 1514 1140 desiderium
1565 1072 1734 1140 forte
1777 1079 1845 1140 et
1885 1073 2170 1140 intentio
2224 1073 2448 1140 valida
2496 1096 2635 1141 non

527 1175 714 1242 desit.
806 1175 896 1242 Et
954 1175 1102 1242 ideo
1180 1197 1296 1264 per
1346 1177 1552 1242 verba
1611 1182 1679 1242 et
1737 1197 1936 1263 opera
1992 1174 2281 1242 hominis
2358 1183 2635 1264 possunt

526 1278 748 1365 aliqua
813 1276 972 1356 fieri,
1037 1278 1298 1364 quando
1379 1298 1606 1344 omnes
1663 1277 1861 1344 dictae
1937 1299 2149 1344 causae
2222 1285 2631 1346 concurrunt

529 1379 750 1446 Verba
799 1381 976 1446 enim
1026 1379 1202 1446 fiunt
1252 1379 1340 1446 ab
1390 1379 1672 1446 interius
1720 1401 1841 1466 per
1885 1379 2315 1468 eogitationes
2374 1382 2633 1460 animae,

525 1485 597 1547 et
643 1481 980 1560 desideria,
1029 1487 1100 1548 et
1128 1503 1247 1569 per
1297 1485 1550 1549 motum
1598 1483 1967 1569 spirituum,
2000 1487 2069 1548 et
2116 1482 2395 1548 calorem
2442 1490 2637 1550 natu-

526 1583 749 1664 ralem,
797 1587 867 1651 et
924 1582 1218 1650 vocalem
1264 1585 1575 1650 arteriam
1606 1608 1621 1665 ;
1666 1588 1738 1650 et
1782 1605 2007 1651 eorum
2050 1586 2389 1672 generatio
2433 1585 2637 1652 habet

526 1685 672 1752 vias
715 1691 992 1773 apertas,
1038 1707 1156 1775 per
1199 1707 1366 1773 quas
1409 1691 1511 1753 est
1555 1707 1839 1774 magnus
1880 1686 2103 1753 exitus
2146 1687 2515 1774 spirituum,
2566 1694 2637 1754 et

526 1787 778 1868 caloris,
848 1794 916 1854 et
986 1788 1546 1876 evaporationum,
1617 1792 1688 1855 et
1748 1789 2101 1870 virtutum,
2148 1793 2219 1855 et
2274 1790 2633 1877 specierum

528 1911 677 1977 quae
720 1896 997 1978 possunt
1040 1890 1184 1958 fieri
1228 1893 1315 1958 ab
1359 1891 1584 1958 anima
1625 1897 1698 1958 et
1742 1913 1787 1957 a
1830 1891 2038 1958 eorde.
2128 1891 2223 1957 Et
2273 1891 2421 1958 ideo
2468 1891 2635 1959 alte-

527 1993 822 2060 rationes
893 2015 980 2060 ex
1049 1995 1304 2061 caeteris
1365 1994 1670 2082 partibus
1732 1993 2187 2081 spiritualibus
2266 1993 2440 2060 fiunt
2516 2017 2635 2082 per

529 2093 780 2176 verba,¹
840 2095 1200 2162 secundum
1262 2095 1439 2182 quod
1485 2095 1579 2162 eis
1649 2095 1926 2162 debetur
1983 2117 2071 2162 ex
2130 2099 2459 2182 potestate
2518 2118 2634 2162 na-

529 2203 716 2265 turae.
851 2197 1174 2264 Videmus
1247 2199 1426 2266 enim
1487 2197 1664 2285 quod
1725 2203 1997 2286 propter
2054 2198 2429 2285 hujusmodi
2488 2199 2633 2265 vias

526 2305 790 2387 apertas
806 2299 834 2338 ⁹
876 2322 919 2369 a
961 2300 1154 2366 corde
1199 2304 1268 2367 et
1312 2300 1756 2381 interioribus,
1803 2299 2157 2381 anhelitus,
2226 2306 2296 2367 et
2340 2301 2632 2368 oscitati-

527 2423 701 2484 ones,
747 2405 816 2468 et
860 2403 1092 2470 multae
1135 2403 1568 2469 resolutiones
1631 2402 1987 2490 spirituum
2035 2407 2103 2468 et
2150 2403 2387 2470 caloris
2438 2403 2628 2485 fiunt,

529 2526 678 2592 quae
758 2505 1116 2594 aliquando
1197 2509 1456 2584 nocent,
1521 2526 1726 2592 quum
1806 2505 1893 2571 ab
1968 2503 2235 2571 infirmo
2294 2512 2365 2573 et
2440 2507 2632 2574 malae

527 2597 998 2695 complexionis
1049 2629 1318 2696 corpore
1375 2607 1823 2695 proveniunt;
1872 2613 1943 2674 et
1993 2614 2274 2697 prosunt
2347 2615 2417 2676 et
2484 2632 2633 2676 con·

527 2711 802 2790 fortant,
886 2731 1092 2796 quum
1155 2732 1197 2775 a
1248 2731 1514 2796 corpore
1574 2710 1846 2791 mundo,
1920 2715 1989 2778 et
2048 2731 2227 2791 sano,
2290 2717 2361 2778 et
2442 2713 2635 2778 bonae

526 2811 997 2900 complexionis
1077 2812 1549 2900 producuntur.
1641 2812 1733 2879 Et
1791 2811 1943 2879 ideo
2014 2813 2321 2880 similiter
2392 2814 2631 2902 aliquae

527 2916 938 3001 operationes
989 2936 1252 3003 magnae
1299 2914 1636 2981 naturales
1663 2920 1943 3003 possunt
1981 2915 2125 2981 fieri
2176 2916 2252 2981 in
2281 2916 2630 2982 verborum

525 3017 952 3103 generatione
1003 3022 1074 3083 et
1125 3016 1515 3105 prolatione,
1569 3038 1719 3083 cum
1759 3017 2137 3084 intentione
2184 3022 2255 3084 et
2305 3017 2633 3084 desiderio

525 3119 852 3206 operandi.
948 3118 1148 3185 Unde
1199 3140 1336 3185 non
1383 3118 1714 3185 immerito
1764 3119 2027 3197 dicitur,
2082 3119 2260 3207 quod
2288 3142 2425 3186 vox
2469 3122 2629 3186 viva

525 3241 835 3308 magnam
865 3221 1069 3287 habet
1111 3222 1474 3299 virtutem3
1533 3242 1668 3286 non
1700 3222 1857 3307 quia
1898 3221 2141 3287 habeat
2186 3222 2369 3287 illam
2414 3227 2630 3308 potes-

530 3330 757 3402 tatem,
809 3346 1008 3411 quam
1055 3324 1295 3411 magici
1341 3322 1621 3409 fingunt,
1670 3343 1927 3389 necnon
1974 3322 2281 3389 similiter
2326 3324 2415 3389 ad
2472 3323 2630 3391 faci-

526 3426 771 3493 endum
810 3431 880 3491 et
924 3425 1342 3495 alterandum
1395 3428 1502 3511 (ut
1559 3424 1943 3511 aestimant),
1976 3423 2090 3489 sed
2140 3424 2312 3491 sicut
2359 3424 2631 3506 dictum,

527 3528 886 3595 secundum
933 3528 1110 3616 quod
1153 3533 1395 3594 natura
1441 3526 1801 3593 ordinavit.
1895 3524 1989 3591 Et
2016 3526 2167 3591 ideo
2218 3526 2413 3592 valde
2440 3530 2635 3592 caute

526 3631 600 3697 in
659 3630 762 3697 his
825 3630 1244 3699 sentiendum
1305 3634 1450 3709 est3
1532 3650 1690 3693 nam
1743 3627 1827 3694 de
1898 3627 2079 3694 facili
2138 3632 2361 3715 potest
2437 3628 2635 3695 homo

531 3755 764 3814 errare,
829 3739 898 3799 et
956 3731 1156 3800 multi
1241 3735 1468 3798 errant
1547 3730 1620 3795 in
1689 3734 2038 3818 utramque
2116 3735 2418 3817 partem5
2480 3732 2637 3816 quia

531 3836 736 3923 aliqui
782 3856 1044 3901 omnem
1090 3834 1537 3923 operationem
1591 3837 1860 3921 negant,
1910 3838 1980 3898 et
2030 3832 2145 3899 alii
2198 3831 2630 3920 superfluunt,

530 3943 601 4004 et
659 3939 745 4003 ad
803 3938 1060 4025 magica
1118 3936 1465 4003 declinant.

621 4040 821 4106 Multi
872 4040 1082 4126 igitur
1128 4038 1284 4105 libri
1333 4036 1612 4105 cavendi
1670 4040 1829 4103 sunt
1886 4040 2157 4125 propter
2200 4038 2510 4116 earmina,
2565 4040 2633 4103 et
2658 4049 2834 4101 Books
2856 4049 2920 4100 of

529 4142 946 4221 characteres,
979 4146 1048 4209 et
1095 4142 1439 4220 orationes,
1490 4146 1560 4207 et
1608 4140 2111 4224 conjurationes,
2172 4144 2242 4207 et
2301 4139 2630 4221 sacrificia,
2658 4116 2973 4237 ᾙῇᾟθ

531 4250 602 4312 et
676 4244 1070 4332 hujusmodi,
1133 4244 1290 4331 quia
1355 4264 1518 4332 pure
1576 4240 1817 4331 magici
1876 4246 2049 4309 sunt.
2141 4241 2245 4308 Ut
2303 4242 2472 4308 liber
2531 4242 2634 4308 De

601 4603 614 4633 ²
640 4619 702 4653 ea·
749 4602 938 4653 ceteris
984 4638 999 4654 .
1036 4638 1050 4654 .
1081 4638 1098 4653 .
1145 4600 1318 4668 verba]
1344 4601 1539 4653 ceteris
1703 4603 1722 4633 ²
1743 4600 1854 4651 vias
1873 4598 2101 4667 apertas]
2140 4598 2361 4662 arterias,
2384 4599 2444 4652 C.

535 4682 752 4746 paribus,
798 4680 852 4732 in
891 4680 1233 4747 spiritualibus
1277 4680 1407 4735 flunt
1447 4694 1539 4746 per

539 4761 710 4825 verba,
743 4760 807 4822 O,

2148 4854 2191 4903 Ι,
2240 4857 2281 4904 L
2328 4842 2373 4904 2
2486 4862 2494 4867 ·
