3517 5750
888 876 1023 943 324
1646 886 1902 937 noem
1943 884 2236 937 mcoms

887 1066 957 1127 et
1002 1058 1557 1147 &periment-alis,
1588 1064 1659 1127 et
1703 1060 2022 1144 alkymia,
2053 1060 2228 1127 sicut
2269 1060 2354 1126 cle
2397 1058 2674 1146 singulis
2717 1060 2992 1125 ostendo

886 1162 1227 1249 proprium
1271 1162 1413 1227 sine
1456 1162 1988 1229 contradictione.
2079 1162 2212 1227 Sed
2255 1166 2414 1227 sunt
2469 1161 2542 1225 in
2585 1182 2710 1225 usu
2767 1182 2992 1226 eorum

886 1266 1179 1331 scientiae
1224 1264 1406 1341 viles,
1454 1270 1535 1329 ut
1592 1264 2026 1351 grammatica
2073 1264 2485 1343 Latinorum,
2530 1262 2756 1351 logica,
2801 1274 2996 1327 natu-

888 1366 1045 1433 ralis
1086 1366 1497 1453 philosophia
1540 1365 1900 1431 secundum
1941 1388 2142 1431 unam
2185 1370 2444 1451 partem
2487 1364 2630 1449 ejus
2673 1363 2994 1442 viliorem,

886 1473 958 1534 et
1000 1468 1473 1555 metaphysicis
1516 1468 1822 1554 quaedam
1867 1490 2035 1553 pars.
2127 1467 2214 1531 In
2257 1466 2362 1531 his
2407 1486 2542 1532 non
2601 1472 2704 1533 est
2745 1466 2990 1533 bonum

888 1570 1148 1648 animae,
1178 1592 1299 1635 nec
1324 1570 1628 1657 corporis,
1660 1590 1784 1635 nec
1827 1567 2134 1648 fortunae,
2165 1568 2338 1634 sicut
2373 1568 2446 1632 in
2473 1568 2622 1633 aliis
2651 1568 2991 1654 praedictis.

890 1672 1069 1738 Nam
1130 1672 1393 1737 moralis
1460 1670 1868 1757 philosophia
1933 1670 2114 1736 elicit
2174 1670 2424 1735 bonum
2485 1669 2726 1736 animae
2767 1690 2994 1735 secun-

890 1773 1050 1838 dum
1110 1771 1611 1859 possibilitatem
1670 1772 2122 1860 philosophize.
2215 1771 2540 1857 Alkymia
2597 1776 2700 1837 est
2743 1773 2995 1858 experi-

891 1874 1210 1952 mentalis‚
1244 1879 1315 1940 et
1356 1873 1827 1939 mathematica
1871 1879 1942 1940 et
1969 1873 2380 1959 perspectiva
2423 1873 2672 1939 bonum
2709 1874 2994 1959 eorporis

890 1982 961 2041 et
1010 1976 1307 2042 fortunae.
1369 1975 1547 2041 Nam
1600 1976 1687 2041 ad
1732 1996 1994 2041 omnem
2043 1975 2404 2041 sanitatem
2459 1979 2530 2040 et
2580 1977 2992 2063 propagatio-

890 2100 1043 2143 nem
1096 2079 1255 2144 vitae
1322 2098 1442 2165 per
1520 2082 1776 2143 secreta
1833 2082 2094 2144 naturae
2141 2076 2476 2143 sufficiunt
2519 2077 2644 2144 hae-
2685 2076 2990 2157 scientiae‚
3085 2146 3100 2159 ‚

890 2184 963 2244 et
1024 2179 1376 2265 perficiunt
1420 2178 1758 2245 scientiam
1827 2180 2170 2245 medicinae
2215 2178 2528 2265 vulgatae,
2575 2186 2644 2245 ct
2711 2180 2798 2245 ad
2847 2202 2988 2245 eam

890 2280 1155 2347 addunt
1196 2281 1525 2347 utilitates
1570 2300 1912 2367 corporum
1955 2282 2312 2362 maximam
2359 2286 2440 2345 ut
2481 2280 2696 2346 omnis
2739 2282 2992 2367 sapiens

892 2382 975 2448 de
1036 2382 1213 2447 facili
1274 2382 1589 2449 intuetur.
1699 2381 1806 2448 Dc
1848 2383 2022 2447 bono
2065 2381 2352 2449 fortunae
2395 2402 2530 2447 non
2573 2388 2680 2449 est
2723 2383 2990 2449 dubium

894 2484 1059 2573 quin
1160 2484 1412 2551 faciant
1518 2490 1790 2572 propter
1885 2484 2248 2551 utilitatem
2355 2484 2733 2569 reipublicae
2837 2506 2998 2570 quas

892 2586 1171 2672 assigno.
1294 2585 1745 2652 Grammatico,
1833 2606 1992 2651 vero
2065 2585 2439 2671 linguarum
2528 2586 2808 2651 aliarum
2881 2588 2998 2651 dat

896 2686 1157 2754 Latinis
1198 2688 1595 2775 theologiam
1640 2692 1711 2755 et
1769 2687 2082 2753 moralem
2127 2686 2620 2773 philosophiam.
2717 2688 2810 2753 Et
2851 2688 2998 2753 ideo

894 2788 1141 2853 bonum
1204 2789 1443 2855 animae
1506 2789 1687 2855 elicit
1729 2789 2176 2857 mediantibus
2238 2788 2360 2869 his,
2405 2790 2649 2855 bonum
2713 2790 2998 2878 corporis

894 2911 1053 2956 vero
1127 2897 1194 2956 ct
1266 2891 1553 2957 fortunae
1627 2913 1744 2978 per
1819 2892 1980 2958 alias
2055 2892 2381 2958 scientias.
2501 2891 2632 2958 Sed
2701 2892 2997 2960 scientiae

896 2997 1179 3078 quatuor
1238 2992 1551 3078 vulgatae,
1609 2993 1684 3058 in
1746 3015 1872 3059 usu
1931 2993 2402 3080 theologorum,
2449 2992 2702 3058 nullum
2745 2995 2998 3060 bonum

894 3093 979 3158 dc
1052 3094 1266 3158 tribus
1332 3094 1663 3179 praedictis
1730 3100 2005 3181 possunt
2071 3117 2156 3160 ex
2231 3117 2354 3160 sua.
2425 3095 2678 3162 virtute
2752 3096 2998 3162 elicere.

896 3193 1029 3260 Sed
1074 3196 1285 3262 solum
1330 3193 1581 3262 habent
1622 3196 1872 3262 bonum
1903 3195 2210 3262 scientiae.
2303 3197 2396 3262 Et
2439 3195 2562 3262 hoc
2605 3202 2708 3262 est
2750 3197 2996 3264 bonum

894 3297 1252 3362 secundum
1315 3297 1495 3382 quod
1562 3296 1725 3383 quid
1791 3297 1959 3362 nihil
2028 3297 2210 3362 valet
2269 3297 2624 3364 secundum
2669 3320 2777 3378 se;
2841 3299 3000 3383 quia

897 3397 1083 3464 valor
1146 3399 1435 3464 hominis
1498 3404 1600 3464 est
1672 3399 1745 3464 in
1809 3398 2054 3484 triplici
2131 3399 2303 3464 bono
2373 3399 2565 3464 dict0.
2684 3399 2758 3464 Si
2815 3401 2994 3465 enim

896 3507 1119 3568 careat
1182 3501 1285 3568 his
1348 3501 1563 3567 tribus
1622 3500 1872 3565 bonum
1930 3500 2222 3566 scientiae
2281 3500 2450 3566 nihil
2493 3500 2673 3566 valet
2715 3501 2793 3578 ei,
2839 3501 3000 3588 quia

898 3605 1159 3669 amittit
1202 3603 1510 3682 animam,
1558 3607 1629 3668 et
1672 3623 1920 3690 corpuS,
1969 3606 2038 3669 et
2081 3601 2258 3666 bona
2307 3603 2610 3682 fortunae,
2671 3625 2791 3691 per
2851 3625 2998 3690 quae

899 3705 972 3768 in
1018 3705 1140 3770 hoc
1182 3707 1330 3770 vita
1372 3705 1548 3770 bona
1591 3705 1834 3770 animae
1878 3710 1946 3770 et
1991 3704 2276 3792 corporis
2319 3705 2820 3791 proveniuntur.

990 3807 1251 3872 Deinde
1312 3807 1561 3872 bonum
1623 3807 1914 3872 scientiae
1981 3807 2054 3872 in
2097 3807 2230 3872 illis
2291 3807 2581 3874 scientiis
2633 3807 2716 3874 de
2761 3807 3000 3894 quibus

903 3912 1113 3972 tracto
1175 3913 1276 3973 est
1319 3907 1459 3972 sine
1512 3909 2000 3994 comparatione
2043 3909 2275 3974 melius
2334 3930 2534 3994 quam
2577 3909 2652 3974 in
2711 3909 3002 3975 scientiis

900 4008 1206 4094 vulgatis,
1256 4008 1417 4092 quia.
1483 4013 1643 4074 tunc
1711 4015 1811 4074 est
1885 4010 2136 4076 bonum
2201 4009 2496 4076 scientiae
2567 4010 2736 4076 utile
2795 4033 3000 4096 quum

900 4115 1002 4174 est
1070 4109 1447 4204 ordinatum
1510 4110 1583 4176 in
1637 4111 1874 4176 effectu
1941 4113 2030 4176 ad
2091 4111 2338 4176 bonum
2383 4112 2684 4199 coi-potia,
2745 4113 3000 4190 animae,

900 4210 1008 4276 vel
1052 4209 1351 4278 fortunae.
1443 4211 1577 4278 Sed
1618 4212 1691 4276 in
1734 4211 2030 4278 scientiis
2075 4214 2156 4280 dc
2202 4213 2442 4298 quibus
2499 4215 2710 4280 scribo
2753 4215 3002 4280 bonum

900 4313 1193 4380 scientiae
1258 4319 1359 4381 est
1422 4313 1766 4381 actualiter
1830 4321 1899 4380 et
1961 4315 2036 4380 in
2101 4315 2350 4381 effectis
2417 4316 2840 4402 conjunctum
2905 4317 3005 4381 illi

899 4416 1074 4481 bono
1148 4416 1411 4503 triplici,
1480 4416 1641 4501 quia
1713 4419 1873 4484 sunt
1947 4421 2017 4482 et
2083 4421 2380 4483 tractant
2447 4417 2530 4484 de
2595 4418 2731 4484 illis
2798 4419 3002 4484 bonis.

902 4517 961 4582 Ο
1024 4521 1275 4604 quanta.
1348 4517 1557 4604 igitur
1616 4517 1952 4584 dementia
2027 4524 2128 4584 est
2201 4518 2534 4606 negligere
2607 4525 2750 4584 tam
2808 4519 3005 4584 utiles

900 4619 1208 4686 scientias
1248 4623 1548 4705 respectu
1590 4619 1956 4707 theologiae,
1989 4623 2058 4686 et
2100 4618 2406 4708 immergi
2449 4621 2745 4688 scientiis
2789 4621 3005 4688 vanis-

900 4719 1085 4786 simis
1129 4726 1428 4808 respectu
1472 4721 1792 4789 istaruml
