3517 5750
618 830 758 918 Lx]
1403 842 1577 893 orus
1620 840 1943 891 'ras-rmu.
2585 820 2722 895 237

618 1016 923 1087 mutato¹
972 1020 1045 1086 in
1088 1042 1191 1099 us,
1238 1019 1511 1085 habebit
1547 1018 1914 1107 pellicanus
1971 1017 2406 1105 penultimam
2450 1016 2723 1104 produc-

620 1123 807 1190 tam.⁹
914 1122 1048 1191 Sed
1092 1130 1161 1191 et
1179 1122 1207 1161 ³
1248 1124 1371 1189 hoc
1415 1127 1643 1210 pateat
1658 1122 1685 1160 ⁴
1726 1123 1954 1209 magis.
2061 1120 2238 1187 Nam
2306 1122 2378 1186 in
2439 1122 2722 1188 veritate

620 1228 800 1314 apud
844 1226 1105 1293 Graecos
1148 1226 1519 1314 penultima
1580 1226 1653 1291 in
1698 1224 1986 1311 obliquis
2045 1224 2600 1305 circumflectitur,
2645 1231 2725 1291 ut

618 1334 871 1395 certum
936 1334 1037 1395 est
1110 1352 1227 1417 per
1300 1330 1563 1416 signum
1624 1333 1930 1395 accentus
1991 1329 2064 1392 in
2123 1328 2434 1415 psalterio
2479 1328 2720 1394 Graeco.

618 1430 755 1497 Sed
800 1454 1139 1520 nunquam
1198 1432 1469 1518 syllaba,
1517 1430 1647 1497 nisi
1690 1433 1782 1497 sit
1833 1430 2226 1497 naturaliter
2311 1432 2528 1519 longa,
2599 1431 2720 1497 cir-

622 1536 1105 1628 cumflectitur3
1178 1556 1332 1623 ergo
1406 1534 1803 1620 relinquitur
1876 1533 2053 1619 quod
2097 1534 2296 1600 debet
2339 1536 2488 1601 acui
2547 1535 2726 1622 apud

622 1660 761 1719 noS,
811 1660 957 1703 cum
1004 1660 1141 1704 non
1200 1643 1470 1705 utamur
1513 1637 1974 1716 circumflex03
2037 1642 2106 1703 et
2151 1637 2300 1704 ideo
2343 1637 2514 1702 male
2577 1660 2722 1724 gra-

620 1745 821 1807 vatur
864 1746 935 1807 et
976 1742 1331 1807 breviatur.
1440 1740 1534 1805 Et
1576 1740 1649 1805 in
1696 1740 1890 1819 Luca,
1940 1740 2192 1807 decimo
2245 1740 2480 1827 quinto
2528 1738 2603 1828 [2
2611 1740 2722 1830 6.]‚

624 1843 1041 1931 symphonia
1084 1844 1521 1931 penultimam
1568 1844 1767 1921 acuit,
1815 1849 1886 1909 et
1931 1848 2033 1909 est
2077 1850 2431 1910 concentus
2461 1864 2726 1910 concors

622 1949 695 2011 in
746 1948 941 2013 laude
988 1948 1133 2013 Dei.
1224 1946 1357 2013 Sed
1400 1948 1471 2011 in
1520 1946 1761 2011 Daniel
1805 1950 1908 2013 est
1951 1968 2158 2034 genus
2203 1947 2448 2033 organi,
2497 1952 2566 2013 et
2609 1947 2724 2011 ha-

620 2050 739 2116 bet
782 2051 1215 2137 penultimam
1259 2071 1567 2137 gravem3
1612 2071 1769 2114 nam
1816 2048 2140 2115 Horatius
2183 2050 2460 2129 breviat,
2507 2048 2726 2115 dicens

626 2158 661 2189 “
706 2153 1095 2241 symphonia
1163 2151 1445 2219 discors”
1509 2153 1581 2217 in
1624 2151 1758 2218 fine
1819 2150 2092 2219 versus.⁵
2203 2151 2295 2217 Et
2355 2152 2724 2240 exemplum

622 2256 707 2321 de
744 2256 1049 2342 ptisana,
1098 2255 1277 2342 quod
1321 2255 1393 2320 in
1446 2255 1656 2342 Opere
1702 2254 1924 2319 Primo
1969 2255 2172 2341 posui,
2219 2255 2508 2321 recitabo
2553 2276 2728 2320 nunc

624 2364 892 2447 propter
930 2359 1243 2444 majorem
1288 2360 1743 2425 necessitatem
1773 2361 1844 2423 et
1871 2356 2230 2445 pleniorem
2259 2358 2723 2444 probationem.

624 2462 803 2526 Nam
847 2482 983 2527 non
1027 2462 1301 2527 recitavi
1345 2459 1525 2530 istud
1570 2460 1958 2526 vocabulum
2004 2459 2131 2525 nisi
2176 2482 2261 2525 ex
2291 2460 2541 2526 decimo
2585 2482 2726 2547 sep-

624 2565 791 2628 timo
864 2564 1130 2629 secundi
1204 2562 1480 2651 Regum,
1558 2584 1709 2628 cum
1783 2566 2008 2627 tamen
2081 2562 2172 2627 sit
2243 2560 2359 2627 in⁰
2419 2563 2728 2628 vicesimo

626 2667 907 2753 septimo
968 2664 1477 2731 Proverbiorum
1526 2662 1719 2753 [22.].
1833 2665 1924 2730 Et
1985 2686 2120 2729 non
2195 2665 2405 2731 solum
2471 2687 2728 2731 necesse

627 2775 728 2834 est
772 2769 951 2855 quod
994 2768 1209 2833 media
1252 2774 1543 2849 acuatur,
1590 2773 1862 2855 propter
1903 2788 2164 2833 versum
2211 2768 2590 2848 Horatii,—

692 2891 729 2918 “
772 2883 873 2947 Tu
904 2905 1129 2965 cessas,
1160 2881 1487 2970 agedum,⁷
1516 2903 1701 2947 sume
1731 2882 1856 2947 hoc
1884 2882 2316 2970 ptisanarium
2362 2904 2580 2969 oryzae
2605 2883 2662 2963 ;”

627 2999 783 3084 quia
856 2997 1226 3063 scandendo
1314 3019 1577 3062 versum
1666 3017 1804 3062 non
1895 2997 2194 3063 aufertur
2291 2999 2418 3064 nisi
2491 3000 2730 3066 ultima

626 3099 898 3186 syllaba,
977 3121 1125 3185 quae
1171 3105 1271 3164 est
1335 3121 1481 3180 um,
1548 3100 1719 3166 sicut
1779 3101 2053 3190 probavi
2097 3101 2168 3165 in
2215 3099 2428 3190 Opere
2475 3102 2724 3188 Majori.

628 3203 761 3270 Sed
807 3203 963 3290 quia
1008 3199 1259 3268 Macer⁸
1303 3200 1502 3268 dicit:

806 3327 843 3356 “
890 3317 1062 3385 Cum
1100 3319 1363 3406 ptisana
1405 3336 1665 3385 succum
1710 3319 1888 3406 porri
1932 3319 2190 3384 sorbere
2223 3318 2550 3404 juvabit.'’

628 3447 724 3514 Et
778 3469 835 3534 p
902 3447 1095 3513 litera
1160 3468 1414 3535 semper
1480 3446 1790 3512 scribitur
1851 3451 2008 3512 ante
2053 3453 2096 3525 t,
2165 3452 2246 3512 ut
2311 3447 2382 3512 in
2436 3446 2558 3513 hoc
2612 3471 2726 3516 vo-

630 3551 881 3630 cabulo,
912 3547 1338 3628 Ptolomoeue,
1383 3573 1531 3615 cum
1576 3554 1804 3615 tamen
1849 3549 2282 3615 communiter
2310 3549 2616 3616 scribitur
2659 3558 2730 3618 et

628 3654 957 3740 profertur
994 3675 1131 3719 non
1177 3653 1389 3718 solum
1442 3655 1593 3740 post
1638 3657 1681 3730 t,
1732 3651 1848 3717 sed
1905 3657 2056 3740 post
2083 3651 2135 3733 i,
2195 3653 2332 3734 sic;
2393 3651 2726 3740 tipsamf

628 3777 745 3844 per
787 3778 1103 3843 magnum
1148 3777 1445 3822 errorem.

717 3857 811 3925 Et
875 3860 961 3926 ad
1029 3859 1173 3926 haec
1234 3857 1511 3924 inferam
1577 3879 1788 3924 unum
1851 3877 2133 3923 errorem
2200 3858 2723 3940 abominabilem,

629 3963 741 4048 qui
802 3961 884 4028 de
958 3983 1131 4029 novo
1205 3961 1383 4050 apud
1472 3960 1715 4028 multos
1791 3965 1860 4028 et
1933 3959 2231 4029 literatos
2305 3967 2376 4030 et
2449 3962 2728 4031 famosos

2634 4130 2724 4138 ——-

696 4218 711 4248 ¹
736 4216 945 4282 mutato]
981 4216 1175 4279 mutati,
1199 4217 1263 4269 T.
1726 4223 1759 4250 ‘⁴
1777 4219 2060 4272 Concordia
2091 4219 2326 4280 discord'
2347 4219 2505 4285 Epist.
2531 4221 2621 4273 xii.
2651 4226 2728 4282 19,

693 4309 716 4338 ²
726 4307 1041 4376 ρωιιωεαηι]
1079 4324 1179 4362 om.
1202 4309 1265 4362 B.
1724 4298 1780 4348 in
1792 4299 1869 4408 .⁸¹-¹
1893 4297 2124 4427 edition}-

692 4413 807 4536 ta]
844 4429 942 4465 ⁰¹¹¹·
966 4415 1031 4466 Τ·
1791 4458 1811 4486 ⁷
1831 4377 2057 4523 zldouz]
2083 4415 2350 4521 agendum,
2367 4456 2430 4507 Τ.
2477 4457 2602 4510 Hor.
2621 4457 2722 4511 Sat.

728 4506 929 4573 pateat]
968 4507 1031 4558 T.
1722 4535 1910 4586 ii.15⁵.

694 4613 715 4642 ⁵
735 4609 936 4675 breviat,
958 4611 1123 4663 dicens
1146 4610 1425 4678 symphonia
1446 4611 1631 4662 diam-s
1782 4617 1802 4644 ⁸
1823 4611 2030 4680 Macer]
2077 4613 2157 4664 De
2187 4613 2389 4666 Her-bis.
2459 4617 2539 4667 De
2571 4631 2725 4682 porro

628 4694 678 4741 in
688 4691 799 4754 fine
818 4690 1010 4756 verm]
1036 4691 1243 4751 breviat,
1257 4692 1429 4742 dicens
1451 4691 1503 4742 in
1528 4692 1629 4742 fine
1720 4693 1894 4756 herba,
1921 4699 1996 4743 13.

628 4785 803 4822 versus
859 4775 888 4800 ‘⁸
910 4771 1214 4839 symphonia
1274 4771 1509 4834 discors,”
1566 4771 1625 4823 Τ.
1787 4775 1809 4802 ·
1831 4773 2056 4844 upana]
2092 4773 2328 4840 timna,
2346 4775 2408 4827 B.
