3517 5750
501 2433 690 2491 Mutet·

839 881 968 944 504
1583 895 1843 947 nocam
1888 897 2179 948 nicoma
2748 882 2942 969 [cnr.

835 1071 1014 1137 Nam
1075 1069 1314 1136 ultima.
1374 1071 1456 1138 de
1509 1071 1754 1160 pn'tma
1811 1073 2033 1140 brevis
2094 1077 2321 1140 manet
2382 1093 2532 1140 cum
2594 1078 2729 1140 trec
2792 1096 2951 1140 con-

835 1177 1144 1240 sonantes
1217 1178 1592 1260 sequantur.
1713 1175 2041 1244 Similiter
2104 1176 2179 1242 in
2244 1175 2377 1242 fine
2420 1176 2731 1244 dictionis
2794 1177 2949 1265 plus

835 1279 952 1342 est.
1047 1275 1249 1342 Unde
1293 1275 1552 1343 Ennius
1595 1283 1838 1364 poe‘ta:

995 1453 1034 1483 “
1053 1445 1202 1528 Qua
1243 1445 1456 1536 perire
1499 1447 1665 1514 solet
1707 1470 1917 1538 genus
1962 1447 2196 1538 pennis
2238 1447 2793 1516 condecoratum.”

839 1611 1018 1678 Nam
1079 1611 1322 1678 ultima
1395 1613 1478 1680 de
1535 1635 1756 1702 yenue
1830 1620 2129 1682 remanet
2200 1614 2463 1696 brevis;
2552 1620 2622 1682 et
2694 1615 2843 1682 ideo
2912 1639 2953 1682 e

839 1713 1142 1800 liquescit
1207 1720 1329 1782 aut
1393 1721 1565 1782 esset
1635 1717 1857 1784 brevis
1934 1717 2195 1806 positio.
2316 1717 2421 1784 Ut
2487 1717 2805 1806 Virgilius
2870 1719 2951 1784 in

839 1814 1118 1884 AEneide
1163 1817 1313 1904 [xii.
1345 1818 1564 1908 709.]:

1127 1976 1162 2004 “
1196 1965 1386 2036 Inter
1429 1989 1500 2034 se
1545 1967 1774 2036 coiisse
1818 1967 1999 2036 viros
2044 1970 2385 2038 decernere
2428 1967 2702 2037 ferro.”¹

843 2129 1014 2198 Cum
1057 2135 1280 2198 tamen
1323 2129 1659 2217 liquescet,
1715 2136 1797 2197 ut
1838 2129 1887 2197 J
1889 2131 2186 2198 uvenah’s
2232 2131 2351 2217 [vi.
2386 2131 2561 2220 109]
2595 2155 2611 2197 :

1425 2298 1462 2326 ‘⁸
1491 2290 1682 2378 Saepe
1725 2289 2042 2358 stillantis
2084 2287 2365 2358 ocelli.”⁸

845 2453 1055 2524 Mutae
1099 2475 1258 2524 vero
1319 2461 1480 2523 sunt
1545 2476 1804 2537 novem,
1868 2453 2117 2522 scilicet
2178 2453 2343 2536 vita,
2383 2475 2683 2540 9amma,
2744 2454 2945 2538 delta,

845 2559 1039 2640 Uzita,
1085 2557 1334 2647 kappa,
1375 2557 1479 2646 pi,
1529 2558 1651 2646 tas,
1704 2555 1855 2645 phi,
1902 2557 2027 2624 chi.
2136 2557 2242 2624 De
2284 2557 2431 2624 istis
2474 2563 2695 2625 autem
2740 2561 2949 2624 mutis

842 2667 978 2728 tres
1065 2668 1226 2728 sunt
1297 2661 1535 2732 leviter
1593 2666 1664 2726 et
1736 2658 2043 2726 debiliter
2118 2659 2409 2747 prolatae,
2485 2664 2555 2727 et
2626 2667 2949 2727 vocantur

841 2763 1038 2842 lenee,
1083 2769 1163 2829 ut
1221 2763 1328 2849 pi,
1391 2761 1638 2850 kappa,
1684 2761 1799 2848 tas
1805 2786 1835 2842 ,·
1924 2767 1994 2828 et
2054 2766 2190 2829 tres
2256 2761 2513 2828 fortiter
2573 2768 2813 2828 sonant
2874 2767 2945 2828 et

842 2864 1152 2931 dicuntur
1216 2886 1440 2953 aspere
1507 2865 1809 2952 aspirare,
1870 2868 1951 2931 ut
2002 2861 2154 2951 phi,
2202 2861 2332 2944 chi,
2378 2861 2556 2931 thita
2572 2886 2603 2945 ,·
2676 2867 2744 2929 et
2810 2869 2944 2931 tres

839 2965 1209 3045 mediocres,
1252 2972 1336 3031 ut
1377 2964 1541 3044 vita,
1591 2986 1891 3053 9amm,
1936 2964 2133 3032 delta.
2224 2964 2555 3033 Dicuntur
2612 2972 2745 3031 troe
2803 2988 2945 3033 esse

837 3073 1149 3155 cognatae,
1194 3073 1275 3134 ut
1315 3066 1416 3155 pi,
1463 3067 1624 3149 vita,
1671 3066 1820 3154 phi,
1890 3068 2047 3155 quia
2104 3072 2347 3135 sonant
2396 3067 2573 3134 inter
2616 3067 2811 3149 labia,
2874 3073 2946 3135 et

838 3172 993 3257 quia
1063 3170 1458 3238 conformem
1529 3169 1779 3237 habent
1850 3192 2101 3252 sonum,
2172 3167 2305 3235 nisi
2377 3170 2557 3256 quod
2626 3170 2944 3236 differunt

837 3271 1194 3340 secundum
1283 3271 1642 3354 levitatem,
1731 3270 2268 3352 mediocritatem,
2346 3278 2416 3339 et
2502 3272 2941 3361 asperitatem.

839 3376 1040 3443 Unde
1083 3376 1233 3445 vita
1277 3382 1378 3443 est
1439 3376 1660 3444 media
1716 3374 1895 3442 inter
1944 3374 2077 3463 phi
2136 3380 2207 3441 et
2254 3372 2345 3463 pi
2366 3401 2394 3457 ;
2470 3381 2541 3443 et
2600 3375 2747 3442 ideo
2812 3376 2946 3443 fre·

839 3486 1120 3565 quenter
1179 3502 1318 3547 una
1374 3485 1676 3545 mutatur
1733 3476 1809 3543 in
1868 3478 2065 3543 aliam
2126 3483 2197 3544 et
2260 3479 2531 3563 ponitur
2602 3500 2719 3565 pro
2794 3478 2941 3545 alia.

837 3582 1160 3650 Similiter
1203 3604 1360 3649 vero
1403 3586 1698 3671 cognatae
1741 3585 1903 3646 sunt
1944 3580 2191 3667 kappa,
2236 3601 2533 3667 ywmma,
2582 3585 2650 3646 et
2694 3579 2827 3663 chi,
2872 3588 2943 3647 et

833 3684 1204 3751 formantur
1275 3686 1348 3751 in
1408 3704 1534 3749 ore.
1629 3682 1769 3770 Taf
1823 3704 1994 3762 vero,
2042 3688 2113 3749 et
2170 3681 2364 3761 delta,
2410 3688 2481 3748 et
2540 3682 2735 3761 thim,
2782 3690 2943 3749 sunt

834 3793 1132 3873 cognatae
1205 3791 1275 3853 et
1347 3784 1715 3851 formantur
1788 3784 1861 3850 in
1925 3788 2213 3871 gutture-
2302 3784 2657 3851 Sciendum
2732 3783 2942 3872 igitur

835 3888 1011 3973 quod
1062 3885 1197 3973 phi
1247 3892 1349 3954 est
1413 3892 1600 3954 muta
1665 3886 2025 3953 necessario
2086 3891 2356 3975 propter
2416 3892 2728 3975 cognatas
2786 3908 2941 3953 suas

834 4010 982 4075 quae
1041 3994 1199 4054 sunt
1243 3994 1499 4071 mutae,
1482 4014 1498 4029 ·
1563 3994 1632 4054 et
1674 4010 1813 4055 non
1858 3988 2084 4054 differt
2126 4010 2167 4053 a
2217 3988 2307 4075 pi
2358 3988 2492 4053 nisi
2536 4011 2653 4075 per
2696 3989 2940 4077 aspira-

831 4091 1095 4157 tionem.
1187 4090 1321 4157 Sed
1389 4091 1705 4181 aspiratio
1749 4112 1890 4157 non
1934 4095 2155 4158 mutat
2204 4090 2648 4157 substantiam
2708 4090 2935 4157 literae.

833 4192 1001 4259 Cum
1047 4192 1256 4281 igitur
1299 4194 1478 4282 apud
1523 4192 1797 4261 Latinos
1833 4193 1889 4281 f
1937 4192 2293 4281 accipiatur
2349 4193 2423 4258 in
2488 4192 2745 4259 Latinis
2804 4192 2940 4259 dic·

829 4292 1128 4363 tionibus
1201 4296 1372 4363 sicut
1437 4294 1574 4383 phi
1647 4295 1827 4382 apud
1904 4294 2179 4375 Graeoos,
2236 4300 2494 4383 oportet
2552 4295 2727 4382 quod
2754 4294 2813 4381 f
2845 4296 2937 4361 sit

827 4405 1030 4465 muta..
1121 4398 1215 4464 Et
1257 4398 1398 4466 haec
1441 4404 1542 4466 est
1586 4398 1917 4465 sententia
1960 4394 2294 4477 Prisciani,
2326 4402 2407 4463 ut
2449 4398 2633 4487 prius
2682 4402 2937 4464 tactum

826 4780 856 4831 f
895 4703 910 4733 ¹
935 4700 1185 4831 dcchclrnerc
1224 4700 1397 4768 fetro]
1457 4708 1510 4753 et
1549 4699 1833 4751 discurrere
1963 4713 1984 4743 ²
2004 4710 2168 4780 ocelli]
2206 4710 2393 4775 ancelli,
2414 4710 2529 4765 MS·

848 4780 981 4843 erim,
1065 4782 1120 4834 S.
