3517 5750
572 2092 689 2145 Had
712 2096 843 2145 donc

571 2162 721 2211 much
744 2169 799 2213 to

573 2237 776 2292 corrupt

570 2294 811 2361 learning.

908 862 1041 929 430
1665 878 1926 929 nouum
1969 876 2268 929 sacoma
2831 861 3022 949 [car.

906 1054 1150 1121 diendo
1194 1058 1263 1121 et
1307 1054 1597 1123 docendo
1626 1054 1737 1123 vel
1781 1054 1930 1121 dico
1975 1056 2328 1123 veritatem
2374 1054 2690 1121 fratribus
2731 1054 3022 1121 istorum

906 1156 1228 1237 ordinum,
1293 1164 1363 1224 et
1424 1159 1635 1225 scribo
1682 1158 1861 1245 quod
1927 1158 2370 1245 respondeant
2411 1158 2576 1223 mihi
2621 1157 2774 1224 huic
2817 1180 3022 1244 argu-

906 1262 1169 1325 mento:
1250 1261 1579 1348 Discipuli
1640 1268 1800 1327 sunt
1860 1260 2155 1327 haeretiei
2215 1266 2283 1328 et
2343 1282 2772 1346 praecursores
2815 1260 3022 1327 Anti-

906 1362 1152 1443 christi,
1230 1368 1311 1429 ut
1384 1386 1505 1429 vos
1572 1365 1814 1445 dicitis,
1877 1369 1946 1429 et
2020 1384 2300 1443 verum3
2375 1363 2586 1449 igitur
2659 1384 2778 1429 vos
2851 1364 3018 1429 estis

906 1464 1195 1531 haeretici
1238 1470 1311 1533 et
1354 1466 1659 1554 discipuli
1706 1464 2122 1533 Antichristi.
2213 1464 2346 1531 Sed
2419 1463 2680 1531 nullum
2743 1465 3018 1531 invenio

906 1569 1023 1653 qui
1090 1566 1412 1634 dissolvat
1478 1574 1966 1657 argumentum,
2033 1566 2189 1633 licet
2255 1587 2482 1633 omncs
2555 1570 2802 1653 negent
2859 1588 3018 1633 con-

906 1669 1275 1735 clusionem.
1370 1672 1499 1738 Pro
1588 1676 1770 1737 certo
1853 1670 2064 1758 igitur
2151 1670 2452 1755 sequitur
2525 1669 2851 1735 conclusio
2926 1692 3016 1737 ex

906 1774 1275 1861 praemissis,
1324 1774 1452 1839 nisi
1516 1775 1675 1860 quia
1726 1778 1946 1840 status
2007 1778 2276 1839 sanctus
2339 1774 2457 1851 est,
2509 1777 2580 1837 et
2639 1772 3018 1838 innocentia

900 1875 1225 1962 juvenum
1300 1878 1703 1943 intrantium
1787 1877 1908 1941 hos
1993 1875 2256 1941 ordines
2329 1874 2663 1942 salvarent
2735 1895 2846 1943 eos
2925 1875 3016 1941 ab

906 1978 1140 2047 haeresi
1184 1984 1255 2046 et
1298 2002 1341 2045 a
1384 1981 1585 2047 titulo
1628 1979 2050 2045 Antichristi.

996 2082 1130 2149 Sed
1173 2105 1289 2169 pro
1336 2088 1513 2149 certo
1541 2104 1677 2148 non
1717 2086 1877 2147 sunt
1921 2082 2246 2145 immunes
2275 2102 2318 2145 a
2345 2078 2762 2166 corruptione
2805 2080 3018 2145 studii

906 2186 1263 2272 sapientise,
1320 2186 1403 2251 de
1450 2206 1584 2271 qua
1626 2188 2042 2272 praesumunt
2109 2187 2178 2249 et
2243 2181 2412 2247 nihil
2457 2182 2732 2269 dignum
2777 2184 3014 2249 sciunt.

904 2284 997 2353 Et
1040 2288 1189 2353 ideo
1222 2288 1404 2354 Deus
1437 2287 1689 2373 justam
1720 2308 1988 2374 poenam
2023 2284 2256 2350 intulit
2291 2285 2404 2363 eis,
2437 2290 2508 2351 et
2551 2284 2854 2371 permisit
2898 2307 3016 2351 eos

905 2390 1284 2476 exprobrari
1342 2388 1413 2455 in
1458 2388 1733 2455 solemni
1779 2388 2004 2455 studio
2047 2410 2090 2453 a
2141 2386 2478 2473 discipulis
2521 2386 2676 2467 suis,
2705 2408 2824 2473 per
2867 2387 3015 2451 vias

904 2498 975 2558 et
1016 2492 1329 2559 exercitia
1387 2490 1770 2559 scholastica
1835 2490 2129 2577 legendO,
2195 2488 2612 2576 disputando,
2661 2494 2730 2555 et
2773 2490 3016 2576 praedi-

902 2597 1126 2676 cand0,
1175 2602 1244 2662 et
1290 2594 1679 2675 scribendo;
1754 2600 1835 2659 ut
1886 2594 2126 2658 saltem
2191 2592 2284 2657 sic
2347 2591 2670 2678 flagellati
2735 2592 3010 2657 tandem

903 2700 1287 2785 resipiscant
1353 2698 1441 2764 ab
1485 2718 1699 2763 errore
1743 2696 1968 2775 studii,
2045 2696 2217 2761 sicut
2274 2694 2398 2761 filii
2469 2694 2676 2761 Israel
2717 2696 3010 2782 corrupti

902 2822 1117 2867 errore
1158 2800 1321 2888 legis
1356 2801 1484 2867 Dei
1512 2799 1828 2888 flagellati
1871 2804 2030 2864 sunt
2072 2820 2115 2863 a
2157 2797 2456 2886 pessimis
2515 2798 2893 2863 hominibus
2937 2804 3012 2865 et

898 2905 1167 2970 correcti
1194 2928 1211 2986 3
1258 2925 1539 2990 quorum
1582 2903 2020 2990 flagellatores
2065 2903 2246 2967 Deus
2291 2902 2627 2968 destruxit
2670 2901 3004 2968 finaliter:

896 3007 986 3072 sic
1060 3005 1358 3072 destruet
1434 3005 1616 3071 Deus
1684 3007 1847 3072 istos
1923 3004 2278 3082 saeculares,
2357 3004 2474 3090 qui
2544 3003 3012 3091 blasphemant

895 3109 1181 3196 gratiam
1236 3107 1379 3186 Dei,
1429 3130 1577 3194 quae
1640 3109 1800 3174 data
1858 3111 1962 3172 est
2019 3106 2356 3193 religiosis.
2451 3106 2784 3187 Quoniam
2855 3113 3009 3174 tota

896 3211 1163 3276 ecclesia
1188 3210 1410 3276 tenuit
1438 3231 1645 3296 usque
1674 3232 1854 3276 nunc
1882 3210 2062 3296 quod
2089 3213 2308 3274 status
2351 3209 2684 3296 religionis
2727 3210 2817 3276 sit
2857 3231 3006 3296 per-

894 3315 1122 3380 fectior
1166 3319 1347 3380 statu
1390 3313 1818 3380 saecularium.
1911 3311 2044 3378 Sed
2087 3311 2390 3398 magistri
2425 3311 2716 3378 Parisius
2762 3312 3006 3379 docent

896 3417 979 3484 de
1021 3417 1219 3504 plano
1272 3417 1689 3493 contrarium,
1752 3419 1822 3479 et
1881 3413 2237 3502 multiplici
2281 3413 2711 3501 sophismate¹
2769 3415 3006 3480 confir-

892 3527 1094 3588 mant
1190 3519 1283 3585 Et
1315 3520 1459 3606 jam
1489 3519 1950 3584 coloraverunt
1979 3517 2071 3583 sic
2099 3517 2476 3603 opinionem
2521 3539 2726 3596 suam,
2773 3521 2855 3583 ut
2881 3519 3004 3583 vix

893 3625 984 3690 sit
1028 3643 1322 3709 unquam
1368 3620 1674 3709 possibile
1716 3625 1798 3684 ut
1841 3621 2222 3686 destruatur
2265 3619 2406 3686 haec
2466 3619 2747 3698 haeresis,
2798 3620 3004 3686 donec

894 3726 1299 3812 compleatur
1348 3746 1466 3811 per
1511 3721 2020 3798 Antichristum,
2070 3721 2188 3806 qui
2235 3743 2386 3788 cum
2433 3720 2570 3786 suis
2629 3721 3004 3790 fautoribus

892 3851 935 3893 a
986 3827 1271 3892 Domino
1318 3826 1366 3891 J
1368 3849 1483 3892 esu
1538 3825 1800 3892 Christo
1849 3825 2242 3902 destruetur,
2295 3827 2368 3890 et
2413 3829 2776 3910 appareant
2811 3825 3001 3891 electi

894 3929 1037 4006 Dei,
1085 3934 1155 3993 et
1198 3928 1490 3994 reluceat
1540 3928 1790 3992 veritas
1848 3927 1923 3992 in
1980 3927 2104 3992 hoc
2163 3926 2428 3993 mundo,
2523 3926 3001 3994 Coloraverunt

893 4029 1159 4116 quidem
1218 4030 1611 4115 nequissime
1670 4030 2038 4096 sententias
2107 4051 2258 4094 suas
2316 4030 2390 4093 in
2458 4029 2599 4107 hoc,
2649 4030 2826 4116 quod
2885 4030 2999 4095 de-

893 4133 1226 4199 duxerunt
1298 4153 1407 4197 eas
1485 4132 1571 4198 ad
1649 4132 2089 4198 defensionem
2148 4137 2363 4198 status
2445 4130 2868 4218 praelatorum
2928 4137 3002 4198 et

892 4235 1143 4301 domini
1197 4257 1385 4323 papae
1439 4241 1507 4301 et
1552 4235 2020 4322 episcoporum,
2081 4239 2444 4300 asserentes
2501 4235 2679 4320 quod
2739 4234 3000 4322 praelati

896 4345 1053 4405 sunt
1110 4339 1181 4402 in
1242 4337 1477 4424 majori
1535 4337 1934 4425 perfectione
1993 4336 2442 4416 ecclesiastica,
2505 4337 2709 4402 etiarn
2769 4359 2996 4402 secun-

983 4583 1057 4590 --a—
1087 4583 1236 4590 ——---
1271 4584 1332 4589 --
1378 4581 1660 4588 ...-.-..----—-

1488 4761 1501 4790 ¹
1528 4756 1841 4824 sophismate]
1879 4755 2246 4821 sophismatice,
2269 4753 2382 4808 MS.
