3517 5750
523 1985 552 2022 0
555 1985 688 2022 eeeee

862 820 948 886 62
1623 833 1882 886 nocam
1927 832 2217 884 moerus
2782 815 2957 904 [cu.

857 1027 1007 1092 quse
1063 1007 1423 1076 necessaria
1479 1015 1640 1076 sunt
1695 1009 1843 1090 sibi,
1903 1007 2205 1096 quamvis
2254 1005 2525 1094 juvenis
2575 1005 2667 1072 sit
2714 1003 2959 1092 viginti

817 1199 822 1204 Δ
859 1131 1182 1178 annorum
1226 1115 1344 1180 aut
1387 1109 1632 1198 viginti
1675 1117 1744 1182 et
1787 1111 1987 1180 unius
2030 1111 2119 1180 ad
2160 1109 2324 1198 plus.
2434 1107 2615 1179 Nam
2672 1129 2811 1177 non
2858 1129 2956 1174 re-

859 1212 1108 1279 mansit
1144 1233 1317 1282 nnus
1357 1211 1662 1292 Pas-isius,
1705 1213 1823 1300 qui
1864 1217 2131 1284 tantum
2168 1212 2363 1286 novit
2406 1212 2487 1284 de
2530 1209 2958 1298 philosophias

857 1313 1200 1396 radicibus,
1246 1315 1546 1403 quamvis
1597 1337 1835 1398 ramos,
1879 1321 1949 1388 et
1995 1315 2203 1394 flores,
2250 1319 2322 1388 et
2368 1313 2620 1386 fra-uetus
2663 1312 2958 1382 nondum

858 1417 1246 1502 produxerit
1289 1422 1559 1504 propter
1599 1422 1871 1488 aetatem
1907 1417 2276 1506 juvenilem
2302 1439 2321 1498 ς
2366 1421 2435 1486 et
2474 1417 2633 1503 quia
2675 1436 2814 1484 non
2859 1419 2960 1480 est

859 1523 1170 1604 expertus
1213 1519 1288 1588 in
1333 1519 1638 1590 docendo.
1743 1519 1877 1588 Sed
1922 1519 2125 1588 habet
2174 1518 2353 1590 unde
2412 1539 2637 1587 omnes
2688 1517 2959 1586 Latinos

858 1621 1296 1702 transcendat,
1342 1622 1401 1688 si
1443 1621 1634 1692 vivat
1675 1644 1884 1708 usque
1934 1623 2022 1688 ad
2072 1625 2489 1701 senectutem,
2537 1625 2608 1691 et
2650 1618 2961 1710 procedat

859 1723 1216 1792 secundum
1259 1722 1691 1794 fundamenta
1731 1745 1881 1810 quae
1922 1723 2139 1792 habet.

583 1835 814 1954 ῑεξωξίοιῖ
950 1824 1138 1894 Sicut
1207 1847 1366 1894 vero
1440 1831 1680 1896 vostrae
1753 1826 2097 1912 sapientise
2170 1822 2699 1913 magnitudinem
2774 1823 2959 1892 decet

857 1926 1180 1996 mediator
1251 1926 1538 2014 prudens
1610 1933 1681 1994 et
1745 1927 1915 1998 bene
1988 1929 2367 2008 instructus,
2436 1927 2531 1996 sic
2590 1931 2661 1996 et
2720 1929 2958 1996 vestrae

859 2029 1231 2096 sanctitatis
1303 2029 1680 2098 eminentiae
1703 2027 1724 2066 ¹
1788 2034 2054 2098 sanctus
2127 2029 2441 2098 convenit
2500 2024 2959 2097 interventor.²

861 2130 952 2198 Et
993 2132 1154 2222 quia
1195 2153 1333 2200 non
1377 2133 1565 2200 decet
1607 2137 1689 2200 ut
1745 2131 1983 2218 aliquis
2027 2132 2311 2220 peccatis
2363 2130 2627 2200 deditus
2669 2135 2957 2200 vestram

857 2233 1230 2319 frequentet
1275 2235 1715 2316 sanctitatem,
1761 2235 1913 2302 ideo
1959 2233 2113 2302 volo
2158 2233 2383 2302 nuntii
2412 2233 2840 2302 idoneitatem
2885 2231 2958 2300 in

856 2336 1003 2402 vita
1047 2335 1339 2424 aperire?
1429 2337 1602 2404 Vere
1653 2336 1824 2402 nihil
1870 2336 1998 2404 sibi
2056 2337 2350 2404 conscius
2408 2341 2510 2406 est
2556 2335 2639 2404 de
2697 2337 2959 2422 peccato

857 2438 1142 2518 mortali,
1219 2439 1334 2506 sed
1391 2438 1582 2527 virgo
1641 2438 2111 2508 mundissimus
2128 2437 2155 2481 ⁴
2213 2461 2257 2506 a
2324 2461 2430 2510 me
2488 2438 2765 2516 recessit,
2841 2457 2960 2504 nec

857 2539 1108 2606 habens
1163 2540 1439 2626 alicujus
1504 2540 1973 2608 conscientiam
2046 2539 2344 2608 mortalis
2416 2540 2769 2658 peccatia
2840 2559 2960 2608 sua

858 2642 1232 2710 nativitate.
1320 2642 1390 2708 N
1390 2665 1498 2708 am
1564 2643 1688 2710 hoc
1755 2643 2105 2730 diligenter
2169 2643 2483 2728 inquisivi
2542 2647 2613 2710 et
2667 2640 2793 2708 feci
2857 2641 2959 2708 in-

859 2742 1051 2829 quiri,
1097 2749 1167 2810 et
1205 2749 1420 2810 certus
1465 2765 1602 2812 esse
1645 2745 1838 2812 credo
1883 2746 1965 2811 de
2010 2744 2150 2826 hoc,
2200 2746 2373 2812 sicut
2418 2743 2597 2830 quod
2634 2765 2754 2810 vos
2806 2743 2960 2810 estis

857 2845 928 2910 in
975 2845 1380 2913 sublimitate
1422 2844 1680 2933 papali⁶
1709 2847 2061 2915 decoratus.
2154 2846 2301 2915 Et
2282 2870 2356 2915 m
2393 2847 2515 2913 hoc
2558 2844 2753 2914 valde
2796 2843 2962 2913 mihi

857 2949 1260 3038 complacet}³
1317 2951 1493 3037 quod
1567 2958 1791 3019 vestra
1856 2954 2206 3021 clementia
2277 2976 2350 3021 re
2408 2957 2478 3021 et
2532 2952 2803 3019 nomine
2859 2952 2959 3019 in-

858 3054 1082 3121 veniet
1128 3054 1442 3143 juvenem
1501 3054 1909 3134 clementem,
1972 3056 2331 3145 benignum
2392 3062 2463 3123 et
2522 3059 2957 3135 mansuetum,

857 3156 1118 3222 fidelem
1160 3156 1233 3222 in
1277 3156 1648 3236 commissis,
1694 3180 1832 3223 non
1873 3159 2209 3245 loquacem
2254 3180 2377 3224 nec
2420 3157 2799 3251 bilinguem,
2844 3154 2960 3221 sed

857 3264 1248 3325 secretorum
1293 3259 1615 3347 optimum
1661 3260 2027 3327 celatorem.
2118 3259 2210 3326 Et
2255 3260 2413 3327 licet
2450 3259 2623 3327 nihil
2669 3256 2961 3326 conscius

856 3360 962 3441 sit,
1023 3367 1250 3429 tamen
1323 3384 1460 3428 non
1533 3362 1610 3428 in
1674 3362 1799 3429 hoc
1862 3362 2280 3450 justificatus.
2374 3362 2467 3429 Et
2524 3361 2673 3429 ideo
2736 3364 2817 3431 ut
2873 3359 2961 3427 ab

856 3464 1124 3532 occultis
1181 3464 1318 3531 suis
1385 3465 1664 3533 mundet
1720 3485 1871 3530 eum
1934 3465 2135 3545 Deus,
2196 3470 2267 3529 et
2326 3464 2409 3531 de
2466 3461 2961 3533 necessitatibus

855 3567 994 3654 ejus
1054 3573 1243 3633 eruat
1294 3588 1463 3649 eum,
1519 3572 1588 3633 et
1645 3573 1727 3632 ut
1785 3566 1875 3633 sit
1935 3566 2079 3633 Deo
2136 3571 2369 3653 gratus
2428 3566 2510 3633 de
2554 3564 2787 3653 gratiis
2830 3564 2960 3629 sibi

855 3670 1126 3749 collatis,
1186 3690 1262 3734 ac
1319 3673 1588 3756 propter
1653 3668 2025 3735 custodiam
2084 3690 2221 3735 suae
2282 3667 2669 3747 sanctitatis,
2730 3662 2959 3753 atque⁷

854 3773 1124 3855 propter
1169 3770 1404 3835 mundi
1447 3775 1726 3857 peccata,
1775 3770 2148 3838 adolescens
2194 3792 2314 3858 pto
2360 3771 2501 3839 loco
2552 3776 2625 3841 et
2668 3774 2960 3858 tempore

855 3870 1100 3957 gaudet
1144 3870 1325 3939 carni
1369 3892 1506 3939 suae
1550 3872 1835 3941 cilicium
1878 3872 2204 3941 adhibere.

966 4259 1257 4327 minantia]
1294 4260 1631 4323 eminentiam,
1663 4261 1724 4315 B.
1958 4260 2284 4315 mandisti-a.
2376 4261 2473 4317 See
2511 4258 2651 4327 Opus
2682 4258 2869 4325 Majus,
2912 4274 2959 4327 p.

922 4340 943 4369 ³
963 4339 1277 4407 interventor]
1305 4340 1620 4402 intercessor,
1637 4340 1760 4392 with
1781 4339 1859 4390 in·
1961 4344 2076 4393 447.

854 4426 1110 4471 tei-ventor
1129 4418 1328 4471 written
1349 4434 1470 4471 over
1491 4419 1546 4481 it,
1565 4420 1622 4469 in
1643 4419 1705 4472 T.
2026 4420 2047 4451 ⁸
2058 4418 2265 4489 papali]
2304 4420 2498 4471 deleted
2519 4420 2573 4469 in
2593 4420 2654 4471 B.

919 4500 939 4529 ⁸
959 4499 1182 4565 apa-ire]
1221 4513 1480 4563 apparere,
1502 4498 1570 4551 U.
2026 4498 2047 4527 ⁸
2066 4496 2351 4565 complacet]
2388 4514 2504 4550 cum
2524 4500 2701 4565 placet,
2732 4498 2793 4549 B.

918 4578 936 4609 ⁴
957 4576 1319 4644 mundissimus]
1390 4576 1453 4631 T.
1485 4577 1547 4631 Β.
1637 4576 1741 4628 But
1794 4575 1862 4631 U.
2029 4578 2047 4608 '
2068 4576 2239 4647 atque]
2276 4592 2351 4642 ae,
2388 4576 2449 4631 T.
