3517 5750
613 783 764 870 xx]
1401 795 1578 846 orus
1621 793 1944 848 mnan.
2634 778 2719 844 63

1483 1141 1642 1218 cir.
1674 1143 1825 1214 XX.

703 1333 772 1400 Ν
775 1349 860 1402 no
905 1334 1118 1400 solum
1170 1356 1256 1400 ex
1305 1334 1427 1401 hac
1473 1357 1669 1402 causa.
1729 1333 1927 1401 mitto
1972 1332 2285 1400 nuntium
2330 1331 2551 1420 istum,
2607 1333 2723 1400 sed
2745 1345 2865 1397 Had
2886 1361 2964 1397 se-

619 1431 716 1502 ut·
741 1440 968 1526 pateat
1013 1437 1190 1524 quod
1248 1436 1420 1502 nihss
1481 1429 1580 1504 est
1641 1434 1903 1502 diffiefle
1960 1435 2215 1502 homini
2274 1435 2578 1526 <fingenti
2653 1441 2722 1500 et
2745 1413 3034 1530 ffihgm

614 1530 990 1620 confidenti,
1036 1538 1340 1624 quamvis
1383 1539 1723 1626 negligens
1768 1543 1887 1604 aut
1940 1537 2286 1624 desperans
2330 1560 2372 1604 a
2415 1559 2483 1604 se
2530 1559 2720 1603 omne
2745 1545 2899 1611 proof
2915 1547 2976 1595 of

616 1641 793 1728 quod
848 1640 1098 1708 bonum
1158 1647 1259 1707 est
1318 1639 1625 1706 excludit.
1719 1639 1891 1708 Cum
1944 1641 2120 1706 enim
2170 1641 2279 1709 hic
2326 1639 2721 1730 juvenculus
2744 1612 3055 1730 ζθωαζοξῗιῖᾶ

616 1743 988 1830 quindecim
1019 1764 1342 1810 annorum
1372 1742 1560 1808 venit
1603 1742 1690 1808 ad
1733 1764 1857 1822 me,
1889 1748 1959 1810 et
2000 1764 2265 1836 pauper,
2296 1763 2431 1808 non
2472 1742 2721 1809 habens
2743 1746 2940 1810 plished
2962 1747 3035 1810 by

614 1845 790 1911 unde
834 1845 1106 1926 viveret,
1152 1867 1273 1914 nec
1330 1844 1677 1936 magistros
1735 1843 2127 1912 sufficientes
2182 1845 2539 1925 inveniens,
2600 1868 2720 1912 nec
2742 1812 2885 1928 ἓξὲξ
2895 1812 2991 1929 ἐξ*
2990 1827 3024 1861 ⁰

614 1947 966 2014 benevolos
1063 1953 1331 2036 propter
1435 1950 1892 2039 paupertatem
1978 1970 2181 2028 suam,
2284 1969 2404 2016 nec
2499 1949 2720 2039 posuit
2743 1945 2911 2060 fimus
2932 1945 2993 1996 of

618 2050 1060 2138 quantitatem
1104 2050 1303 2116 unius
1346 2049 1504 2115 anni
1549 2049 1622 2115 in
1668 2046 2031 2130 discend0‚¹
2083 2071 2161 2116 eo
2205 2051 2381 2138 quod
2424 2051 2721 2140 oportuit
2762 2025 2990 2078 earmng.

619 2173 769 2219 eum
834 2150 1080 2218 servire
1153 2151 1246 2220 eis
1323 2152 1438 2243 qui
1513 2151 1765 2218 dabant
1840 2151 1901 2217 ei
1974 2153 2350 2234 necessaria,
2426 2153 2500 2220 in
2572 2153 2675 2218 his
2691 2152 2718 2190 2

621 2277 769 2341 quse
817 2253 1053 2322 didicit
1096 2275 1232 2322 non
1291 2253 1553 2323 invenit
1597 2254 1885 2342 aliquem
1900 2252 1931 2292 ⁸
1980 2275 2099 2344 per
2144 2255 2307 2320 duos
2355 2276 2561 2320 annos
2606 2255 2719 2342 qui

624 2357 888 2424 doceret
931 2378 1082 2428 eum
1127 2377 1336 2422 unum
1375 2357 1674 2436 verbum,
1707 2361 1778 2422 et
1828 2361 2053 2422 tamen
2104 2357 2227 2423 scit
2270 2361 2376 2430 tot
2419 2363 2488 2424 et
2532 2361 2722 2424 tanta

619 2465 887 2548 propter
961 2459 1210 2525 bonum
1285 2459 1627 2526 consilium
1720 2457 1897 2545 quod
1982 2457 2235 2540 habuit,
2312 2464 2381 2525 et
2454 2466 2722 2548 propter

621 2561 744 2627 hoc
817 2560 994 2650 quod
1067 2561 1361 2648 speravit
1422 2565 1491 2626 et
1569 2559 1853 2651 diligens
1928 2560 2109 2640 fuit3
2190 2568 2440 2648 quanto
2512 2563 2721 2652 magis

620 2685 742 2729 nos
787 2685 990 2745 senes,
1043 2663 1160 2748 qui
1212 2685 1439 2729 sumus
1492 2663 1835 2730 exercitati
1884 2662 1958 2728 in
2010 2663 2349 2754 sapientia,
2412 2667 2470 2736 si
2514 2667 2719 2733 consi-

622 2767 921 2833 deremus
979 2771 1048 2832 et
1107 2765 1457 2852 diligentes
1515 2765 1735 2843 simus,
1793 2765 2129 2834 vincemus
2189 2769 2423 2835 omnia.
2525 2768 2719 2840 Certe

621 2892 758 2935 non
805 2876 906 2937 est
947 2867 1386 2959 comparatio:
1441 2867 1600 2955 quia
1655 2867 2045 2937 Aristoteles
2105 2869 2271 2937 dicit
2313 2872 2385 2941 in
2444 2872 2725 2963 septimo

623 2970 1026 3053 Ethieorum‚
1045 2970 1073 3007 ⁴
1151 2969 1328 3057 quod
1367 2987 1373 2993 ·
1401 2970 1684 3061 juvenes
1742 2993 1879 3037 non
1944 2976 2221 3063 possunt
2271 2975 2582 3065 proficere
2654 2975 2727 3042 in

623 3074 1100 3167 sapientalime
1143 3073 1314 3139 sicut
1369 3072 1678 3153 seniores,
1723 3074 1881 3159 quia
1938 3097 2073 3145 nou
2126 3080 2283 3141 sunt
2341 3078 2729 3167 prudentes3

623 3182 693 3242 et
734 3198 994 3243 causam
1039 3197 1239 3266 quare
1281 3196 1416 3241 non
1461 3180 1618 3240 sunt
1659 3176 2015 3263 prudentes
2060 3177 2363 3265 assignat,
2396 3180 2552 3270 quia
2594 3203 2730 3247 non

623 3283 780 3345 sunt
829 3278 1086 3367 experti
1135 3301 1254 3364 per
1303 3277 1785 3365 longitudinem
1842 3280 2173 3368 temporis.
2265 3280 2357 3347 Et
2414 3280 2489 3345 in
2533 3283 2729 3347 tertio

627 3381 730 3447 De
796 3380 1042 3447 Anima
1111 3379 1275 3447 dicit
1348 3380 1506 3469 quia.
1593 3378 1968 3448 intellectus
2048 3385 2270 3445 noster
2338 3372 2731 3450 convalescit

625 3488 694 3551 et
751 3482 1145 3549 fortificatur
1193 3503 1312 3569 per
1362 3482 1899 3549 exercitationem
1958 3480 2345 3563 intellectus,
2394 3488 2463 3555 et
2520 3484 2730 3573 magis

629 3607 706 3651 ac
778 3585 984 3672 magis
1057 3584 1412 3675 vigor-atur.
1567 3583 1660 3649 Et
1731 3583 1881 3649 ideo
1955 3582 2325 3657 intellectus
2400 3585 2728 3657 seniorum

633 3686 844 3774 magis
887 3692 956 3753 et
973 3684 1001 3723 ⁶
1042 3686 1252 3777 magis
1304 3685 1702 3754 fortificatur
1749 3692 2017 3773 propter
2066 3688 2600 3759 consuetudinem
2661 3696 2731 3756 et

631 3810 826 3853 usum
899 3788 1288 3877 sapientisef,
1379 3788 1549 3857 siout
1622 3789 1819 3855 homo
1878 3795 2225 3859 consuetus
2296 3790 2384 3857 ad
2440 3793 2730 3881 aliquam

631 3891 1072 3979 operationem
1109 3890 1365 3959 facilius
1409 3890 1604 3959 faciet
1651 3913 1815 3971 eam,
1850 3913 2049 3978 quam
2092 3892 2261 3963 alius
2292 3894 2407 3987 qui
2450 3916 2587 3963 non
2631 3902 2732 3965 est

630 3998 943 4061 assuetus.

706 4094 799 4161 Et
828 4096 1076 4162 Beatus
1115 4094 1369 4173 Petrus,
1417 4094 1602 4183 cujus
1631 4094 1792 4161 estis
1836 4117 2172 4178 successor,
2206 4097 2551 4185 disputans
2581 4123 2731 4166 con·
2759 4110 2871 4162 The
2894 4108 2980 4161 old

631 4202 737 4264 tra
796 4196 1129 4267 Simonem
1174 4196 1447 4287 Magum
1505 4196 1825 4285 arguebat
1882 4196 2450 4267 immortalitatem
2494 4204 2733 4271 animae
2756 4192 2893 4229 '¹³⁰¹‘
2914 4191 3067 4241 “¹¹³⁶’'

2757 4243 2942 4296 ditione
2962 4243 3019 4294 in

701 4518 717 4550 ¹
741 4516 991 4583 discen-do]
1018 4516 1332 4579 addiscendo,
1353 4516 1415 4569 Β.
1437 4515 1510 4571 U.
1790 4518 1810 4549 ⁴
1829 4518 2029 4583 septimo
2066 4516 2383 4587 Echio-orum]
2427 4520 2497 4575 vi.
2538 4526 2585 4573 8.
2622 4520 2727 4589 (1³).

701 4596 924 4663 unffi]
961 4610 1063 4649 om.
1097 4596 1163 4649 Τ.
1724 4596 2079 4651 See-hom.

703 4678 724 4709 ⁸
743 4674 974 4744 aliqum]
1011 4674 1299 4741 aliquando,
1332 4674 1398 4729 Τ.
1790 4676 1811 4705 ⁸
1832 4674 1906 4741 et]
1947 4690 2023 4739 ac,
2058 4676 2121 4729 Τ.
