3517 5750
600 858 793 949 m]
1396 872 1571 923 orus
1614 871 1938 925 'mmm
2572 856 2705 932 28⁸7

599 1054 863 1119 minuta
904 1056 975 1119 et
1018 1050 1466 1139 quadraginta
1504 1050 1812 1134 secunda,
1856 1051 2104 1138 quibus
2171 1055 2408 1139 quater
2459 1073 2706 1119 noven-

598 1156 809 1223 decim
853 1155 1014 1221 anni
1056 1155 1314 1234 solares,
1362 1154 1481 1240 qui
1522 1152 1779 1221 faciunt
1822 1154 2252 1243 septuaginta.
2297 1176 2417 1221 sex
2477 1176 2704 1238 annos,

600 1259 932 1325 excedunt
974 1279 1126 1325 suas
1167 1257 1559 1324 lunationes.

688 1361 783 1429 Et
824 1361 933 1428 hic
998 1364 1103 1427 est
1144 1360 1397 1447 primus
1457 1378 1639 1427 error
1688 1358 2008 1427 notabilis
2051 1381 2250 1447 quem
2293 1382 2337 1427 s.
2379 1362 2705 1450 principio
2731 1367 2843 1418 The
2859 1371 3041 1420 second

599 1464 873 1545 notavi3
918 1484 1005 1531 ex
1045 1484 1179 1550 quo
1222 1462 1527 1549 sequitur
1568 1462 1910 1530 secundus.
2005 1462 2074 1529 Ν
2075 1486 2184 1530 am
2213 1464 2272 1530 si
2312 1465 2706 1553 accipiamus
2729 1450 2881 1487 “¹⁸⁰¹'‘

600 1572 839 1653 quater
894 1566 1321 1655 septuaginta
1360 1586 1477 1632 sex
1522 1586 1748 1647 armoe,
1803 1566 1919 1652 qui
1957 1564 2215 1633 faciunt
2255 1571 2587 1635 trecentos
2639 1573 2708 1635 et

599 1674 885 1756 quatuor
948 1689 1175 1751 annos,
1226 1667 1637 1757 superabunt
1702 1690 1856 1735 suas
1917 1668 2292 1735 lunationes
2350 1669 2426 1735 in
2473 1676 2710 1757 quater

598 1772 929 1840 sexdecim
994 1772 1275 1839 minutis
1332 1776 1403 1838 et
1465 1771 1910 1859 quadraginta,
1974 1772 2296 1839 secundis.
2391 1772 2526 1840 Sed
2571 1774 2710 1841 haec

599 1879 867 1963 sumpts.
910 1876 1148 1961 quater
1206 1874 1461 1941 faciunt
1502 1896 1715 1941 unum
1758 1873 1955 1954 diem,
2019 1880 2090 1941 et
2148 1896 2267 1943 sex
2309 1876 2590 1957 minuta,
2639 1883 2708 1944 et

598 1978 1047 2067 quadraginta.
1118 1978 1447 2043 secunde:
1508 1976 1914 2065 relinquitur
1972 1978 2184 2065 igitur
2249 1999 2432 2045 error
2478 2002 2706 2048 secun-

598 2080 737 2160 dus,
828 2080 1011 2171 quod
1075 2081 1359 2148 trecenti
1434 2086 1507 2147 et
1579 2084 1870 2167 quatuor
1932 2082 2093 2147 anni
2167 2088 2483 2169 superant
2556 2106 2708 2151 suas

598 2183 977 2251 lunationes
1049 2182 1125 2249 in
1197 2204 1334 2249 uno
1408 2182 1534 2265 die,
1600 2187 1673 2251 et
1744 2204 1864 2249 sex
1936 2184 2216 2250 minutis
2277 2184 2480 2253 unius
2553 2186 2707 2267 diei,

596 2292 667 2353 et
710 2286 1156 2375 quadraginta
1216 2284 1539 2353 secundis.
1654 2286 1747 2353 Et
1789 2287 1938 2353 ideo
2003 2286 2247 2353 accidit
2308 2287 2484 2374 quod
2557 2294 2708 2375 post

596 2393 931 2455 trecentos
992 2392 1065 2455 et
1124 2393 1413 2475 quatuor
1488 2408 1713 2470 amice,
1788 2393 1870 2455 ut
1943 2386 2278 2455 dicamus¹
2342 2390 2705 2457 secundum

596 2492 1055 2559 kalendarium
1123 2490 1351 2557 lunam
1445 2492 1747 2579 primam,
1811 2494 1957 2580 ipsa
2022 2492 2352 2560 existente
2439 2492 2707 2580 majoris

600 2595 823 2663 aetatis
896 2595 1273 2681 quantitate
1346 2594 1547 2661 unius
1622 2595 1773 2677 diei,
1850 2600 1920 2663 et
1979 2616 2096 2663 sex
2163 2596 2588 2677 minutorum,
2636 2602 2706 2664 et

600 2698 1043 2786 quadraginta
1104 2698 1555 2765 secundorum.
1662 2698 1757 2764 Et
1803 2698 1860 2763 si
1905 2698 2046 2765 haec
2105 2698 2433 2780 accidunt,
2495 2700 2704 2765 mani-

598 2800 843 2868 festum
888 2806 990 2869 est
1033 2800 1403 2890 inquirenti
1446 2802 1640 2889 quod,
1688 2800 2135 2889 multiplicato
2179 2806 2492 2890 tempore,
2537 2804 2706 2869 mul-

590 2905 1085 2992 tiplicabuntur
1158 2904 1707 2972 inconvenientia..
1812 2904 1907 2972 Et
1977 2905 2126 2972 ideo
2200 2911 2352 2993 post
2424 2912 2710 2993 quatuor

600 3008 811 3074 millia.
860 3011 1189 3075 trecentos
1204 3007 1233 3048 ⁸
1325 3008 1814 3095 quinquaginta
1917 3029 2037 3074 sex
2150 3030 2359 3074 annos
2450 3011 2706 3077 dicetur

602 3110 765 3176 luna
835 3110 1068 3198 prima,
1134 3131 1342 3198 quum
1410 3111 1769 3178 secundum
1841 3111 2402 3196 computationem
2477 3111 2704 3179 kalen-

602 3212 773 3279 darii
838 3213 985 3301 ipsa
1057 3213 1189 3279 erit
1252 3213 1451 3300 plena.
1492 3213 1790 3294 lumine;
1859 3217 1929 3280 et
1989 3213 2270 3280 ulterius
2333 3215 2509 3300 quod
2571 3237 2708 3281 una,

606 3313 865 3382 lunatio
959 3315 1223 3404 integra
1310 3315 1921 3403 superabundabit3
2005 3321 2076 3382 et
2163 3315 2437 3382 tandem
2527 3319 2704 3404 quod

600 3422 871 3486 centum
944 3419 1323 3486 lunationes
1394 3419 1470 3484 in
1543 3419 1838 3485 maximo
1913 3423 2208 3505 tempore
2281 3418 2704 3505 superfluent,

598 3521 769 3588 sicut
840 3525 1031 3609 patet
1092 3543 1211 3608 per
1270 3520 1525 3588 radices
1583 3521 1728 3608 jam
1797 3519 2031 3602 datas3
2094 3541 2216 3588 nec
2283 3525 2384 3586 001,
2449 3543 2704 3588 11000000

597 3621 807 3690 facere
848 3623 1381 3711 computationes
1424 3622 1705 3709 majores
1748 3644 1869 3710 pro
1912 3621 2228 3710 praesenti
2269 3625 2700 3710 persuasione,

600 3727 759 3813 quia
800 3731 1126 3814 promptae
1170 3731 1335 3792 sunt
1378 3726 1970 3793 demonstrationes
2011 3725 2100 3792 ad
2143 3725 2266 3792 hoc
2310 3747 2460 3792 cum
2501 3725 2704 3792 fuerit

598 3833 1062 3916 opportunum.
1156 3827 1737 3896 Manifestissimus
1777 3828 1991 3916 igitur
2055 3832 2158 3895 001,
2221 3849 2402 3896 error
2461 3829 2702 3916 prima-

594 3934 857 3999 tionum
899 3933 1258 4000 secundum
1300 3932 1777 4014 kalendarium,
1809 3937 1882 3998 et
1921 3953 2057 4000 non
2099 3953 2275 3998 unus
2317 3933 2434 4002 sed
2475 3933 2700 4000 multi-

596 4036 769 4122 ple1,
812 4057 935 4102 1100
978 4057 1225 4124 parvus
1270 4037 1385 4102 sed
1427 4036 1617 4123 quasi
1660 4035 1982 4102 infinitus.

688 4139 780 4205 Et
822 4159 973 4205 cum
1016 4139 1118 4205 ita
1158 4139 1253 4205 sit
1296 4159 1479 4204 error
1521 4138 1689 4224 cycli
1718 4139 2262 4206 decennovenalis
2304 4139 2377 4205 in
2421 4139 2698 4228 singulis
2720 4157 2876 4210 Error
2891 4159 2944 4210 in

596 4241 807 4322 annis,
839 4241 1139 4327 sequitur
1182 4241 1359 4328 quod
1402 4241 1708 4308 similiter
1751 4242 1878 4308 erit
1925 4263 2105 4308 error
2147 4242 2220 4307 in
2267 4243 2464 4330 cyclis
2511 4265 2700 4331 epac-
2721 4226 2808 4278 the
2831 4233 3014 4292 epacta.

594 4345 834 4408 tarum.
925 4341 994 4407 N
997 4365 1107 4408 am
1136 4343 1439 4410 undecim
1483 4343 1623 4410 dies
1668 4349 2114 4415 excrescentes
2157 4344 2233 4410 in
2277 4367 2454 4411 anno
2498 4346 2697 4411 solari

594 4465 790 4532 super
832 4465 1081 4512 annum
1132 4447 1429 4513 lunarem
1473 4447 1788 4515 dicuntur
1831 4451 2116 4535 epactae³
2160 4449 2495 4533 sequentis
2538 4449 2699 4512 anni

664 4699 679 4730 ⁸
702 4697 946 4765 diem-m]
985 4699 1139 4762 dican,
1162 4698 1227 4751 Τ.
1767 4701 1788 4731 ⁸
1809 4699 2019 4766 epacte]
2058 4693 2245 4764 epheta,
2267 4699 2328 4750 Β.
2353 4698 2414 4751 Τ.

660 4779 682 4809 “·’
702 4777 957 4847 heccum]
994 4779 1247 4843 ducentos,
1272 4778 1334 4832 Τ.
