3517 5750
546 888 733 980 7111]
1230 903 1695 955 conrnunmu
1736 904 1988 957 srunn.
2523 888 2659 965 477

548 1080 807 1149 Latinis
880 1082 955 1149 in
1015 1080 1379 1168 Evangelio
1452 1080 1658 1147 habet
1730 1080 2022 1147 mediam
2097 1081 2504 1169 productam,
2575 1083 2660 1149 de

544 1184 731 1272 cujus
818 1190 1093 1252 accentu
1181 1182 1577 1250 credendum
1652 1188 1755 1250 est
1829 1182 1878 1252 J
1879 1206 2132 1251 uvenco
2221 1190 2293 1251 et
2369 1183 2655 1264 Sedulio,

544 1288 925 1357 auctoribus
970 1287 1165 1354 certis
1208 1291 1279 1353 et
1324 1284 1559 1375 dignis,
1648 1285 1699 1354 J
1698 1308 1987 1354 uvencus
2029 1287 2196 1355 dicit
2235 1287 2358 1377 [iv.
2405 1287 2587 1375 626]
2617 1312 2632 1355 ε

828 1460 865 1493 “
895 1454 1151 1523 Pilatus
1194 1453 1403 1521 donat
1446 1453 1625 1543 plebi
1667 1454 1930 1543 legique
1975 1454 2382 1523 Bar-abban?

546 1617 969 1707 Amylypha
1016 1618 1093 1683 in
1154 1617 1328 1683 libro
1382 1616 1639 1705 Regum
1654 1614 1675 1655 ¹
1739 1616 1945 1683 habet
2004 1618 2442 1707 penultimam
2509 1640 2662 1707 pro·

550 1723 840 1802 ductam,
896 1722 1057 1808 quia
1112 1720 1531 1808 componitur
1588 1719 1675 1786 ab
1732 1740 1894 1799 am,
1949 1720 2124 1807 quod
2185 1726 2286 1787 θεὴ
2330 1743 2546 1809 supra,
2592 1728 2661 1789 et

545 1824 803 1913 9lyfflae,
857 1824 1037 1910 quod
1097 1828 1199 1893 est
1258 1822 1592 1910 sculptura
1650 1822 1763 1889 vel
1830 1822 2159 1906 eaelatura,
2207 1824 2394 1911 quasi
2469 1846 2660 1913 supe-

546 1928 687 1993 rius
760 1928 1015 2015 sculpta
1084 1926 1197 1993 vel
1270 1925 1624 2013 sculpturae
1712 1924 2285 2015 supereminentes,
2412 1925 2661 2013 Glyphc

546 2052 704 2096 vero
762 2030 965 2095 habet
1024 2028 1309 2117 primam
1371 2028 1780 2116 productam,
1828 2033 1898 2094 et
1959 2028 2074 2093 illa
2126 2028 2386 2116 syllaba
2426 2029 2658 2115 longa-

548 2132 733 2199 bitur
796 2133 872 2197 in
932 2132 1056 2197 hoc
1120 2131 1388 2198 nomine
1454 2128 1867 2217 anaylypha.
1961 2129 2132 2197 Cum
2193 2130 2404 2219 igitur
2468 2130 2656 2197 Brito

548 2236 823 2322 corripit
882 2256 1044 2315 eam,
1116 2239 1310 2314 errat,
1382 2237 1451 2299 et
1524 2232 1872 2299 confimat
1945 2232 2198 2299 dictum
2274 2255 2466 2299 suum
2541 2257 2660 2323 per

545 2360 827 2405 errorem
895 2336 1237 2423 duplicem.
1329 2336 1486 2403 Uno
1548 2335 1745 2401 modo
1789 2334 2049 2401 inducit
2092 2335 2477 2402 Doctrinale
2536 2358 2656 2423 pro

548 2445 829 2507 auctore.
921 2438 1206 2527 Magnus
1248 2460 1429 2505 error
1470 2443 1586 2517 est,
1634 2437 1792 2524 quia
1851 2458 2190 2524 nunquam
2236 2436 2366 2504 suit
2417 2438 2660 2525 dignus

548 2542 961 2624 auctoritate,
992 2542 1149 2607 licet
1191 2541 1411 2629 pueris
1456 2540 1547 2606 sit
1590 2540 1778 2606 utilis
1823 2540 1899 2605 in
1941 2539 2288 2628 aliquibus,
2321 2541 2491 2608 sicut
2520 2542 2656 2607 ait:

730 2694 768 2723 “
792 2686 1089 2754 Scribere
1134 2685 1451 2753 clericulis
1494 2706 1655 2774 paro
1700 2657 2060 2753 doctrinale
2105 2684 2438 2755 novellis.''

462 2879 481 2890 .
548 2830 681 2898 Sed
726 2834 950 2898 tamen
994 2830 1067 2898 in
1108 2830 1231 2898 hoc
1272 2830 1485 2918 magis
1538 2834 1714 2898 errat
1767 2832 1942 2918 quod
1985 2831 2219 2900 asserit
2278 2832 2662 2900 Doctrinale

546 2935 719 3000 velle
748 2935 925 3022 quod
969 2934 1375 3022 corripiatur,
1413 2955 1561 3000 cum
1590 2937 1818 3000 tamen
1861 2935 1986 3001 hoc
2013 2936 2102 3001 sit
2143 2935 2398 3002 falsum.
2475 2935 2656 3002 Nam

548 3036 711 3103 dicit
754 3059 801 3122 y
844 3059 1039 3124 super
1066 3037 1122 3123 f
1154 3035 1371 3122 longa,
1402 3035 1531 3101 nisi
1578 3037 2010 3125 compositiva
2051 3036 2248 3125 cifus,
2281 3039 2442 3124 quia
2483 3061 2654 3105 com-

549 3138 839 3226 positiva
904 3144 990 3205 ut
1054 3137 1341 3224 trifidus
1412 3137 1936 3229 [corripiuntur]
2029 3139 2122 3207 Et
2188 3142 2337 3207 ideo
2391 3141 2651 3230 ylyphe,

547 3262 694 3306 cum
756 3242 845 3307 sit
902 3240 1199 3329 simpleX,
1244 3239 1627 3327 longabitur
1682 3241 1757 3308 in
1817 3242 2032 3329 prima
2093 3243 2366 3330 syllaba.
2459 3245 2554 3309 Et
2597 3245 2654 3310 si

545 3343 939 3409 naturaliter
997 3348 1099 3410 est
1158 3343 1373 3430 longa,
1419 3343 1492 3407 in
1536 3344 2002 3430 compositione
2065 3366 2201 3412 non
2262 3346 2651 3415 imitabitur.

548 3445 617 3510 N
618 3467 703 3510 on
756 3466 1019 3532 possum
1062 3465 1181 3532 per
1223 3444 1487 3532 singula
1546 3445 1920 3524 discurrere,
1969 3447 2126 3532 quia
2168 3447 2435 3515 infinita
2477 3452 2650 3526 sunt,

546 3547 623 3613 in
683 3545 923 3633 quibus
983 3546 1209 3612 Latini
1255 3546 1487 3614 Graeca
1542 3548 1715 3614 male
1777 3552 2173 3616 accentuant
2231 3555 2300 3615 et
2347 3550 2652 3618 Hebraea„

547 3649 887 3716 Secundus
949 3671 1135 3715 casus
1200 3655 1302 3716 cst
1368 3649 1451 3715 de
1512 3649 2031 3736 aequivocatione
2090 3651 2410 3732 dictionis,
2479 3653 2654 3720 sicut
2679 3669 2813 3732 any,
2836 3669 2890 3719 in

547 3751 1001 3840 Augustinus⁹
1044 3752 1304 3818 inducit
1375 3753 1749 3841 exemplum
1809 3753 2092 3820 secundo
2152 3754 2256 3821 De
2333 3755 2652 3823 Doctrina
2672 3734 2942 3854 3¹3?

547 3855 941 3934 Christiana,
956 3895 973 3908 ·
988 3853 1077 3920 ad
1118 3855 1531 3942 probandum
1576 3857 1752 3943 quod
1793 3857 2231 3924 necessarium
2275 3863 2379 3924 est
2408 3858 2650 3926 latino
2675 3869 2857 3921 words.

542 3957 805 4045 linguas
832 3957 1008 4024 scire.
1085 3955 1271 4023 Dicit
1298 3979 1491 4046 ergo:
1527 3965 1563 3994 “
1586 3957 1656 4022 N
1656 3979 1743 4024 on
1771 3963 1872 4025 est
1900 3959 2296 4027 occultatum
2329 3983 2400 4028 os
2429 3983 2650 4030 meum

550 4068 587 4096 “
632 4080 673 4123 a
702 4064 769 4126 te
800 4059 979 4145 quod
1006 4057 1220 4125 fecisti
1262 4058 1337 4124 in
1366 4058 1681 4126 occulto.''
1771 4059 1928 4128 Non
1969 4066 2193 4149 potest
2235 4063 2388 4130 sciri
2429 4087 2519 4130 an
2561 4066 2654 4132 sit

541 4183 635 4242 os,
672 4161 833 4241 oris,
867 4161 975 4227 vel
1004 4182 1092 4242 os,
1126 4161 1312 4240 ossis,
1362 4162 1493 4228 nisi
1538 4183 1657 4248 per
1698 4161 1962 4250 linguas
2005 4165 2263 4254 priores.
2356 4165 2534 4232 Nam
2577 4167 2652 4232 in

546 4263 777 4330 Graeco
828 4267 898 4329 et
949 4262 1238 4330 Hebraeo
1291 4267 1392 4328 θεὴ
1443 4285 1563 4350 pro
1622 4284 1758 4329 osse
1816 4285 1954 4330 non
2005 4287 2126 4352 pro
2177 4287 2304 4336 ore.
2393 4267 2655 4334 Tertius

542 4386 727 4431 casus
756 4370 859 4432 est
885 4386 1085 4452 penes
1115 4364 1563 4431 diversitatem
1591 4370 1860 4432 actuum
1888 4367 1961 4432 in
1990 4369 2294 4454 partibus
2321 4372 2650 4438 orationis.

544 4467 756 4556 Super
798 4489 932 4555 quo
960 4467 1377 4556 Augustinus
1417 4467 1701 4535 secundo
1745 4468 1850 4537 De
1900 4469 2226 4538 Doctrina
2255 4471 2648 4556 Christiana,

552 4667 592 4674 *-

916 4669 1127 4677 ——·——-—
1150 4671 1220 4678 —.—

610 4777 625 4808 ¹
648 4777 857 4847 Rem]
896 4785 939 4832 l.
962 4781 1030 4832 vi.
1054 4787 1135 4833 82.
1560 4783 1575 4858 Ι
1665 4786 1689 4818 ¹
1708 4783 2039 4854 Augustinus]
2078 4784 2174 4839 See
2194 4801 2244 4852 p.
2267 4791 2381 4839 351.
