3517 5750
588 844 807 933 nm]
1388 864 1563 915 opus
1606 864 1926 915 murum.
2569 854 2594 913 Ἰ
2609 854 2695 917 83

588 1058 821 1124 corpus
905 1042 1318 1126 assumptum
1404 1040 1759 1105 mutabant
1839 1040 2074 1119 locum,
2154 1044 2223 1104 et
2297 1040 2550 1105 fiebant
2623 1040 2697 1105 in

590 1140 865 1207 diversis
939 1141 1137 1224 locis;
1196 1141 1315 1208 sed
1386 1142 1761 1209 substantia
1818 1142 2112 1229 angelica
2185 1142 2501 1208 remansit
2573 1143 2696 1207 im-

589 1244 851 1309 mobilis
896 1266 1181 1332 praesens
1226 1244 1473 1311 scilicet
1532 1245 1713 1324 coelo,
1765 1266 1900 1310 non
1947 1241 2182 1311 absens
2235 1268 2277 1309 a
2325 1250 2522 1326 terra,
2577 1266 2699 1312 nec

590 1352 813 1413 tamen
885 1348 1103 1414 locum
1177 1348 1418 1414 alicubi
1494 1368 1832 1435 occupans,
1910 1369 2030 1413 nec
2103 1346 2550 1415 determinans
2625 1348 2698 1413 in

592 1450 757 1516 coelo
802 1471 924 1516 nec
966 1451 1043 1516 in
1085 1456 1279 1517 terra.

680 1552 813 1618 Sed
859 1558 1021 1619 tunc
1058 1554 1249 1620 fortis
1276 1550 1555 1639 objectio
1602 1553 1832 1631 oritur,
1881 1554 2041 1640 quia
2075 1556 2235 1619 tunc
2277 1551 2406 1620 erit
2453 1553 2697 1640 ubique
2721 1575 3000 1641 objection,

590 1653 761 1721 sicut
822 1655 1019 1735 Beue,
1082 1660 1152 1722 et
1224 1656 1327 1722 ita
1384 1656 1513 1722 erit
1572 1655 1888 1743 potentiae
1947 1656 2242 1724 infinitae.
2368 1656 2444 1723 Si
2519 1657 2694 1722 enim
2719 1644 2948 1776 322?ssoe

590 1760 691 1822 est
762 1756 1119 1824 immobilis
1200 1758 1556 1825 secundum
1629 1758 1862 1837 locum,
1933 1763 2004 1826 et
2087 1780 2222 1825 non
2296 1759 2695 1825 determinat
2717 1778 3021 1843 ubiquitous,

591 1858 716 1925 eibi
774 1861 991 1929 locum
1048 1862 1123 1926 in
1180 1862 1345 1929 coelo
1390 1882 1509 1927 nec
1566 1859 1641 1925 in
1692 1866 1892 1941 terra,
1945 1867 2017 1928 et
2067 1884 2216 1928 cum
2260 1883 2546 1949 praesens
2591 1866 2694 1927 est
2717 1844 2965 1966 ffiffffid

591 1962 751 2031 coelo
798 1986 935 2031 non
982 1964 1171 2031 abest
1216 1986 1258 2030 a
1308 1970 1502 2043 terra,
1552 1984 1709 2051 ergo
1756 1963 1888 2029 erit
1933 1964 2006 2030 in
2053 1966 2219 2032 coelo
2268 1970 2338 2031 et
2390 1966 2465 2030 in
2515 1970 2694 2031 terra

592 2067 784 2133 simul
860 2070 933 2133 et
1004 2064 1243 2147 seme13
1317 2072 1387 2133 et
1446 2066 1545 2133 ita
1618 2066 1878 2152 ubique,
1942 2068 2112 2133 sieut
2163 2069 2386 2148 Deus3
2435 2071 2508 2133 et
2565 2066 2695 2133 erit

589 2168 903 2255 potentiae
945 2169 1247 2248 infinitae,
1309 2169 1469 2255 quia
1510 2190 1696 2257 posse
1742 2188 1882 2235 esse
1941 2170 2186 2255 ubique
2231 2174 2333 2235 est
2377 2169 2692 2257 potentiue

588 2272 887 2338 infinitae.
1008 2272 1099 2339 Et
1158 2272 1473 2337 dixenmt
1531 2273 1619 2338 ad
1679 2272 1802 2337 hoe
1862 2272 2040 2357 quod
2100 2271 2284 2337 Deus
2348 2294 2435 2338 ex
2495 2294 2694 2338 causa

590 2374 831 2461 duplici
888 2394 1023 2440 non
1094 2374 1279 2441 abest
1338 2374 1532 2440 alicui
1607 2376 1764 2455 1000,
1849 2379 1998 2439 tum
2077 2374 2236 2460 quia
2317 2375 2694 2441 substantia

590 2477 943 2564 spiritualis
1032 2483 1152 2560 est,
1244 2483 1313 2543 et
1384 2481 1683 2565 respectu
1755 2476 2027 2564 spiritus
2093 2498 2230 2543 non
2318 2478 2694 2543 attenditur

590 2580 911 2646 distantia
968 2579 1357 2667 corporalis;
1432 2586 1579 2647 tum
1656 2578 1816 2666 quia
1874 2584 1978 2646 eet
2027 2580 2347 2667 potentiae
2407 2580 2692 2647 infinitae

588 2684 985 2750 continentis
1044 2682 1263 2752 omnia
1338 2688 1407 2749 et
1471 2682 1733 2770 singula
1783 2704 1899 2770 per
1972 2682 2384 2770 praesentiam
2461 2681 2694 2769 majes-

590 2787 761 2852 tatis,
910 2786 1087 2852 Nam
1176 2786 1369 2852 aliter
1456 2790 1627 2853 esset
1714 2785 2012 2851 vacuitas
2087 2786 2158 2851 in
2245 2792 2546 2855 creatura
2619 2792 2691 2852 et

590 2889 893 2968 defectae,
946 2889 1187 2976 quibus
1259 2889 1567 2956 tenderet
1639 2889 1711 2954 in
1785 2911 1922 2954 non
1996 2911 2148 2956 esse.
2268 2891 2360 2956 Et
2433 2889 2692 2957 ratione

588 2992 779 3059 istius
853 2991 1273 3080 proprietatis
1346 2991 1595 3058 divinae
1653 2996 1755 3057 est
1829 2996 2004 3059 recte
2061 2992 2329 3081 ubique,
2390 2999 2460 3062 et
2535 2995 2692 3081 quia

588 3097 850 3187 ubique,
912 3121 999 3166 ex
1072 3099 1197 3166 hac
1270 3099 1543 3179 ratione,
1604 3095 1753 3165 ideo
1811 3119 1947 3164 non
2020 3099 2208 3166 abest
2266 3101 2461 3167 alicui
2536 3101 2712 3167 loca·

591 3203 917 3285 Quoniam
963 3203 1167 3268 etiam
1197 3201 1381 3268 Deus
1424 3205 1527 3268 est
1568 3205 1810 3266 natura
1853 3201 2228 3288 spiritualis,
2275 3223 2415 3269 non
2458 3203 2695 3290 recipit
2718 3217 2830 3268 The
2861 3217 3030 3284 obiec-

589 3304 975 3372 ‹listantiam
1018 3303 1432 3392 corporalem,
1480 3306 1549 3370 et
1592 3303 1739 3369 ideo
1784 3325 2070 3390 praesens
2113 3303 2279 3370 coelo
2324 3325 2460 3370 non
2505 3305 2694 3370 abest
2719 3285 2941 3403 3323*

588 3414 781 3474 terra.
803 3405 825 3444 ¹
914 3407 1213 3495 Angelus
1252 3411 1477 3473 autem
1524 3426 1660 3472 non
1710 3404 1913 3470 habet
1955 3405 2281 3471 rationem
2319 3403 2690 3492 majestatis

588 3531 709 3578 nee
760 3511 1077 3598 potentiae
1127 3508 1429 3588 infinitae,
1486 3512 1556 3574 et
1613 3509 1764 3574 ideo
1823 3529 1910 3572 ex
1949 3507 2091 3573 hac
2151 3511 2338 3596 parte
2397 3529 2533 3574 non
2593 3511 2696 3574 est

588 3613 848 3700 ubique,
908 3633 1031 3679 nec
1103 3635 1252 3680 cum
1308 3633 1595 3699 praesens
1654 3613 1755 3677 est
1815 3609 1980 3677 coelo
2040 3631 2174 3677 non
2249 3609 2437 3677 abest
2493 3615 2691 3677 terra.

592 3713 724 3783 Sed
810 3717 1065 3783 ratione
1138 3713 1654 3803 spiritualitati&
1733 3735 1884 3802 quae
1971 3714 2222 3781 nullam
2313 3712 2701 3780 distantiam.

586 3819 821 3906 recipit
865 3817 1280 3907 corporalem,
1328 3815 1489 3906 quia
1536 3816 1794 3883 nullum
1853 3815 2055 3884 situm
2098 3817 2318 3899 habet,
2370 3817 2529 3906 quia
2571 3837 2696 3884 nee

588 3919 877 3988 situatur
926 3921 1002 3987 in
1046 3920 1209 3990 coelo
1252 3923 1333 3987 ut
1376 3919 1584 4002 stella,
1614 3941 1735 3987 nec
1780 3919 1853 3985 in
1895 3925 2074 3986 terra
2117 3924 2197 3986 ut
2239 3919 2453 4000 homo,
2487 3921 2692 3989 habet

590 4025 767 4113 quod
826 4045 1109 4113 praesens
1168 4023 1333 4092 coelo
1392 4043 1526 4090 non
1571 4021 1761 4088 abest
1818 4029 2013 4106 terra,
2073 4043 2194 4091 nec
2253 4023 2476 4090 distat.
2599 4019 2693 4092 Et

586 4127 737 4194 ideo
782 4125 1137 4195 secundum
1181 4127 1351 4193 hanc
1393 4125 1571 4192 viam
1618 4145 1753 4190 non
1797 4123 1996 4192 debet
2041 4125 2256 4192 adhuc
2297 4127 2576 4215 proprie,
2623 4131 2696 4194 et

586 4229 817 4318 prim0,
850 4235 919 4298 et
964 4227 1413 4319 principaliter
1456 4225 1589 4294 dici
1619 4227 1796 4313 quod
1841 4227 1930 4294 sit
1973 4227 2220 4315 ubique
2264 4249 2382 4317 per
2409 4229 2692 4296 affirma-

586 4331 857 4415 tionem,
935 4337 1005 4398 et
1092 4332 1215 4400 hoc
1286 4331 1615 4419 praecipue
1688 4332 1770 4396 ut
1843 4330 2316 4398 dissimilitudo
2391 4330 2534 4419 ejus
2607 4331 2690 4398 ad

588 4431 1005 4521 majestatem
1037 4434 1167 4502 Dei
1196 4440 1479 4502 notetur.

2161 4659 2637 4670 ψ’*-
2648 4661 2682 4666 --

1190 4773 1384 4844 ‘tert-a]
1422 4784 1585 4839 terrm,
1621 4776 1699 4840 B.,
1718 4775 1817 4826 and
1842 4789 1898 4826 so
1919 4772 2094 4824 below.
