3517 5750
610 885 893 974 Lxxu1.]
1392 900 1569 953 orus
1611 898 1933 952 rsa‘rmu.
2579 881 2708 947 299

605 1082 825 1145 testas.
938 1076 1137 1159 Nam,
1198 1082 1278 1143 ut
1334 1078 1435 1143 ait
1493 1078 1782 1157 Boetius,
1838 1076 1986 1142 aliae
2051 1072 2346 1139 scientiae
2405 1071 2709 1137 veritatis

603 1181 1113 1268 investigatione
1184 1180 1543 1259 laborant3
1625 1180 1768 1246 haec
1840 1198 1998 1244 vero
2081 1198 2217 1241 non
2299 1172 2708 1240 solummodo

606 1282 1038 1370 speculationi
1094 1282 1211 1349 sed
1268 1282 1635 1348 moralitati
1694 1280 2048 1367 conjuncta
2109 1283 2227 1357 est,
2277 1282 2350 1343 et
2401 1280 2709 1342 naturam

608 1390 945 1473 permutat
992 1386 1385 1452 universam.
1478 1384 1697 1450 Mores
1748 1384 1928 1449 enim
1979 1382 2310 1462 reformat,
2357 1379 2712 1446 ebrietates
2738 1384 2842 1438 For
2851 1385 3050 1437 moralz·

606 1488 811 1571 sedat,
859 1488 1283 1554 infirmitates
1328 1491 1535 1567 curat,
1586 1486 1944 1553 sanitatem
2002 1488 2365 1565 conservat,
2417 1483 2712 1568 quietem

610 1590 823 1656 somni
889 1590 1163 1669 inducit,
1226 1610 1363 1655 non
1436 1594 1747 1655 naturam
1807 1588 2078 1655 auditus
2137 1590 2538 1675 pervertens,
2600 1586 2715 1652 sed

611 1691 942 1780 superior¹
1000 1715 1077 1758 eo
1120 1692 1315 1773 facta,
1361 1694 1576 1779 ipsam
1619 1692 1919 1757 suaviter
1969 1692 2252 1757 vincens.
2343 1688 2717 1755 Bestiarum

610 1795 865 1861 animos
908 1799 1291 1876 commutat,
1338 1798 1409 1860 et
1450 1794 1525 1859 in
1568 1794 1854 1861 hominis
1902 1792 2348 1861 obedientiam
2400 1792 2716 1879 perducit.

613 1896 793 1963 Nam
836 1897 1113 1963 Boetius
1135 1895 1164 1932 ⁹
1223 1901 1293 1963 et
1352 1896 1577 1964 caeteri
1626 1901 1926 1963 auctores
1969 1901 2230 1983 ponunt
2273 1895 2578 1981 exempla
2637 1895 2719 1960 de

610 2000 759 2066 istis
828 2000 1442 2087 permutationibus.
1550 1999 1978 2085 Empedocles
2033 1999 2214 2064 enim
2274 1996 2560 2063 hominis
2616 1996 2721 2060 in-

612 2103 919 2169 vadentis
966 2104 1171 2169 alium
1216 2103 1289 2167 in
1332 2106 1614 2169 mortem
1662 2101 2043 2169 harmonica
2087 2104 2413 2187 potestate
2457 2098 2718 2164 iracun-

616 2204 793 2271 diam
851 2206 1266 2291 temperavit,
1317 2209 1387 2270 et
1446 2209 1868 2271 mansuetum
1927 2203 2219 2269 reddidit
2279 2207 2349 2268 et
2399 2202 2716 2268 sedatum.

616 2307 1027 2395 Pythagoras
1075 2307 1331 2373 ebrium
1378 2311 1449 2372 et
1494 2308 1655 2373 vino
1701 2306 1960 2394 plenius
2004 2306 2392 2386 delibutum,
2419 2305 2720 2391 frangere

612 2409 881 2476 domum
924 2408 1125 2475 scorti
1169 2409 1564 2496 cupientem,
1595 2408 1897 2475 melodiae
1941 2409 2274 2474 suavitate
2314 2413 2384 2473 et
2418 2407 2521 2473 sui
2551 2429 2722 2473 com-

614 2516 839 2598 potem
883 2510 1193 2591 reddidit,
1248 2517 1317 2577 et
1364 2511 1779 2577 luxuriosum
1826 2512 2122 2576 animum
2172 2510 2260 2575 ad
2306 2513 2558 2576 statum
2607 2510 2719 2576 de-
2763 2518 2772 2527 '

615 2614 833 2680 bitum
906 2613 1259 2680 revocavit.
1366 2613 1541 2680 Cum
1616 2614 1820 2679 etiam
1877 2613 2208 2680 vinolenti
2278 2612 2722 2678 adolescentes

617 2716 913 2782 mulieris
985 2715 1243 2803 pudicae
1316 2715 1485 2781 fores
1558 2716 1862 2803 fiangere
1935 2714 2340 2796 molirentur,
2391 2714 2722 2803 gravitate

615 2818 978 2886 hannoniae
1050 2818 1318 2884 illorum
1391 2817 1719 2886 furentem
1801 2816 2241 2905 petulantiam
2322 2816 2718 2884 consedavit.

618 2921 1037 3008 Asclepiades
1088 2943 1247 2987 vero
1294 2921 1586 2986 medicus
1629 2921 2118 3007 phraenetimm·
2150 2920 2415 2987 sanavit
2458 2920 2724 2987 musicae

620 3029 991 3112 potestate3
1054 3029 1127 3090 et
1185 3023 1411 3090 David
1473 3023 1741 3090 Saulem
1800 3045 1844 3090 a
1901 3025 2268 3092 daemonica
2324 3024 2727 3110 possessione

623 3127 981 3206 liberavit3
1078 3130 1149 3192 et
1210 3125 1652 3213 Hippocrates
1711 3126 2167 3194 Democritum
2226 3128 2531 3193 insanum
2589 3147 2724 3193 me-

622 3228 801 3295 lodia
874 3227 1148 3294 curavit.
1274 3228 1503 3296 Refert
1577 3230 1780 3296 etiam
1855 3229 2128 3296 Boetius
2187 3229 2353 3296 alios
2424 3229 2724 3308 medicos,
2752 3243 2817 3293 In
2839 3244 3045 3298 disease.

624 3353 761 3396 non
822 3331 1035 3396 solum
1094 3351 1299 3397 unam
1365 3353 1729 3418 personam,
1791 3331 1900 3398 vel
1957 3352 2211 3418 paucos,
2273 3331 2388 3397 sed
2454 3331 2726 3419 populos

624 3434 869 3499 multos
927 3456 971 3498 a
1027 3433 1295 3500 sciatica
1352 3433 1669 3521 passione,
1718 3439 1790 3500 et
1835 3434 1922 3500 ab
1975 3433 2120 3500 aliis
2177 3433 2424 3500 morbis
2474 3435 2727 3521 gravis-—

626 3535 827 3614 simis,
896 3535 1276 3602 harmonica
1350 3536 1695 3604 dulcedine
1771 3537 2094 3602 liberasse.
2214 3535 2308 3600 Et
2381 3535 2727 3602 Avicenna

626 3637 837 3723 primo
896 3637 1085 3704 Artis
1141 3637 1489 3705 Medicinae
1548 3639 1742 3705 docet
1801 3638 1993 3724 quod,
2039 3639 2219 3716 inter
2269 3639 2494 3704 omnia
2543 3659 2726 3704 exer-

626 3741 784 3806 citia
842 3741 1165 3820 sanitatis,
1227 3746 1493 3808 cantare
1551 3742 1787 3808 melius
1845 3747 1997 3824 est3
2077 3743 2235 3828 quia
2305 3763 2444 3809 non
2517 3741 2728 3809 solum

626 3840 887 3908 animus
959 3842 1313 3925 hilarescit,
1386 3850 1467 3910 ut
1539 3848 1757 3911 totum
1831 3867 2066 3932 corpus
2139 3845 2540 3913 confortetur
2611 3867 2730 3933 per

624 3944 867 4010 mentis
938 3945 1263 4024 solatium,
1330 3946 1447 4013 sed
1522 3953 1754 4014 cantus
1827 3947 2019 4037 vigor
2079 3969 2304 4015 omnes
2363 3971 2602 4016 nervos
2661 3955 2732 4016 et

626 4069 830 4113 venas
900 4049 1108 4115 totius
1184 4050 1471 4136 eorporis
1546 4048 1881 4130 distendit,
1944 4057 2024 4118 ut
2096 4073 2370 4139 vapores
2441 4053 2732 4142 corrupti

626 4149 1037 4232 exhalentur,
1086 4155 1157 4216 et
1206 4152 1481 4219 subtiles
1531 4153 1702 4219 aeris
1752 4153 2217 4243 inspirationes
2266 4163 2733 4226 restaurentur.

630 4252 723 4318 Et
780 4253 881 4319 ait
940 4252 1216 4319 Boetius
1261 4257 1459 4343 ‚quod
1520 4256 1595 4322 in
1659 4261 1928 4326 tantum
2002 4261 2230 4346 priscae
2303 4261 2733 4349 philosophice

626 4353 865 4421 studiis
915 4357 1020 4422 vis
1061 4358 1327 4424 musices
1372 4358 1539 4425 artis
1589 4359 1901 4443 innotuit,
1957 4369 2039 4430 ut
2090 4363 2530 4452 Pythagorici,
2581 4385 2732 4431 cum

628 4456 899 4523 diurnas
958 4458 1029 4526 in
1091 4483 1321 4529 somno
1395 4461 1801 4533 resolverent
1857 4484 2064 4546 curas,
2125 4467 2522 4555 quibusdam
2579 4489 2729 4536 can-

629 4558 857 4627 tilenis
916 4563 1299 4646 utebantur,
1346 4571 1427 4634 ut
1472 4587 1583 4634 eos
1642 4567 1840 4636 laetus
1887 4574 1958 4635 et
2009 4569 2272 4657 quietus
2321 4593 2588 4638 somnus
2631 4593 2736 4638 ar-

734 4807 746 4841 ¹
773 4811 1019 4879 superior]
1060 4829 1220 4880 super,
1243 4815 1305 4866 T.
1683 4818 1693 4888 Ι
1787 4821 1808 4853 ²
1832 4817 2056 4891 Boetius]
2083 4821 2164 4877 De
2186 4821 2398 4892 Musica,
2414 4827 2448 4881 i.
2473 4835 2519 4880 2.
