3517 5750
704 846 921 933 mu]
1260 934 1263 937 .
1486 862 1661 914 orus
1700 864 2022 916 TERTIUM.
2674 850 2804 917 265

705 1026 1045 1091 nominavi
1089 1026 1251 1113 quin
1294 1026 1385 1094 sit
1428 1026 1503 1092 in
1548 1026 1908 1115 Scriptura,
1939 1028 2048 1093 vel
2075 1028 2149 1093 in
2193 1026 2332 1115 ejus
2377 1028 2805 1117 expositione,
2830 1038 2930 1087 and
2950 1036 3104 1116 ἱρωτ-

705 1129 1154 1209 necessarium,
1232 1131 1589 1196 secundum
1664 1151 1860 1195 usum
1933 1136 2308 1196 sanctorum
2384 1137 2454 1197 et
2527 1132 2805 1197 aliorum
2828 1112 3078 1237 3:³⁶3ssss

705 1231 1092 1317 sapientum.
1183 1232 1277 1299 Et
1333 1237 1560 1299 tamen
1604 1252 1804 1318 quam
1853 1233 2138 1319 plurima
2182 1233 2372 1298 omisi
2413 1234 2640 1321 gratis,
2687 1254 2807 1299 nec
2827 1243 2954 1290 mre.

705 1338 1001 1399 auctores
1044 1334 1133 1399 ad
1175 1332 1434 1421 singula
1476 1334 1759 1421 produxi
1821 1333 1896 1399 in
1915 1332 1934 1371 ¹
2007 1339 2228 1415 testes,
2276 1335 2432 1421 quia
2475 1334 2809 1423 persuasio

704 1435 1106 1521 praeambula
1148 1456 1286 1501 non
1344 1436 1621 1522 requirit
1661 1434 1802 1513 hoc,
1829 1434 1858 1471 ⁹
1901 1434 2016 1501 sed
2061 1435 2375 1522 scriptum
2434 1437 2811 1524 principale.

705 1537 902 1604 Patet
962 1538 1169 1625 igitur
1222 1537 1397 1623 quod
1462 1538 1713 1603 musica
1774 1538 2047 1603 metrica
2097 1542 2166 1603 et
2210 1539 2590 1625 rhythmica
2655 1544 2813 1606 sunt

705 1642 1083 1707 necessariae
1128 1640 1493 1727 theologiae,
1542 1638 1699 1725 quia
1755 1638 1864 1705 hae
1923 1640 2340 1707 considerant
2396 1642 2684 1708 rationes
2742 1645 2813 1708 et

706 1765 931 1809 causas
1016 1743 1310 1808 istorum.
1433 1741 1525 1807 Et
1612 1742 1817 1808 etiam
1907 1742 2099 1807 aliter
2186 1748 2346 1809 sunt
2435 1744 2814 1811 necessariae

704 1850 973 1932 propter
1013 1848 1279 1911 textum
1324 1848 1394 1911 et
1437 1844 1618 1910 dicta
1668 1848 2064 1910 sanctorum.
2157 1844 2336 1911 Nam
2403 1846 2477 1911 in
2543 1848 2812 1934 prologo

704 1948 751 2013 J
754 1948 839 2013 ob
928 1947 1168 2013 dicitur
1252 1946 1431 2034 quod
1519 1945 1655 2011 fere
1744 1950 1967 2011 totum
2040 1947 2356 2013 volumen
2439 1949 2668 2014 metris
2742 1954 2812 2015 et

705 2048 1037 2135 rhythmis
1081 2054 1185 2114 est
1226 2047 1633 2125 confectum3
1694 2050 1765 2113 et
1811 2047 1977 2113 dicit
2023 2049 2198 2134 quod
2247 2050 2557 2116 metricus
2600 2050 2812 2138 magis

706 2174 905 2237 quam
948 2152 1233 2238 simplex
1274 2150 1482 2216 lector
1524 2150 1656 2215 ista
1700 2148 2070 2237 intelligit?
2115 2172 2262 2236 quae
2311 2151 2409 2217 ibi
2453 2156 2810 2218 enumerat.

708 2253 903 2320 Certe
947 2258 1209 2339 oportet
1252 2254 1429 2339 quod
1476 2253 1645 2318 bene
1695 2251 2034 2339 intelligat
2098 2253 2388 2319 rationes
2451 2258 2812 2320 metrorum

704 2360 774 2421 et
832 2355 1311 2442 rhythmorum,
1373 2353 1487 2439 qui
1544 2354 1721 2419 hunc
1773 2352 2118 2440 prologum
2183 2354 2379 2419 debet
2445 2376 2814 2442 exponere3

706 2463 774 2524 et
816 2458 1216 2545 impossibile
1268 2462 1369 2523 est
1412 2478 1563 2523 eum
1608 2456 1751 2523 haec
1794 2454 2180 2541 intelligere,
2227 2454 2357 2520 nisi
2401 2457 2566 2523 sciat
2608 2457 2814 2524 libros

706 2560 995 2647 quinque
1058 2559 1162 2625 De
1223 2558 1477 2623 Musica
1521 2556 1898 2643 Augustini.
2013 2556 2187 2636 Quia
2245 2578 2573 2643 nusquam
2635 2561 2814 2647 apud

704 2661 1164 2749 grammaticos
1239 2660 1583 2727 invenitur
1660 2659 1840 2725 unde
1930 2660 2258 2745 expositio
2347 2666 2528 2725 certa
2615 2661 2816 2748 hujus

706 2764 957 2852 prologi
1000 2764 1342 2843 habeatur,
1389 2765 1459 2828 et
1503 2761 1793 2826 maxime
1837 2765 2164 2846 quantum
2211 2762 2298 2827 ad
2345 2763 2814 2850 proprietatem

703 2866 1195 2954 rhythmicam3
1253 2864 1411 2952 quia
1461 2864 1639 2930 solus
1684 2863 2106 2951 Augustinus
2159 2864 2357 2952 hujus
2409 2864 2506 2931 rei
2557 2867 2818 2954 aperuit

706 2969 1069 3035 veritatem.
1158 2967 1523 3053 Nunquam
1568 2965 1747 3032 enim
1792 2965 1983 3052 potui
2027 2966 2190 3032 scire
2235 2966 2398 3053 quid
2441 2973 2546 3034 est
2579 2966 2816 3055 rhyth-

707 3094 869 3152 mus,
914 3093 1037 3136 nec
1078 3075 1383 3150 metrum,
1429 3089 1551 3134 nec
1594 3089 1845 3147 verene,
1888 3067 2211 3133 veraciter
2256 3073 2325 3134 et
2367 3070 2646 3156 proprie,
2684 3070 2813 3136 nisi

706 3196 823 3262 per
863 3173 1012 3238 illos
1056 3172 1273 3238 libros,

798 3275 1127 3343 Caeterum
1173 3273 1625 3357 Hieronymus
1670 3270 1834 3337 dicit
1877 3267 2022 3349 ibi‚⁴
2065 3271 2242 3357 quod
2287 3269 2698 3354 Psalterium‚
2743 3279 2814 3340 et
2835 3291 3127 3358 Largepor-

708 3377 1244 3442 Lamentationes
1289 3373 1663 3453 Hieremiae,
1696 3378 1767 3439 et
1810 3372 2034 3438 omnia
2074 3370 2247 3439 fere⁶
2276 3373 2552 3440 Cantica
2595 3373 2814 3464 Scrip-
2834 3359 3146 3478 ξῗζῗθοὲἓθ

706 3485 877 3546 turae
923 3483 1081 3544 sunt
1122 3477 1413 3543 metrica.
2833 3491 2996 3543 trical.

801 3581 973 3648 Cum
1060 3580 1271 3667 igitur
1358 3577 1637 3666 probavi
1724 3575 1801 3642 in
1869 3576 2181 3662 *operibus
2264 3575 2560 3663 utrisque
2635 3577 2813 3663 quod

710 3684 1053 3770 Scriptura
1094 3679 1249 3748 sciri
1306 3701 1444 3746 non
1504 3683 1739 3768 potest,
1803 3678 1935 3744 nisi
1992 3676 2190 3743 homo
2247 3677 2413 3744 sciat
2469 3678 2686 3768 legere
2745 3685 2816 3746 et

706 3785 1075 3872 intelligere
1135 3779 1321 3850 eam⁶
1363 3783 1437 3847 in
1498 3781 1788 3848 Hebraeo
1846 3783 1919 3847 et
1963 3781 2212 3862 Graeoo,
2273 3784 2345 3845 et
2401 3780 2552 3847 ideo
2604 3783 2814 3849 sancti

710 3912 779 3956 se
810 3888 1136 3955 dederunt
1180 3885 1267 3951 ad
1299 3885 1441 3966 hoc,
1472 3890 1543 3951 et
1584 3883 1774 3971 prius
1817 3883 1902 3948 de
1945 3883 2068 3948 hoc
2112 3881 2325 3970 tetigi,
2356 3886 2427 3950 et
2467 3889 2700 3971 postea
2741 3885 2816 3951 in

711 3975 1003 4058 Peccatis
1058 3989 1283 4057 Studii
1346 3992 1417 4055 et
1462 3987 1795 4054 Remediis
1815 3985 1841 4023 ⁷
1884 3985 2008 4053 hoc
2059 4007 2426 4074 exponam3
2471 3993 2541 4054 et
2602 3989 2814 4054 mani-

706 4096 950 4162 festum
995 4099 1097 4160 est
1140 4091 1318 4178 quod
1361 4095 1646 4168 textum,
1675 4089 1944 4176 plenum
1987 4088 2218 4155 metris
2256 4094 2327 4156 et
2363 4089 2711 4177 rhythmis,
2741 4092 2816 4157 in

774 4505 791 4537 ¹
814 4503 893 4570 in]
920 4519 1018 4554 om.
1036 4503 1100 4553 Τ.
1879 4493 2050 4558 ‘sev-e]
2086 4491 2260 4554 ferme,
2284 4491 2348 4542 B.

772 4583 795 4614 ²
814 4583 927 4649 hoc]
954 4597 1052 4634 om.
1076 4581 1137 4632 Τ.
1877 4571 1899 4600 ⁸
1918 4571 2049 4637 eam]
2086 4571 2262 4636 ipsam,
2286 4571 2348 4621 Τ.

775 4664 797 4693 ⁸
818 4659 1071 4728 intelligit]
1108 4661 1371 4726 intelliget,
1405 4660 1466 4711 B.
1535 4713 1553 4722 ,
1879 4651 1898 4678 '
1919 4649 2188 4716 Βωεᾶἱίδ]
2261 4649 2509 4712 Remetffi,
2544 4651 2607 4702 Τ.
2661 4651 2816 4715 Quod

776 4743 794 4773 ι
818 4739 913 4808 iba]
950 4755 1048 4792 om.
1073 4741 1135 4791 T.
1811 4744 1938 4794 opus
1959 4735 2036 4780 est
2056 4729 2301 4794 posterius
2323 4729 2435 4792 isto,
2461 4729 2524 4781 Τ.
2542 4730 2596 4781 in
2619 4747 2778 4799 marg.
