3517 5750
498 938 657 989 What
676 952 791 1002 por·

498 1006 570 1055 tio
537 1020 631 1055 ons
650 1004 715 1055 ot

496 1074 583 1123 the
612 1070 679 1135 Ο
680 1085 755 1120 ue

498 1138 597 1188 Ma
564 1138 679 1201 ‹ej-u
696 1136 785 1186 the

498 1204 678 1255 author
688 1216 810 1252 con-

499 1272 605 1321 sied
604 1270 693 1319 ned

496 1344 627 1388 most
646 1334 743 1384 im-

496 1408 713 1471 portant.

828 744 961 809 320
1581 754 1840 806 nouum
1883 752 2174 804 BAooms

828 932 1017 1015 gates
1078 932 1306 993 'tamen
1372 927 1551 1015 apud
1624 928 1978 1045 theologos,
2043 928 2161 995 sed
2223 926 2648 1015 proculdubio
2699 933 2926 993 tamen

828 1052 1071 1117 magna
1111 1028 1441 1095 falsitate.¹
1538 1028 1631 1095 Et
1674 1030 2000 1117 praecipue
2047 1028 2518 1095 consideranda
2562 1035 2720 1095 sunt
2770 1029 2923 1107 duo,

828 1130 947 1197 ubi
1002 1131 1249 1197 tabulae
1310 1132 1766 1199 astronomicae
1827 1136 1968 1197 tam
2013 1132 2452 1199 Hebraeorum
2497 1153 2696 1218 quam
2743 1131 2930 1197 Lati-

828 1255 1065 1299 norum
1093 1234 1325 1320 positze
1354 1239 1526 1299 sunt.
1604 1232 1697 1299 Et
1742 1233 1850 1298 hic
1891 1254 2150 1299 summa
2191 1238 2482 1321 potestas
2509 1232 2926 1299 astronomiae

828 1336 1219 1421 lequiritur.·
1291 1335 1386 1402 Et
1428 1335 1719 1401 maxime
1761 1341 2031 1422 propter
2073 1356 2152 1401 ea
2181 1356 2330 1421 quae
2377 1340 2534 1401 sunt
2585 1335 2668 1400 de
2713 1382 2731 1401 .
2777 1386 2794 1401 .
2845 1382 2864 1399 .
2895 1332 2924 1370 ²

830 1436 962 1504 Sed
1006 1438 1089 1504 de
1130 1438 1247 1503 illa
1274 1437 1519 1515 tabula,
1552 1460 1701 1524 quae
1744 1436 1988 1503 Latina
2037 1441 2156 1518 est,
2203 1442 2274 1503 et
2321 1437 2408 1503 de
2455 1458 2534 1503 ea
2581 1436 2926 1503 ordinatur

830 1560 981 1605 cum
1011 1540 1295 1626 quodam
1340 1538 1653 1625 sapiente,
1684 1539 2166 1605 adolescentem
2209 1540 2386 1605 hunc
2427 1539 2591 1605 satis
2633 1538 2925 1604 instruxi

828 1645 935 1713 hic
979 1651 1059 1712 ut
1102 1650 1455 1732 utramque
1482 1644 1783 1711 tabulam
1819 1645 2236 1733 intelligeret,
2281 1668 2432 1732 quse
2477 1644 2690 1711 ambae
2729 1643 2921 1709 simul

827 1769 961 1814 non
1006 1748 1305 1815 sciuntur
1362 1770 1404 1813 a
1460 1748 1676 1813 tribus
1740 1747 1891 1812 aliis
1949 1748 2022 1812 in
2098 1748 2220 1813 hoc
2281 1748 2548 1813 mundo.
2659 1747 2753 1811 Et
2801 1746 2924 1811 hoc

828 1851 1005 1935 quod
1064 1850 1170 1916 hic
1228 1854 1439 1915 tracto
1484 1854 1586 1915 est
1629 1872 1838 1914 unum
1885 1848 1968 1914 de
2017 1848 2250 1929 tribus,
2301 1848 2374 1913 in
2431 1850 2670 1935 quibus
2712 1848 2921 1913 solum

830 1952 959 2019 Dei
1003 1952 1303 2018 Vicarius
1343 1952 1546 2017 audet
1584 1950 1956 2032 certificare,
1983 1950 2140 2036 quia
2166 1950 2516 2017 veritatem
2553 1972 2750 2037 quam
2789 1948 2920 2014 duo

826 2055 1043 2120 sciunt
1108 2055 1237 2135 hic,
1289 2074 1567 2141 quorum
1630 2074 1807 2119 unus
1867 2058 1969 2117 est
2010 2052 2529 2140 sapientissimus
2583 2052 2924 2138 theologus

826 2162 896 2223 et
924 2157 1213 2244 optimus
1240 2158 1452 2234 hom0,
1484 2176 1619 2221 non
1648 2155 1777 2221 nisi
1805 2154 2000 2220 sunt⁸
2028 2154 2128 2219 illi
2155 2155 2225 2219 in
2254 2154 2590 2241 publicum
2619 2154 2918 2240 proferre,

826 2264 1095 2346 propter
1138 2258 1523 2325 violentiam
1554 2257 1782 2343 vulgi3
1830 2278 1980 2322 cum
2007 2260 2232 2321 tamen
2283 2256 2356 2320 in
2407 2256 2804 2321 contrarium
2833 2254 2922 2319 sit

825 2384 1006 2427 error
1046 2362 1369 2440 infinituS‚
1414 2364 1533 2425 aut
1582 2360 1818 2425 saltem
1863 2362 2056 2423 cauta
2115 2358 2436 2435 dubietas,
2483 2379 2633 2443 quae
2683 2356 2922 2423 sufficit

824 2464 911 2529 ad
957 2463 1363 2529 turbandum
1416 2482 1639 2527 omnes
1686 2460 2019 2547 sapientes
2067 2458 2265 2545 hujus
2316 2460 2568 2540 mundi,
2623 2459 2792 2525 sicut
2841 2479 2940 2523 ea·

827 2586 975 2650 quse
1018 2565 1231 2630 scribo
1274 2562 1717 2629 manifestant.

920 2665 1099 2745 Quid
1173 2686 1331 2730 vero
1420 2665 1757 2730 sciendum
1832 2667 1932 2730 est
2007 2663 2090 2728 de
2153 2662 2425 2751 judiciis
2501 2662 2918 2728 astronomiae

829 2766 1173 2853 pulchrum
1226 2770 1325 2831 est
1378 2766 1608 2844 videri,
1686 2770 1756 2830 et
1815 2762 2024 2843 facile,
2079 2768 2148 2830 et
2219 2764 2412 2831 valde
2469 2764 2918 2841 necessarium,

822 2868 979 2955 quia
1031 2867 1255 2933 valida
1298 2867 1637 2934 contentio
1690 2873 1793 2933 est
1838 2868 1947 2934 hic
2006 2866 2182 2932 inter
2223 2865 2556 2955 theologos
2601 2872 2672 2932 et
2710 2865 2920 2954 philo-

820 2969 1213 3087 sophantes;
1265 2975 1484 3056 atque,
1521 2969 1661 3056 [ut]
1709 2970 1849 3056 ipse
1897 2969 2088 3055 plane
2149 2968 2394 3048 didici,⁴
2437 2969 2922 3035 contradantur

820 3073 909 3138 ad
949 3072 1235 3138 invicem
1280 3072 1589 3160 theologi,
1634 3070 1941 3136 similiter
1969 3071 2151 3137 sibi
2131 3072 2416 3137 invicem
2447 3071 2920 3137 contradicunt

822 3174 915 3240 Et
999 3196 1173 3262 pono
1255 3195 1480 3240 causas
1576 3173 1971 3260 ignorantiae
2047 3179 2116 3238 et
2205 3173 2756 3239 considerationes
2844 3174 2912 3236 in

821 3277 941 3344 hac
1002 3282 1207 3364 parte,
1272 3275 1628 3364 probantes
1704 3275 2048 3340 evidenter
2114 3296 2231 3361 per
2303 3279 2564 3340 sanctos
2637 3279 2706 3340 et
2771 3273 2917 3359 phi-

818 3379 1253 3467 losophantes,
1316 3379 1641 3444 rationem
1700 3382 1771 3442 et
1831 3376 2322 3463 experientiam,
2373 3373 2567 3463 quod
2631 3397 2766 3442 non
2817 3381 2919 3440 est

819 3483 1045 3568 aliqua
1069 3480 1323 3547 falsitas
1370 3481 1443 3546 in
1463 3479 1733 3567 judiciis
1775 3478 2163 3566 astrologiae.
2266 3480 2358 3544 Et
2397 3479 2520 3544 hoc
2565 3479 2932 3544 invenietis

818 3584 892 3648 in
942 3585 1093 3663 fine,
1134 3585 1209 3648 in
1258 3582 1742 3668 comparatione
1814 3580 2298 3647 mathematicae
2351 3582 2440 3646 ad
2499 3581 2913 3668 theologiam.

818 3685 953 3752 Sed
996 3685 1067 3748 in
1100 3685 1581 3770 comparatione
1612 3684 1698 3747 ad
1742 3683 2077 3749 ecclesiam
2108 3683 2238 3748 Dei
2269 3683 2399 3748 duo
2440 3687 2597 3748 sunt
2649 3683 2916 3748 omnino

816 3783 1129 3849 notanda„
1254 3783 1433 3847 Nam
1508 3783 1667 3869 quid
1741 3789 1843 3849 est
1911 3784 2244 3870 pulchrius
2305 3805 2504 3870 quam
2581 3805 2698 3871 per
2775 3784 2916 3849 vias

817 3883 1238 3950 astronomiae
1286 3882 1694 3970 distinguere
1744 3905 1970 3952 omnes
2017 3891 2227 3952 sectas
2271 3891 2342 3952 et
2385 3887 2624 3972 eligere
2674 3891 2920 3951 sectam

819 3985 1307 4052 Christianam?
1398 3985 1695 4050 Maxima
1721 3987 1899 4052 enim
1929 3989 2072 4052 laus
2101 3987 2302 4052 datur
2334 3987 2488 4053 fidei
2523 3983 2917 4053 Christianae

815 4110 934 4175 per
977 4087 1148 4152 hanc
1193 4087 1377 4152 viam
1432 4087 1692 4167 adhuc;
1758 4094 1829 4154 et
1881 4089 2210 4156 Dominus
2263 4090 2460 4155 Jesus
2509 4087 2819 4154 Christus
2849 4093 2918 4154 et

817 4191 1023 4278 Virgo
1051 4189 1337 4278 gloriosa
1372 4189 1638 4277 pulchre
1680 4191 2186 4274 describuntur3
2231 4196 2302 4256 et
2345 4198 2606 4282 tempus
2648 4192 2918 4278 ponitur

884 4547 899 4579 ¹
909 4547 1173 4614 salsitate]
1206 4536 1379 4610 ditate,
1402 4547 1517 4600 MS.
1955 4539 2134 4614 ’‘mt]
2173 4549 2294 4600 lieet
2315 4551 2340 4600 ἲ

881 4627 1075 4693 ἀρ...]
1115 4628 1185 4679 so
1207 4629 1261 4678 in
1282 4628 1397 4679 ΜΒ.
1953 4629 1972 4657 ⁴
1993 4628 2172 4694 αἰῶ-ει]
2207 4627 2388 4694 dedici,
2410 4629 2538 4682 MS.-
