3517 5750
590 892 777 983 vm]
1262 912 1725 964 00quan
1769 912 2026 963 srunn.
2559 897 2690 963 469

587 1090 659 1153 et
700 1107 835 1151 uno
879 1085 1201 1153 vilissimo
1272 1086 1691 1175 sophismate,
1760 1091 1832 1154 et
1895 1086 1968 1152 in
2021 1084 2318 1173 qualibet
2373 1082 2690 1151 facillima

588 1188 965 1274 quaestione.
1057 1187 1294 1255 Certus
1347 1189 1560 1277 igitur
1602 1211 1768 1268 sum,
1818 1188 1996 1275 quod
2037 1188 2274 1255 melius
2337 1192 2510 1254 esset
2569 1187 2692 1252 La-

588 1291 767 1370 tinis,
843 1292 1021 1377 quod
1093 1291 1417 1378 sapientia
1461 1290 1842 1358 Aristotelis
1913 1312 2052 1356 non
2119 1295 2290 1357 esset
2352 1289 2692 1367 translata,

592 1414 792 1479 quam
834 1394 958 1459 tali
1002 1392 1402 1459 obscuritate
1447 1398 1516 1459 et
1561 1393 1998 1480 perversitate
2055 1392 2325 1470 tradita,
2385 1392 2558 1458 sicut
2602 1392 2698 1458 eis

590 1496 707 1584 qui
751 1501 1091 1584 ponuntur
1146 1495 1242 1561 ibi
1310 1494 1594 1585 triginta
1636 1495 1743 1563 vel
1794 1495 2236 1582 quadraginta
2285 1516 2538 1575 annos3
2629 1500 2700 1561 et

590 1603 843 1683 quanto
908 1597 1057 1685 plus
1118 1596 1441 1677 laborant,
1502 1602 1697 1664 tanto
1748 1597 1972 1663 minus
2037 1598 2270 1676 sciunt,
2339 1596 2514 1663 sicut
2571 1618 2698 1684 ego

590 1699 867 1787 probavi
924 1700 998 1765 in
1044 1700 1351 1765 omnibus
1417 1699 1535 1786 qui
1598 1698 1788 1765 libris
1835 1698 2216 1767 Aristotelis
2259 1700 2696 1766 adhaeserunt.

593 1802 793 1869 Unde
850 1804 1157 1869 dominus
1226 1802 1573 1883 Robertus,
1636 1802 1970 1889 quondam
2039 1804 2375 1889 episcopus
2439 1802 2694 1869 Lincol-
2723 1814 2978 1869 Scienfifie

589 1903 835 1970 niensis
877 1910 1121 1972 sanctae
1181 1904 1530 1983 memoriae,
1592 1904 1894 1992 neglexit
1937 1906 2206 1972 omnino
2271 1904 2476 1971 libros
2533 1904 2692 1969 Ari-
2720 1883 2971 2003 3ᾎὲ

590 2007 847 2073 stotelis
874 2012 947 2073 et
974 2008 1120 2073 vias
1149 2028 1393 2085 eorum,
1425 2012 1496 2074 et
1526 2028 1643 2094 per
1685 2008 2164 2094 experientiam
2219 2006 2573 2096 propriam,
2621 2014 2694 2073 et

596 2114 895 2176 auctores
954 2110 1131 2189 alios,
1181 2117 1251 2175 et
1294 2130 1413 2196 per
1456 2109 1621 2175 alias
1666 2110 1974 2177 scientias
2033 2110 2418 2197 negotiatus
2462 2117 2567 2177 est
2624 2110 2698 2175 in

592 2211 1089 2299 sapientialibus
1148 2210 1573 2291 Aristotelis3
1651 2217 1721 2277 et
1781 2212 2017 2277 melius
2099 2212 2346 2279 centies
2407 2212 2694 2279 milesies

590 2315 789 2381 scivit
816 2319 887 2381 et
914 2314 1174 2402 scripsit
1203 2313 1319 2379 illa
1348 2314 1430 2380 de
1452 2314 1693 2401 quibus
1722 2314 1878 2381 libri
1900 2314 2282 2381 Aristotelis
2311 2315 2694 2401 loquuntur,

592 2440 793 2503 quam
835 2417 911 2483 in
954 2418 1159 2505 ipsius
1202 2417 1523 2503 perversis
1582 2416 2132 2483 translationibus
2197 2418 2342 2505 capi
2403 2422 2696 2505 possunt.

594 2520 821 2586 Testes
894 2525 1051 2585 sunt
1115 2524 1437 2586 tractatus
1512 2518 1766 2586 domini
1839 2519 2123 2607 episcopi
2176 2520 2280 2585 De
2349 2519 2547 2602 Iride,
2596 2521 2700 2587 De

596 2622 902 2699 Cometis,
948 2625 1019 2689 et
1063 2622 1145 2688 de
1188 2622 1335 2687 aliis
1402 2622 1578 2709 quod
1622 2621 1900 2709 scripsit.
1991 2622 2084 2687 Et
2146 2622 2240 2688 sic
2301 2644 2524 2689 omnes
2583 2624 2701 2709 qui

592 2724 845 2809 aliquid
892 2724 1125 2803 sciunt,
1172 2724 1523 2811 negligunt
1565 2746 1941 2812 perversam
1985 2724 2486 2791 translationem
2542 2724 2698 2791 Ari-

594 2827 865 2907 stotelis,
928 2832 997 2894 et
1058 2832 1367 2914 quaerunt
1427 2827 1717 2894 remedia
1763 2826 1936 2894 sicut
2001 2832 2292 2915 possunt.
2384 2826 2554 2894 Haec
2597 2834 2702 2895 est

594 2931 841 2996 veritas
886 2951 1087 3016 quam
1127 2929 1365 2995 nolunt
1407 2929 1705 2996 homines
1758 2928 2004 3017 perditi
2049 2929 2123 2994 in
2164 2929 2492 3017 sapientia
2549 2952 2702 2996 con-

596 3032 893 3112 siderare,
955 3032 1071 3098 sed
1116 3035 1427 3118 quaerunt
1486 3031 1796 3098 solatium
1873 3053 2010 3099 suae
2073 3032 2468 3120 ignorantiae
2533 3033 2704 3099 sicut

595 3135 807 3202 bruta.
929 3134 1003 3200 Si
1102 3133 1279 3200 enim
1370 3133 1681 3202 haberem
1754 3137 2151 3222 potestatem
2226 3157 2420 3222 super
2491 3135 2697 3201 libros
2721 3156 2895 3206 Better
2909 3157 2958 3206 if
2971 3157 3036 3208 all

594 3236 976 3304 Aristotelis
1038 3257 1159 3324 ego
1204 3236 1481 3303 facerem
1528 3258 1755 3302 omnes
1818 3235 2108 3316 cremari,
2177 3237 2336 3323 quia
2394 3258 2528 3302 non
2595 3253 2696 3303 est
2718 3223 3040 3339 emanso?

596 3339 727 3404 nisi
770 3339 1083 3426 temporis
1128 3339 1393 3404 amissio
1438 3337 1706 3405 studere
1750 3337 1824 3402 in
1869 3337 2020 3419 illis,
2066 3342 2136 3403 et
2201 3359 2396 3404 causa
2460 3339 2697 3404 erroris
2720 3298 3038 3408 ererertffiff

596 3445 664 3505 et
708 3440 1173 3528 multiplicatio
1217 3439 1625 3528 ignorantiae,
1674 3439 1854 3504 ultra
1897 3439 1970 3505 id
2013 3438 2190 3525 quod
2224 3440 2447 3506 valeat
2491 3440 2700 3528 expli-
2781 3453 2788 3458 “

592 3541 745 3607 cari.
836 3539 927 3609 Et
971 3541 1283 3629 quoniam
1325 3541 1579 3607 labores
1622 3540 2003 3607 Aristotelis
2068 3545 2228 3606 sunt
2269 3539 2703 3608 fundamenta

596 3644 807 3710 totius
850 3645 1210 3732 sapientiae,
1257 3643 1407 3710 ideo
1461 3666 1657 3710 nemo
1718 3647 1938 3733 potest
2002 3645 2332 3710 aestimare
2377 3649 2702 3730 quantum

596 3747 1015 3834 dispendium
1088 3747 1329 3814 accidit
1406 3746 1681 3828 Latinis,
1736 3747 1893 3833 quia
1957 3745 2165 3812 malas
2239 3746 2703 3814 translationes

594 3855 979 3936 receperunt
1052 3849 1445 3938 philosophi.
1569 3850 1661 3916 Et
1734 3849 1886 3916 ideo
1959 3870 2096 3916 non
2161 3853 2264 3916 est
2335 3849 2700 3916 remedium

594 3951 863 4039 plenum
907 3951 1173 4040 ubique.

686 4054 1111 4142 Quicunque·
1160 4055 1315 4121 vult
1402 4053 1669 4143 gloriari
1760 4053 1844 4120 de
1931 4053 2208 4121 scientia
2295 4053 2692 4134 Aristotelis,
2723 4063 3040 4144 lotpreason.

592 4162 853 4244 oportet
898 4158 1076 4244 quod
1120 4179 1267 4223 eam
1310 4157 1604 4224 addiscat
1646 4156 1721 4222 in
1760 4157 1992 4244 lingua
2018 4158 2286 4245 propria
2335 4163 2403 4223 et
2446 4181 2532 4224 na
2540 4159 2693 4236 tiva,
2722 4131 2974 4248 ssffffifele

596 4281 745 4325 cum
806 4261 1053 4347 ubique
1118 4266 1219 4327 est
1279 4260 1531 4325 falsitas
1592 4259 2120 4339 translationum,
2174 4265 2318 4327 tam
2381 4261 2458 4326 in
2519 4262 2701 4329 theo-
2725 4265 2852 4342 regui
2867 4265 2920 4313 ⁵¹¹
2943 4266 3028 4316 the

596 4362 773 4450 logia
834 4385 1034 4450 quam
1100 4363 1173 4427 in
1235 4361 1663 4451 philosophia.
1755 4360 1934 4428 Nam
1987 4385 2212 4430 omnes
2273 4363 2702 4430 translatores
2725 4331 2958 4396 ongmal.

598 4471 755 4531 ante
828 4466 1097 4532 beatum
1172 4463 1657 4552 Hieronymum
1733 4470 2124 4533 erraverunt
2197 4465 2560 4544 crudeliter,
2623 4471 2704 4533 ut

596 4567 737 4655 ipse
804 4569 995 4634 docet
1051 4567 1313 4655 ubique.
1404 4567 1537 4634 Sed
1586 4565 1743 4653 quia
1786 4568 1962 4633 solus
2007 4567 2138 4634 fuit
2202 4571 2274 4634 et
2336 4569 2703 4635 contrarius

596 4670 891 4758 antiquae
954 4669 1435 4748 consuetudini,
1508 4675 1587 4738 ut
1651 4670 1793 4758 ipse
1856 4669 1954 4738 ait
1997 4669 2072 4735 in
2113 4670 2385 4760 prologo
2431 4670 2704 4743 Ecclesi-
