3517 5750
363 0 390 7 -
430 0 837 13 τήὴ-ΤῙ-Γ*
873 0 1296 12 ’-“·“·“·-··“-·-Ἷ-
1325 0 1602 12 -w-uaw-o--—-
1627 0 1666 8 *-
1707 0 2249 18 --n-—W--q
2300 0 3419 24 ·--m--**m-—n—
3498 0 3505 2 -

554 922 659 1009 11.]
1045 924 1054 931 '
1234 938 1697 992 coursnmuu
1736 940 1988 991 srunn.
2528 928 2658 992 409

546 1115 927 1181 examinare
980 1116 1311 1197 veraciter,
1366 1118 1479 1182 sed
1540 1138 1625 1183 ex
1680 1118 1934 1207 impetu
1993 1116 2267 1203 spiritus
2318 1117 2660 1204 praesumit

554 1218 637 1282 de
698 1216 1126 1293 conclusione,
1190 1222 1546 1303 antequam
1592 1219 1803 1304 possit
1867 1218 1950 1283 de
2017 1217 2368 1305 praemissis
2425 1218 2660 1305 proba-

552 1319 849 1385 tionibus
882 1319 1196 1405 judicare.
1291 1320 1457 1387 Haec
1511 1320 1840 1387 sententia
1887 1321 2183 1387 Platonis
2226 1323 2298 1385 in
2341 1322 2512 1387 libro
2558 1322 2660 1387 De

554 1421 1094 1508 Proportionibus
1168 1425 1238 1488 et
1300 1422 2044 1510 Proportionalitatibus
2115 1423 2446 1489 recitatur.
2568 1424 2662 1488 Et

554 1523 945 1591 Aristoteles
1006 1525 1170 1590 dicit
1247 1524 1677 1611 Physicorum
1703 1524 1723 1562 ¹
1795 1526 2092 1613 septimO,
2177 1527 2355 1613 quod
2436 1526 2662 1593 anima

553 1648 689 1691 non
746 1627 827 1692 fit
876 1628 1165 1714 prudens
1207 1632 1278 1692 et
1336 1628 1609 1715 sapiens,
1658 1628 1789 1693 nisi
1840 1628 2152 1695 sedentur
2213 1629 2354 1714 ejus
2399 1634 2657 1717 pertur-

550 1727 867 1795 bationes.
1006 1729 1141 1795 Sed
1216 1729 1570 1795 iracundus
1644 1731 1973 1797 continuis
2049 1732 2660 1818 perturbationibus

550 1830 927 1897 ventilatur.
1019 1831 1277 1898 Deinde
1335 1837 1494 1898 sunt
1554 1832 1783 1898 discoli
1843 1837 1914 1899 et
1957 1832 2352 1900 contentiosi
2411 1838 2481 1899 et
2522 1834 2660 1900 liti-

496 1960 502 1966 ·
550 1932 735 2019 giosi,
796 1939 867 1998 et
924 1934 1203 1999 turbant
1260 1939 1473 2000 totam
1536 1934 2035 2021 inquisitionem
2095 1936 2414 2003 veritatis.
2525 1935 2658 2001 Sed

550 2056 791 2121 pravus
842 2040 947 2102 est
1004 2037 1217 2102 socius
1263 2037 1377 2123 qui
1429 2036 1711 2123 impedit
1773 2059 2116 2105 commune
2175 2038 2532 2125 negotium,
2577 2042 2660 2104 ut

551 2138 945 2205 Aristoteles
978 2139 1345 2205 sententiat
1387 2138 1463 2204 in
1506 2139 1631 2205 hac
1674 2144 1880 2225 parte.
1971 2140 2064 2207 Et
2092 2161 2242 2205 cum
2275 2140 2654 2227 Scriptura⁹

552 2239 753 2305 Sacra
797 2240 977 2321 dicit,
1023 2241 1200 2327 quod
1260 2248 1297 2277 “
1328 2241 1429 2307 ira
1488 2241 1841 2327 requiescit
1898 2243 1972 2307 in
2032 2243 2182 2307 sinu
2235 2241 2485 2324 stulti‚’'
2544 2264 2656 2308 ne-

549 2364 723 2408 cesse
767 2348 870 2409 est
912 2342 1301 2409 iracundum
1346 2343 1418 2408 in
1462 2343 1822 2410 stultitiam
1883 2342 2146 2409 effluere
2199 2350 2270 2410 et
2315 2345 2656 2432 sapientise

550 2446 889 2511 contraire.
980 2446 1305 2525 Avaritia,
1353 2450 1594 2534 praeter
1662 2446 1786 2513 hoc
1848 2447 2028 2533 quod
2083 2452 2188 2513 est
2232 2447 2456 2513 odiosa
2517 2470 2654 2513 om-

547 2547 761 2627 nibus,
806 2568 943 2613 non
1010 2548 1295 2614 sustinet
1336 2548 1447 2615 vel
1490 2548 1653 2614 sinit
1712 2549 2046 2615 hominem
2111 2552 2482 2637 expendere
2542 2572 2654 2616 ne-

548 2650 825 2715 cessaria
885 2648 957 2715 in
1032 2648 1253 2717 studio
1307 2650 1663 2737 sapientiae.
1759 2650 1902 2718 Nec
1944 2656 2168 2738 potest
2223 2673 2464 2717 avarus
2505 2674 2656 2718 con-

547 2757 805 2819 vertere
846 2774 957 2819 cor
998 2752 1085 2818 ad
1128 2773 1417 2817 amorem
1468 2752 1829 2840 sapientiae,
1898 2754 2060 2839 quia
2123 2776 2380 2841 semper
2437 2752 2654 2821 inhiat

549 2854 857 2943 pecuniis,
926 2860 999 2922 et
1070 2854 1316 2922 nititur
1386 2877 1642 2944 semper
1702 2855 2038 2922 cumulare
2102 2856 2425 2938 divitias3
2501 2858 2658 2943 quia

546 2960 603 3023 si
650 2979 890 3024 avarus
934 2958 1180 3024 multos
1232 2958 1586 3045 aliquando
1638 2963 1991 3047 congregat
2042 2958 2261 3039 libros,
2307 2981 2428 3046 pro
2478 2963 2654 3025 certo

548 3060 641 3126 eis
692 3082 824 3125 non
869 3065 951 3126 ut
992 3061 1453 3127 instrumentis
1512 3060 1857 3149 sapientiae
1925 3059 2163 3141 utitur,
2210 3061 2326 3128 sed
2377 3065 2460 3127 ut
2511 3059 2656 3127 the-

548 3185 739 3229 sauro
769 3189 785 3244 3
838 3163 1011 3230 sicut
1052 3163 1353 3230 videmus
1395 3163 1471 3228 in
1514 3163 1818 3229 omnibus
1863 3162 2082 3229 avaris
2125 3163 2374 3230 clericis
2417 3162 2490 3229 in
2534 3164 2656 3232 hoc

549 3266 811 3332 mundo,
904 3266 1155 3332 Acedia
1208 3287 1293 3331 ex
1338 3287 1459 3331 sua
1510 3271 1751 3332 natura
1795 3265 2128 3331 contraria
2171 3269 2274 3332 est
2315 3265 2657 3352 sapientise

550 3375 817 3455 propter
847 3365 1165 3435 desidiam
1206 3373 1278 3433 et
1317 3368 1589 3434 taedium
1634 3367 1881 3434 laboris
1925 3369 1998 3432 in
2041 3367 2278 3434 studiO.
2373 3367 2656 3454 Magnus

550 3470 726 3536 enim
778 3470 965 3537 labor
1022 3470 1386 3558 requiritur
1443 3470 1529 3535 ad
1581 3469 2043 3556 perfectionem
2104 3470 2444 3556 sapientise
2487 3490 2654 3555 prae-

548 3574 737 3659 cipue
808 3578 1077 3661 propter
1139 3571 1611 3660 impedimenta
1685 3571 1766 3636 de
1831 3571 2070 3657 quibus
2132 3570 2363 3636 scribo·
2477 3569 2546 3635 N
2547 3591 2656 3635 am

548 3681 838 3742 testante
887 3677 1133 3743 Seneca
1178 3677 1251 3741 in
1298 3675 1367 3740 N
1370 3675 1753 3752 aturalibus,
1805 3674 1932 3740 etsi
1991 3673 2271 3760 majores
2331 3672 2654 3756 docerent,

546 3784 615 3844 et
666 3779 951 3845 minores
1011 3779 1353 3860 discerent,
1406 3781 1730 3863 quantum
1775 3781 2060 3864 possent,
2106 3776 2226 3841 vix
2269 3775 2658 3842 devenirent

546 3882 634 3947 ad
673 3882 1075 3970 profundum
1114 3881 1187 3946 in
1232 3901 1362 3967 quo
1405 3881 1651 3946 veritas
1689 3880 1909 3968 posita
1947 3884 2064 3946 est.
2146 3878 2348 3944 Unde
2383 3878 2656 3946 Boetius

552 3985 725 4050 libro
800 3984 1084 4050 secundo
1104 3982 1131 4022 ³
1192 4005 1387 4071 super
1462 3983 2018 4071 Interpretatione
2081 3981 2467 4048 Aristotelis
2537 3983 2654 4063 ait,

548 4093 587 4123 ‘¹
636 4086 853 4152 Labor
924 4087 1287 4151 humanum
1357 4107 1566 4172 genus
1640 4085 1884 4152 excolit
1945 4089 2016 4150 et
2089 4083 2484 4150 beatissimis
2556 4085 2658 4152 in·-

547 4195 585 4224 “
628 4189 807 4276 genii
874 4188 1195 4254 fructibus
1268 4187 1595 4273 complet3
1670 4187 1787 4252 sed
1861 4185 1982 4251 ubi
2041 4185 2295 4252 desidia
2367 4187 2656 4252 remittit

548 4297 585 4328 “
629 4291 901 4372 animos,
978 4289 1293 4356 continuo
1368 4288 1725 4354 seminibus
1798 4287 2113 4354 feralibus
2171 4289 2433 4354 animus
2491 4288 2656 4354 uber

546 4398 585 4429 “
629 4391 963 4458 horrescit.
1059 4390 1223 4471 Quis
1265 4389 1476 4478 igitur
1519 4387 1863 4454 laborandi
1905 4390 2163 4475 peritus
2219 4389 2550 4498 unquam*
2611 4412 2656 4456 a
2791 4407 2806 4414 ·

614 4735 627 4766 ¹
653 4733 993 4802 Pityaia-orum]
1022 4735 1108 4786 vii.
1142 4739 1189 4785 3.
1719 4731 1740 4762 ⁸
1758 4729 1991 4796 secundo]
2018 4746 2066 4795 p.
2083 4734 2200 4791 434,
2221 4731 2299 4781 ed.
2328 4730 2521 4797 Migne.

612 4817 633 4847 ²
660 4815 949 4886 Scriptura]
977 4815 1167 4867 Eccles.
1190 4813 1276 4864 vii.
1305 4817 1381 4864 10.
1719 4811 1737 4840 ⁸
1760 4809 1994 4876 unquam]
2023 4825 2294 4874 nunquam,
2319 4809 2430 4862 MS.
