3517 5750
866 856 997 921 306
1620 864 1878 917 nocam
1923 862 2212 915 mooms
2793 847 2968 933 [car.

866 1064 1074 1120 orum,
1142 1043 1215 1107 et
1257 1044 1397 1105 tam
1444 1040 1770 1127 pulchros,
1819 1040 2000 1127 quod
2064 1060 2204 1106 non
2247 1043 2350 1105 est
2393 1036 2568 1107 finis.
2657 1038 2752 1105 Et
2793 1043 2970 1105 certe

864 1132 1207 1229 nunquam
1236 1141 1517 1209 fuissent
1560 1142 1653 1207 sic
1674 1140 1693 1177 ¹
1742 1142 2116 1229 philosophi
2157 1140 2435 1227 loquuti,
2479 1139 2613 1207 nisi
2657 1139 2816 1227 quia
2857 1162 2974 1227 per

864 1244 1347 1333 experientiam
1420 1244 1689 1331 longam
1754 1246 2136 1309 habuerunt
2199 1241 2593 1309 exercitium
2681 1242 2970 1311 virtutis.

866 1348 1117 1416 Seneca
1160 1366 1318 1413 vero
1363 1346 1569 1414 refert
1612 1346 1695 1413 de
1738 1346 1970 1433 seipso,
2003 1346 2182 1432 quod
2227 1346 2412 1412 omni
2457 1344 2567 1411 die
2613 1348 2971 1433 antequam

864 1450 937 1517 in
980 1454 1177 1517 nocte
1238 1447 1579 1525 dormiret,
1655 1452 1874 1515 totam
1937 1448 2154 1514 vitam
2225 1468 2416 1512 suam
2491 1446 2798 1513 diurnam
2867 1468 2974 1511 re·

864 1552 1126 1634 coleret,
1173 1556 1253 1617 ut
1292 1550 1559 1617 videret
1598 1550 1673 1615 in
1718 1549 1960 1635 quibus
2021 1550 2242 1617 verbis
2287 1554 2358 1615 et
2401 1548 2592 1615 factis
2635 1555 2756 1616 aut
2799 1548 2973 1613 male

864 1655 1125 1721 fecisset
1186 1658 1306 1719 aut
1350 1653 1614 1733 minus3
1661 1653 1886 1719 dicens
1961 1652 2036 1717 in
2111 1673 2242 1738 quo
2317 1672 2558 1739 gravor
2625 1651 2684 1719 si
2757 1652 2970 1717 dicam

864 1756 1031 1821 mihi
1072 1756 1219 1843 ipsi,
1290 1755 1447 1821 vide
1488 1776 1575 1821 ne
1618 1754 1770 1841 plus
1837 1754 2066 1821 feceris
2133 1756 2274 1833 hoc,
2337 1755 2448 1821 vel
2502 1754 2765 1821 dixeris.
2879 1754 2972 1819 Et

864 1864 1091 1925 tamen
1150 1856 1389 1923 habuit
1456 1878 1733 1923 uxorem
1799 1856 2009 1943 juxta
2069 1879 2159 1937 se,
2205 1878 2358 1943 quae
2411 1878 2548 1923 non
2607 1856 2740 1922 fuit
2809 1877 2970 1921 ausa

863 1960 1185 2049 impedire
1230 1980 1402 2039 eum,
1446 1958 1677 2040 sciens,
1724 1963 1804 2025 ut
1849 1959 1968 2035 ait,
2015 1980 2232 2025 meam
2275 1958 2834 2025 consuetudinem.

954 2062 1015 2129 Ο
1060 2082 1263 2150 quam
1308 2060 1539 2127 efficax
1608 2066 2074 2148 argumentum
2137 2062 2385 2127 morale
2428 2082 2548 2147 per
2591 2061 2968 2148 exemplum

864 2165 1041 2231 tanti
1084 2164 1219 2230 viri
1282 2163 1607 2252 accipitur
1668 2164 1794 2241 hic,
1841 2169 1920 2230 ut
1965 2161 2250 2250 quilibet
2315 2162 2736 2231 Christianus
2793 2163 2967 2229 exci-

864 2272 1064 2345 tetur,
1140 2272 1467 2354 quatenus
1540 2270 1904 2352 antequam
1977 2264 2266 2331 dormiat
2341 2265 2684 2353 recolligat
2749 2265 2971 2330 omnia

862 2368 1041 2435 facta
1086 2374 1157 2435 et
1202 2368 1387 2435 dicta
1429 2367 1686 2447 diurna,
1734 2372 1806 2434 et
1849 2368 1934 2433 de
1993 2366 2102 2433 his
2164 2368 2562 2434 confiteatur
2629 2366 2966 2449 sacerdoti,

863 2472 923 2537 si
966 2470 1219 2557 copiam
1266 2468 1475 2557 possit
1518 2468 1761 2535 habere
1795 2492 1816 2550 ;
1890 2474 2011 2535 aut
2079 2470 2316 2535 saltem
2383 2490 2605 2537 coram
2647 2470 2786 2537 solo
2828 2469 2971 2535 Deo

863 2574 1167 2639 revolvat
1208 2594 1330 2637 sua
1374 2572 1633 2637 delicta.
1745 2570 1824 2638 Si
1868 2570 2046 2637 enim
2111 2571 2312 2637 homo
2379 2594 2698 2659 paganus,
2754 2572 2971 2659 gratia

864 2674 1023 2740 fidei
1068 2696 1206 2739 non
1249 2673 1643 2754 illustratus,
1708 2672 1832 2739 hoc
1893 2672 2072 2755 fecit,
2139 2674 2384 2739 ductus
2426 2675 2568 2740 sola
2609 2674 2970 2740 vivacitate

863 2775 1159 2855 rationis,
1252 2780 1507 2862 quanto
1592 2776 1806 2862 magis
1889 2774 2090 2841 debet
2176 2774 2460 2862 quilibet
2549 2776 2970 2843 Christianus

862 2877 987 2944 hoc
1014 2877 1239 2956 facere,
1272 2879 1389 2963 qui
1431 2897 1567 2942 non
1612 2878 1826 2944 solum
1871 2899 2021 2944 eum
2067 2877 2317 2944 Seneca
2345 2879 2546 2946 habet
2573 2881 2971 2966 potestatem

862 2979 1159 3059 rationis,
1208 2979 1326 3044 sed
1392 2977 1654 3045 excedit
1696 3001 1852 3046 eum
1895 2981 1970 3046 in
2013 2979 2360 3046 infinitum
2401 3002 2522 3067 per
2575 2980 2972 3069 sapientiam

866 3080 1337 3148 Christianam.
1456 3079 1593 3147 Sed
1660 3083 1742 3150 de
1815 3082 1922 3149 his
1965 3087 2036 3149 et
2079 3082 2458 3170 hujusmodi
2501 3083 2750 3172 scripta
2789 3085 2970 3171 prin-

867 3183 1113 3269 cipalia
1158 3182 1605 3269 requiruntur.

956 3285 1093 3353 Sed
1158 3285 1406 3352 diceret
1470 3285 1713 3371 aliquis
1773 3287 1938 3373 quid
2014 3287 2158 3354 haec
2201 3287 2288 3352 ad
2349 3288 2616 3354 musicae
2681 3287 2968 3374 proprie-

866 3391 1131 3454 tatem?
1222 3386 1420 3454 Certe
1466 3387 1772 3467 multum,
1851 3389 2056 3455 immo
2132 3390 2632 3478 principaliter3
2705 3395 2778 3456 et
2847 3391 2971 3456 hoc

860 3491 1011 3558 volo
1074 3490 1436 3571 ostendere,
1484 3495 1565 3556 ut
1609 3497 1930 3578 appareat
1993 3493 2155 3577 quid
2223 3497 2326 3560 est
2385 3493 2724 3582 proprium
2767 3493 2967 3558 unius

864 3593 1159 3660 scientiae
1203 3597 1275 3660 et
1316 3594 1479 3679 quid
1538 3593 1828 3660 alterius.
1937 3593 2095 3659 Non
2163 3595 2342 3660 enim
2404 3617 2668 3682 possum
2728 3617 2969 3682 negare

864 3683 1029 3780 <juin
1088 3696 1323 3762 multae
1382 3695 1674 3762 scientiae
1733 3695 2156 3763 considerent
2215 3697 2374 3764 haec.
2465 3697 2646 3763 Nam
2704 3698 2970 3764 moralis

862 3797 1287 3883 philosophus
1334 3797 1461 3861 scit
1504 3797 1608 3862 uti
1654 3817 1952 3864 sermone
1997 3799 2207 3880 suavi,
2241 3807 2310 3866 et
2337 3800 2633 3888 gestibus
2661 3801 2972 3866 conveni-

863 3899 1131 3962 entibus
1175 3897 1463 3963 orationi
1509 3897 1888 3967 delectabili
1934 3901 2436 3968 conformandis.
2527 3901 2852 3969 Similiter
2877 3903 2972 3968 lo·

861 3999 1047 4084 gicus
1092 4003 1161 4063 et
1203 3999 1693 4084 grammaticus.
1807 4001 1938 4070 Sed
1982 4003 2232 4070 nullius
2274 4006 2554 4070 istorum
2599 4011 2701 4072 est
2745 4025 2972 4071 causas

862 4105 935 4166 et
976 4101 1271 4166 rationes
1340 4103 1689 4188 assignare,
1736 4105 1852 4172 sed
1896 4106 2170 4172 alterius
2213 4108 2524 4174 scientiae.
2657 4107 2750 4173 Et
2793 4109 2971 4195 quod

861 4202 1003 4268 hsec
1064 4204 1155 4270 sit
1198 4204 1453 4270 musica
1494 4210 1687 4291 patet
1730 4229 1850 4294 per
1893 4229 1972 4274 ea
2017 4231 2166 4296 quse
2211 4210 2302 4276 ad
2361 4210 2481 4275 hos
2525 4231 2854 4276 sermones
2899 4215 2972 4275 et

862 4309 1094 4391 gestus
1136 4306 1471 4392 pertinere
1516 4315 1897 4376 noscuntur.
1973 4311 2368 4378 Aristoteles
2411 4313 2590 4378 enim
2635 4317 2708 4378 et
2751 4333 2973 4378 omnes

859 4407 1001 4493 ejus
1019 4405 1046 4444 ²
1092 4409 1501 4496 expositores
1542 4409 1617 4476 in
1660 4411 1852 4478 libris
1897 4413 1978 4479 de
2023 4414 2130 4480 his
2159 4415 2575 4482 sermonibus
2617 4419 2970 4492 testantur,

860 4511 1037 4596 quod
1114 4511 1185 4576 hi
1260 4534 1591 4579 sermones
1668 4515 1914 4582 debent
1987 4537 2125 4582 esse
2217 4518 2291 4583 in
2365 4519 2498 4583 fine
2574 4517 2790 4583 decori
2809 4515 2837 4554 ³
2898 4523 2967 4583 et

922 4689 1170 4752 ¹fut‘usent
1185 4691 1285 4757 sic]
1324 4692 1399 4743 sic
1418 4692 1646 4757 fuissent,
1666 4694 1730 4746 B.
2025 4699 2045 4727 ⁸
2065 4697 2252 4765 decora]
2289 4698 2499 4764 decoris,
2521 4698 2584 4750 B.

918 4767 941 4798 ²
959 4769 1090 4837 ἠν]
1127 4785 1227 4822 om.
1258 4771 1325 4826 T.
