3517 5750
578 857 751 947 nvn]
1354 876 1531 929 orus
1574 873 1894 927 TERTIUM.
2549 858 2676 921 219

576 1072 783 1115 111111111
828 1051 1155 1117 mensem¹
1206 1052 1488 1139 triginta
1532 1053 1806 1129 dierum,
1871 1055 1943 1115 et
1986 1049 2279 1113 residuos
2347 1052 2482 1113 tres
2545 1046 2684 1112 dies

574 1154 1059 1239 suspenderunt
1100 1176 1305 1241 usque
1349 1155 1437 1221 ad
1480 1154 1677 1219 aliam
1723 1152 2296 1239 computationem.
2390 1150 2483 1215 Et
2511 1149 2688 1214 hunc

574 1277 865 1321 mensem
892 1262 1338 1344 apposuerunt
1366 1261 1523 1323 ante
1554 1255 1870 1344 Aprilem,
1903 1258 1982 1319 ut
2012 1254 2351 1319 elevarent
2393 1274 2688 1319 mensem

576 1358 663 1423 ad
738 1358 1039 1425 debitum
1112 1359 1553 1447 primitiarum
1651 1361 1920 1436 statum,
2007 1360 2335 1442 quatenus
2427 1360 2688 1441 tempus

576 1460 805 1527 lunare
850 1468 1225 1547 aequaretur
1268 1461 1361 1527 sic
1403 1461 1619 1540 solari,
1682 1459 1862 1547 quod
1925 1465 2188 1546 tempus
2253 1457 2462 1523 solare
2527 1458 2690 1523 facit

578 1568 799 1629 ortum
842 1564 1167 1652 spicarum
1212 1569 1285 1631 et
1324 1586 1697 1651 granorum,
1745 1584 1882 1629 non
1911 1567 2174 1649 tempus
2219 1560 2464 1627 lunare.
2555 1559 2690 1625 Hic

579 1688 791 1733 annus
854 1667 1056 1733 habet
1103 1667 1420 1733 tredecim
1466 1687 1741 1746 menses,
1790 1669 1861 1731 et
1911 1664 2154 1731 dicitur
2205 1662 2687 1743 embolismalis,

578 1769 651 1835 id
680 1774 797 1847 est,
830 1790 1395 1857 superexcrescens
1423 1792 1441 1850 ;
1484 1774 1555 1835 et
1596 1768 1697 1834 ita
1740 1766 1827 1832 ab
1873 1765 2174 1832 Hebraeis
2202 1765 2414 1853 primo
2443 1764 2691 1851 incepit

582 1872 755 1937 ratio
798 1872 1340 1939 embolismorum.
1458 1870 1551 1937 Et
1618 1868 1844 1935 Latini
1908 1873 1978 1935 et
2031 1868 2242 1935 Graeci
2303 1870 2692 1954 acceperunt

583 1976 669 2041 ab
712 1976 821 2041 eis
914 1975 1006 2041 Et
1050 1974 1221 2041 sicut
1264 1972 1537 2040 Hebraei
1580 1976 1842 2060 ponunt
1869 1970 2322 2037 embolismum
2368 1970 2441 2035 in
2492 1970 2692 2036 tertio

584 2100 758 2144 anno
802 2076 987 2163 cycli,
1033 2082 1102 2143 et
1156 2082 1351 2143 sexto
1410 2080 1481 2141 et
1525 2080 1776 2152 octavo,
1843 2077 1912 2141 et
1957 2073 2050 2139 sic
2106 2072 2287 2138 ultra
2333 2070 2690 2138 secundum

582 2180 758 2267 quod
786 2179 1086 2257 occurrit,
1118 2180 1209 2245 sic
1242 2177 1467 2245 Latini
1496 2181 1567 2243 et
1598 2175 1826 2243 Graeci.
1919 2174 2053 2241 Sed
2098 2178 2326 2240 tamen
2369 2174 2692 2241 consider-

482 2345 495 2357 ,
584 2283 829 2349 andum
890 2282 1069 2369 quod
1140 2280 1361 2368 cyclus
1423 2280 1874 2355 Hebraeorum,
1951 2280 2032 2343 ut
2089 2276 2386 2363 praedixi‚
2461 2276 2694 2364 incipit

586 2391 823 2471 quarto
866 2407 1041 2450 anno
1102 2384 1269 2471 cycli
1324 2383 1730 2448 Latinorum.
1827 2379 1961 2447 Sed
2005 2380 2164 2465 quia
2213 2380 2574 2446 astronomi
2625 2384 2695 2445 et

586 2476 997 2575 computistae
1036 2508 1173 2553 non
1216 2485 1579 2552 advertunt
1599 2483 1627 2521 ²
1655 2485 1826 2551 hanc
1857 2482 2314 2563 differentiam,
2345 2481 2496 2548 ideo
2525 2504 2694 2569 saepe

586 2591 887 2669 inaniter,
952 2595 1021 2656 et
1080 2611 1229 2655 cum
1289 2587 1684 2665 confusione,
1746 2585 2156 2653 contendunt
2215 2607 2364 2651 cum
2423 2584 2471 2650 J
2471 2586 2693 2663 udaeis,

586 2694 1009 2781 reprobantes
1062 2714 1173 2759 eos
1224 2692 1308 2757 de
1354 2690 1525 2757 festo
1574 2689 1892 2770 Paschali,
1949 2688 2214 2775 quando
2261 2688 2564 2767 multum,
2617 2693 2696 2754 ut

588 2817 705 2884 per
775 2816 1064 2861 mensem
1123 2792 1232 2859 vel
1290 2793 1562 2875 circiter,
1617 2814 1660 2859 a
1716 2792 1908 2858 nobis
1969 2790 2344 2857 discordant
2359 2788 2386 2828 ³
2442 2791 2518 2855 in
2575 2790 2697 2857 hoc

587 2899 771 2966 festo.
862 2898 1041 2964 Nam
1085 2897 1143 2963 si
1185 2897 1407 2983 cyclus
1450 2901 1674 2962 noster
1703 2901 1775 2963 et
1803 2917 2028 2962 eorum
2073 2895 2271 2960 simul
2315 2894 2693 2982 inciperent,

590 3006 751 3068 tunc
808 2999 1247 3088 redarguendi
1306 3003 1539 3066 essent.
1663 2998 1798 3066 Sed
1855 3021 1991 3065 non
2051 3002 2152 3064 est
2211 2999 2358 3078 ita3
2418 3003 2488 3064 et
2547 2999 2696 3064 ideo

588 3105 838 3170 habent
898 3103 1370 3182 embolismum,
1454 3123 1660 3188 quum
1742 3123 1863 3168 nos
1921 3122 2057 3167 non
2115 3100 2450 3183 habemus,
2533 3106 2602 3167 et
2661 3122 2696 3166 e

588 3229 915 3274 converso,
1008 3206 1100 3272 Et
1143 3206 1291 3271 ideo
1336 3204 1453 3270 ille
1496 3205 1739 3271 mensis
1789 3203 2132 3270 addendus
2179 3202 2530 3290 aliquando
2581 3203 2696 3269 ad-

591 3311 775 3376 ditur
818 3308 996 3397 apud
1036 3329 1161 3387 eos,
1198 3307 1305 3374 vel
1345 3307 1776 3387 subtrahitur,
1819 3327 2026 3394 quum
2067 3329 2187 3373 nos
2237 3327 2356 3372 nec
2395 3305 2698 3372 addimus

588 3435 711 3480 nec
756 3411 1220 3479 subtrahimus.
1333 3408 1492 3477 Vidi
1544 3413 1768 3476 autem
1827 3409 2074 3498 peritos
2132 3409 2308 3475 viros
2367 3412 2436 3474 et
2494 3407 2699 3475 famo·

590 3515 875 3582 sissimos
917 3513 1204 3601 turpiter
1254 3533 1483 3593 errare,
1539 3516 1610 3578 et
1656 3535 1699 3576 a
1744 3511 1792 3577 J
1793 3511 2000 3578 udaeis
2051 3511 2276 3576 viliter
2325 3510 2624 3577 derideri.

684 3619 776 3685 Et
836 3616 1051 3704 majus
1123 3616 1247 3681 hoc
1266 3613 1291 3651 ⁴
1366 3615 1743 3703 exemplum
1803 3613 2042 3680 accidit
2115 3613 2188 3679 in
2247 3612 2700 3680 observatione

593 3721 804 3808 legali.
896 3719 1073 3786 Nam
1125 3722 1394 3805 propter
1445 3721 1772 3805 praecepta
1819 3716 1982 3804 legis
2029 3738 2162 3782 non
2216 3721 2491 3803 possunt
2539 3717 2699 3783 inci-

594 3846 745 3912 pere
803 3845 1053 3888 annum
1104 3822 1177 3885 111
1226 3820 1589 3898 Dominica‚
1652 3841 1772 3886 nec
1823 3820 1896 3886 in
1963 3819 2070 3886 die
2117 3819 2410 3900 Veneris,
2465 3841 2583 3886 nec
2629 3820 2702 3886 in

596 3927 703 3992 die
754 3925 1075 3992 Mercurii.
1169 3923 1497 4004 Quoniam
1558 3923 1613 3988 si
1674 3923 1747 3988 in
1809 3922 1918 3988 die
1981 3921 2330 3988 Dominica
2383 3923 2703 4010 inciperet

595 4051 829 4107 31111113,
874 4033 1035 4095 tunc
1079 4017 1151 4091 in
1194 4025 1534 4090 lunatione
1566 4025 1886 4102 OctobriS‚
1921 4024 2184 4111 quando
2213 4025 2448 4112 incipit
2489 4047 2704 4091 annus

596 4132 953 4198 secundum
1028 4127 1260 4194 seriem
1344 4128 1662 4214 temporis
1744 4127 2130 4205 naturalem,
2217 4129 2704 4214 quintadecima

597 4235 737 4300 dies
782 4233 959 4299 illius
1000 4231 1243 4298 mensis
1291 4230 1419 4296 erit
1470 4229 1543 4294 in
1579 4229 1972 4310 Dominica3
2017 4235 2088 4296 et
2129 4229 2201 4296 in
2248 4230 2481 4317 vigilia
2527 4230 2704 4297 illius

597 4338 750 4404 festi
824 4336 1221 4424 colliguntur
1288 4332 1457 4400 rami
1536 4332 1619 4399 de
1694 4333 2036 4402 arboribus
2113 4337 2382 4422 propter
2461 4332 2702 4400 festum

605 4531 647 4538 ...-
670 4531 718 4536 -.....
743 4527 1018 4535 .-..————--—-
1469 4525 1582 4531 -—

668 4637 681 4669 ¹
709 4653 851 4687 unum
890 4631 1115 4702 mensem]
1169 4647 1395 4684 mensem
1430 4645 1603 4693 unum,
1770 4637 1789 4665 ³
1811 4649 1844 4683 a
1879 4634 2014 4684 nobis
2034 4665 2040 4670 ·
2058 4632 2361 4699 discordant]
2416 4631 2706 4684 discordant

1639 4749 1641 4752 >
1704 4731 1735 4767 a
1755 4715 1915 4777 nobis,
1939 4714 2000 4766 T.

602 4715 689 4829 T}
710 4795 993 4864 advertunt]
1031 4801 1361 4857 antevertant,
1384 4793 1446 4844 Β.
1773 4799 1790 4828 ⁴
1813 4795 1926 4864 hoc]
1965 4811 2062 4848 om.
2089 4793 2150 4846 Τ.
