3517 5750
538 1046 651 1097 The
672 1062 811 1113 mag-

540 1122 639 1163 net.

541 3987 798 4054 Grasting.

872 852 1005 916 384
1628 862 1885 913 noomu
1929 862 2220 912 memus

872 1036 997 1102 sub
1042 1058 1214 1113 vase,
1262 1039 1439 1101 taeta
1484 1056 1635 1121 pars
1694 1034 2018 1122 demergit
2077 1056 2148 1099 se
2191 1034 2264 1099 in
2315 1055 2488 1119 aqua
2529 1032 2602 1098 in
2653 1031 2972 1097 directum

872 1138 1207 1225 magnetis.
1300 1136 1393 1202 Et
1435 1136 1493 1201 si
1546 1136 1881 1203 deferatur
1921 1136 2216 1221 undique
2273 1156 2542 1221 magnes
2601 1141 2793 1200 extra
2835 1155 2970 1219 nos,

870 1241 1115 1306 ferrum
1144 1258 1340 1326 super
1368 1244 1623 1325 partem
1670 1243 1918 1305 tectam
1963 1243 2244 1303 erectam
2285 1238 2492 1303 currit
2534 1238 2608 1301 in
2651 1238 2970 1302 directum

868 1340 1217 1427 cujuslibet
1273 1338 1416 1418 loci,
1470 1340 1553 1405 ad
1600 1360 1798 1425 quem
1843 1338 2135 1405 defertur
2199 1360 2483 1424 magnes.
2575 1338 2668 1403 Et
2739 1338 2796 1402 si
2840 1338 2972 1401 ima

868 1464 1020 1529 pars
1064 1442 1391 1529 magnetis
1439 1440 1792 1526 objiciatur
1841 1440 2018 1527 parti
2063 1438 2221 1505 ferri
2267 1444 2464 1505 tactae
2509 1438 2770 1526 fugaret
2827 1460 2968 1502 eam

868 1542 1039 1609 sicut
1094 1542 1471 1623 inimicam3
1532 1542 1701 1607 sicut
1752 1562 1964 1627 agnus
2009 1537 2281 1627 lupum¹
2375 1539 2468 1605 Et
2526 1540 2750 1605 ablato
2792 1560 2971 1625 mag-

867 1641 2748 1731 neteparstactadirigitseedlocumcoelisimilem
2799 1640 2970 1728 parti

870 1747 1216 1833 magnetis.

958 1848 1215 1935 Vulgus
1288 1845 1894 1934 philosophantium
1960 1845 2170 1912 nescit
2227 1868 2488 1913 causam
2549 1844 2970 1933 experientiae

869 1950 1157 2037 vulgatae
1216 1950 1289 2013 in
1333 1948 1455 2013 hac
1504 1952 1711 2035 parte,
1775 1952 1846 2013 et
1905 1948 2115 2013 credit
2165 1947 2340 2033 quod
2387 1946 2578 2013 stella
2627 1946 2970 2014 Nautica²

868 2050 1027 2118 facit
1106 2050 1193 2115 ad
1284 2049 1419 2115 hoc.
1542 2048 1675 2115 Sed
1742 2049 1933 2115 stella
2021 2070 2155 2114 non
2243 2048 2400 2113 facit
2489 2050 2576 2115 ad
2649 2049 2771 2115 hoc
2857 2048 2972 2113 sed

868 2174 1021 2239 pars
1080 2152 1243 2219 coeli.
1337 2150 1431 2216 Et
1506 2151 1601 2216 ita
1676 2150 1845 2215 bene
1918 2155 2276 2238 operantur
2329 2156 2464 2216 tres
2531 2150 2682 2216 aliae
2741 2149 2972 2215 mundi

871 2258 1133 2339 partes3
1226 2251 1471 2319 scilicet
1568 2252 1890 2333 meridies,
1969 2252 2204 2332 oriens,
2275 2257 2345 2317 et
2419 2252 2732 2330 occidens,
2809 2252 2975 2317 sicut

868 2355 1245 2443 septentrio.
1312 2353 1632 2420 Similiter
1661 2375 1795 2418 non
1841 2354 2252 2419 considerant
2294 2354 2468 2438 quod
2497 2359 2783 2439 quatuor
2826 2353 2974 2419 imae

870 2464 1089 2545 partes
1132 2456 1367 2521 mundi
1410 2455 1909 2542 distinguantur
1947 2454 2020 2519 in
2050 2460 2368 2541 magnete.
2460 2454 2592 2520 Sed
2635 2460 2740 2521 tot
2785 2456 2972 2521 attri-

870 2559 1091 2624 buunt
1144 2558 1262 2623 uni
1306 2558 1499 2645 parti,
1548 2578 1697 2642 quse
1740 2578 1891 2622 cum
1957 2556 2150 2621 stella
2196 2557 2507 2623 convenit
2557 2556 2628 2621 N
2621 2556 2859 2623 antica
2901 2558 2971 2621 in

870 2659 1158 2725 naturali
1220 2659 1633 2745 proprietate.
1749 2658 1844 2722 Et
1887 2658 2033 2723 aliae
2107 2662 2264 2722 sunt
2335 2657 2712 2744 hujusmodi
2781 2680 2968 2745 expe-

870 2761 1126 2826 rientioe
1172 2765 1241 2825 et
1286 2759 1583 2825 meliores
1624 2782 1761 2825 non
1805 2760 1887 2825 de
1917 2759 2088 2824 ferro
2133 2758 2344 2824 solum
2391 2765 2461 2825 et
2506 2766 2827 2847 magnete,
2858 2759 2969 2825 sed

868 2860 953 2926 de
1030 2882 1190 2926 auro
1272 2864 1343 2926 et
1425 2860 1728 2927 omnibus
1803 2860 2086 2928 metallis
2180 2866 2478 2949 respectu
2567 2862 2968 2928 diversamm

869 2961 1227 3049 specierum
1298 2963 1642 3048 magnetis,
1701 2962 1874 3028 sicut
1931 2963 2205 3029 docetur
2275 2961 2350 3028 in
2407 2961 2578 3030 libro
2647 2963 2748 3028 De
2809 2963 2970 3029 Pro-

868 3061 1283 3150 prietatibus.
1393 3062 1487 3128 Et
1550 3085 1687 3128 non
1746 3065 1960 3130 solum
2025 3065 2100 3129 in
2161 3064 2266 3129 his
2347 3065 2461 3130 sed
2531 3065 2604 3129 in
2668 3064 2969 3131 omnibus

868 3164 1064 3231 rebus
1111 3163 1339 3230 mundi
1383 3185 1641 3230 necesse
1680 3170 1782 3231 est
1824 3165 2002 3251 quod
2037 3171 2257 3253 partes
2286 3171 2570 3251 quatuor
2612 3166 2968 3252 signentur,

868 3265 1226 3332 secundum
1272 3271 1557 3352 quatuor
1600 3273 1818 3354 partes
1861 3266 2028 3344 coeli,
2063 3272 2132 3332 et
2175 3267 2459 3332 maxime
2493 3269 2566 3332 in
2609 3267 2715 3332 his
2759 3267 2968 3348 rebus,

870 3390 1019 3455 quae
1070 3369 1283 3434 fixum
1331 3357 1579 3434 habe'nt
1637 3367 1869 3444 locum,
1934 3373 2011 3433 ut
2056 3367 2128 3432 in
2201 3369 2396 3434 rebus
2454 3359 2835 3434 inanimatis
2899 3374 2969 3434 et

871 3471 1117 3557 plantis
1145 3495 1161 3551 ;
1202 3493 1357 3538 nam
1408 3471 1659 3536 habent
1686 3471 1992 3536 continue
2043 3475 2298 3556 partem
2339 3471 2843 3537 determinatam
2885 3471 2970 3536 ad

874 3575 1105 3651 oriens,
1163 3578 1231 3638 et
1288 3571 1487 3637 aliam
1540 3571 1627 3636 ad
1679 3570 1990 3648 occidens,
2045 3577 2114 3636 et
2161 3578 2430 3638 caeteras
2481 3572 2646 3637 duas
2688 3572 2775 3636 acl
2825 3593 2966 3660 sep-

869 3676 1267 3741 tentrionem
1318 3679 1389 3739 et
1438 3673 1794 3754 meridiem,
1842 3678 1915 3739 et
1961 3673 2308 3740 continuas
2365 3679 2458 3740 et.
2477 3679 2826 3761 perpetuas
2872 3695 2970 3738 re-

872 3775 1124 3860 cipiant
1197 3775 1577 3840 influentias
1636 3797 1677 3839 a
1719 3774 2020 3861 partibus
2077 3773 2267 3855 coeli3
2332 3779 2630 3862 respectu
2692 3795 2970 3862 quarum

872 3873 1121 3940 habent
1148 3875 1351 3940 situm
1381 3874 1560 3959 quod
1597 3895 1940 3960 possumus
1987 3875 2272 3962 experiri
2311 3877 2384 3941 in
2425 3878 2622 3942 rebus
2667 3877 2967 3942 infinitis.

936 3975 1027 4039 Et
1096 3995 1273 4040 nunc
1358 3975 1548 4061 ponit
1626 3978 2003 4065 exemplum
2104 3999 2308 4063 quum
2383 3978 2681 4044 surculus
2773 3979 2970 4044 debet

868 4075 1067 4141 inseri
1120 4075 1193 4140 in
1243 4075 1459 4141 alieno
1512 4077 1756 4164 stipite.
1843 4079 1919 4144 Si
1995 4081 2552 4167 experimentator
2609 4079 2970 4146 consideret

869 4183 1127 4266 partem
1174 4177 1557 4243 orientalem
1598 4181 1840 4246 surculi
1886 4185 1954 4247 et
1999 4181 2357 4249 insertione
2401 4187 2623 4249 vertat
2680 4204 2824 4248 eam
2881 4181 2968 4245 ad

869 4281 1203 4359 orientem,
1280 4285 1347 4346 et
1422 4279 1503 4346 de
1566 4281 1842 4370 singulis
1926 4284 2227 4371 partibus
2308 4289 2606 4372 respectu
2679 4283 2968 4370 partium

870 4383 1020 4452 coeli
1064 4403 1215 4470 quse
1261 4383 1354 4449 eis
1398 4385 1947 4472 correspondent3
1999 4391 2164 4454 tunc
2207 4391 2386 4453 terra
2429 4386 2752 4453 existente
2795 4386 2969 4450 bona

944 4710 961 4740 ¹
984 4708 1175 4778 lupum]
1214 4729 1416 4777 vapum,
1439 4715 1552 4766 MS.
1923 4715 1935 4782 Ι
2001 4715 2021 4746 ²
2039 4713 2292 4780 Nautica]
2312 4715 2528 4776 naucita,
2543 4713 2780 4778 MS.,and
2793 4712 2968 4764 below.
