3517 5750
914 891 1044 956 568
1707 899 2070 954 APPEme
2114 901 2185 950 11.

920 1078 958 1112 “
1002 1088 1194 1144 sectae
1223 1101 1240 1156 ;
1285 1097 1420 1143 non
1463 1075 1622 1161 quia
1665 1095 2035 1162 quaeramus
2080 1073 2405 1140 rationem
2450 1077 2607 1137 ante
2648 1071 2867 1150 fidem,
2896 1069 3013 1136 sed

919 1186 955 1213 “
998 1183 1150 1265 post
1191 1178 1408 1257 fidem,
1453 1183 1534 1241 ut
1583 1175 1833 1263 duplici
1894 1163 2395 1242 confirmatione
2462 1172 2803 1240 certificati
2864 1172 3021 1236 lau«

921 1289 954 1316 “
1001 1281 1229 1346 demus
1275 1278 1494 1346 Deum
1561 1279 1642 1344 de
1708 1283 1938 1344 nostra
2008 1277 2238 1356 salute,
2286 1297 2489 1361 quam
2554 1274 3021 1338 indubitanter

919 1387 956 1417 “
999 1385 1314 1448 tenemus.
1405 1379 1498 1445 Et
1539 1401 1656 1468 per
1699 1381 1867 1445 hanc
1897 1379 2074 1445 viam
2120 1376 2601 1443 mathematicae
2643 1397 2777 1440 non
2805 1375 3007 1439 solum

920 1490 956 1519 “
1001 1483 1436 1550 certificamur
1481 1483 1566 1548 de
1608 1481 2003 1569 professione
2071 1483 2313 1557 nostra,
2362 1477 2477 1544 sed
2543 1477 3017 1564 praemunimur

923 1593 958 1620 “
1001 1590 1234 1651 contra
1305 1589 1552 1650 sectam
1595 1580 2055 1663 Antichristi‚'’
2130 1587 2201 1646 et
2254 1585 2507 1648 caetera„
2616 1578 2749 1658 Qui
2822 1599 3017 1664 porro

917 1686 1302 1773 theologicis
1345 1687 1418 1750 in
1463 1684 1825 1773 disciplinis
1885 1684 1994 1750 vel
2056 1682 2469 1750 mediocriter
2532 1685 2834 1746 versatus
2896 1684 3011 1756 est,

920 1788 1097 1854 haud
1141 1787 1407 1874 quidem
1459 1787 1740 1874 ignorat,
1812 1784 2345 1874 philosophorum
2390 1783 2851 1848 auctoritatem
2896 1782 3015 1845 ali-

919 1890 1080 1976 quid
1153 1889 1490 1956 continere
1563 1889 1869 1975 ponderis
1942 1886 2149 1954 etiam
2215 1887 2285 1951 in
2352 1886 2434 1950 iis
2500 1906 2647 1971 quae
2706 1884 2794 1948 ad
2858 1881 3013 1948 fidei

921 1991 1233 2078 dogmata
1297 1991 1674 2080 pertinent;
1723 2013 1877 2056 nam
1924 1995 2002 2055 ut
2046 1987 2521 2053 animadvertit
2564 1987 2755 2065 BacO,
2804 1985 3015 2050 multa

921 2113 1008 2160 ex
1081 2113 1258 2180 penu
1318 2092 1785 2180 prophetarum
1848 2095 2271 2177 sumpserunt
2332 2085 2716 2174 philosophi.
2810 2094 2845 2122 “
2875 2085 3017 2152 Nec

925 2203 960 2230 “
1005 2195 1246 2260 mirum
1323 2195 1378 2260 si
1454 2194 1655 2260 locuti
1728 2193 1866 2258 sint
1938 2190 2309 2278 philosophi
2374 2191 2456 2256 de
2518 2189 2637 2266 his,
2706 2189 3011 2274 quoniam

923 2301 960 2332 “
1003 2296 1273 2362 fuerunt
1327 2301 1476 2383 post
1543 2293 1947 2381 patriarchas
2014 2298 2083 2358 et
2150 2290 2519 2378 prophetas,
2582 2295 2652 2355 et
2714 2289 3014 2354 instructi

923 2405 958 2432 “
1005 2419 1120 2484 per
1161 2397 1334 2462 filios
1377 2402 1448 2462 et
1490 2395 1692 2462 libros
1735 2417 1980 2473 eorum,
2028 2399 2107 2459 ut
2168 2394 2351 2480 prius
2444 2397 2777 2458 ostensum
2842 2395 2941 2456 est
2960 2389 3013 2470 ;''

920 2499 1020 2564 ait
1062 2498 1239 2566 Baco
1283 2521 1430 2585 pag.
1479 2501 1626 2563 120.

1011 2599 1208 2666 Hanc
1253 2605 1332 2664 ut
1393 2597 1805 2664 concordiam
1868 2597 2347 2662 demonstraret
2414 2593 2609 2675 Baeo,
2655 2595 2833 2680 capit
2892 2593 3015 2656 ini-

921 2703 1094 2768 tium
1139 2723 1224 2768 ex
1267 2701 1463 2767 sectis
1506 2702 1607 2779 iis,
1655 2721 1803 2786 quae
1849 2697 2155 2764 omnibus
2216 2698 2420 2763 ferme
2462 2696 2716 2764 saeculis
2782 2695 3013 2760 extite-

921 2809 1121 2886 runt3
1165 2809 1314 2869 tum
1359 2825 1506 2890 quae
1551 2803 1633 2868 de
1677 2802 1808 2866 illis
1852 2802 1989 2866 sint
2056 2801 2259 2866 locuti
2325 2799 2713 2886 philosophi,
2760 2801 3015 2864 enarrat

921 2926 999 2971 eo
1043 2906 1326 2984 consili0‚
1373 2911 1454 2970 ut
1514 2904 1662 2969 illos
1729 2904 2158 2991 quantumvis
2222 2902 2519 2969 Gentiles
2580 2900 2887 2966 ostendat
2948 2905 3015 2965 et

923 3004 1368 3071 Christianam
1413 3006 1903 3071 institutionem
1950 3004 2325 3093 cognovisse
2370 3004 2679 3081 futuram,
2728 3007 2797 3067 et
2824 3002 3015 3066 Anti-

921 3106 1152 3173 christi
1225 3110 1469 3171 sectam
1549 3106 1947 3193 praedixisse.
2043 3105 2127 3171 Id
2200 3127 2349 3171 cum
2416 3104 2591 3184 facit,
2658 3108 2877 3169 ratum
2950 3108 3015 3169 et

921 3209 1186 3273 firmum
1231 3210 1617 3295 neutiquam
1664 3208 1885 3287 habet,
1934 3208 2109 3294 quod
2154 3207 2254 3273 illi
2310 3207 2583 3285 dicunt;
2628 3206 2743 3272 sed
2786 3206 2891 3271 vel
2934 3228 3013 3269 ex

923 3333 1033 3377 ore
1080 3310 1446 3375 Gentilium
1493 3298 1891 3377 Christianae
1958 3308 2295 3397 religionis
2358 3308 2731 3373 extantiam
2778 3308 3012 3373 'elicere

921 3411 1206 3479 videtur.
1301 3420 1337 3446 “
1368 3412 1636 3492 Quanto
1702 3412 1910 3499 igitur
1976 3410 2239 3497 planius
2306 3415 2375 3475 et
2436 3410 2696 3496 plenius
2758 3431 3011 3495 possum

925 3522 958 3548 “
1005 3514 1092 3579 ad
1153 3533 1456 3600 praesenS,
1503 3513 1792 3577 recitabo
1837 3512 2202 3577 sententias
2260 3512 2885 3589 mathematicorum,
2945 3511 3013 3573 in

925 3624 960 3651 “
1006 3614 1246 3699 quibus
1319 3614 1714 3680 concordant
1788 3612 2141 3679 auctores,”
2262 3614 2443 3677 Hinc
2516 3633 2743 3677 omnes
2814 3618 3013 3678 sectas

921 3715 1261 3803 percurrit,
1309 3736 1472 3801 quas
1504 3714 1799 3781 Gentiles
1842 3714 2215 3802 philosophi
2246 3736 2331 3779 ex
2374 3714 2661 3801 planetis
2705 3720 3012 3799 tanquam

921 3817 1128 3903 signis
1173 3816 1529 3882 deducunt.
1622 3816 1734 3881 Ad
1802 3838 1912 3881 eos
1956 3816 2143 3881 venit
2208 3816 2511 3902 deinceps
2578 3816 2693 3901 qui
2766 3814 3013 3880 Mercu·

920 3918 1095 3981 rium
1168 3921 1412 4003 putant
1475 3937 1612 3983 esse
1679 3919 1943 4004 signum
2012 3916 2407 3983 Christianae
2480 3916 2834 4003 religionis.
2928 3916 3014 3980 Et

921 4038 1006 4081 ne
1069 4016 1604 4103 philosophorum
1667 4019 1873 4084 verba
1932 4017 2266 4083 recitando
2343 4017 2612 4104 longum
2688 4018 3009 4093 faciamus

921 4115 1168 4205 poterit
1234 4116 1506 4203 quisque
1572 4118 1797 4185 videre
1858 4141 2003 4206 pag.
2064 4121 2210 4209 121.
2320 4118 2450 4184 Sed
2520 4124 2659 4183 esto
2724 4118 3013 4205 planetas

923 4223 1162 4285 vocent
1206 4218 1396 4306 signa
1440 4224 1781 4299 sectarum,
1828 4243 1905 4287 eo
1967 4241 2305 4305 nunquam
2366 4220 2893 4307 progrediuntur,
2937 4224 3014 4285 ut

922 4326 1190 4387 actuum
1233 4320 1669 4386 humanorum
1715 4322 1907 4409 signa
1950 4344 2087 4389 esse
2150 4321 2387 4387 dicant.
2481 4322 2755 4388 Baconis
2816 4322 3015 4387 verba

924 4424 1152 4489 audire
1239 4423 1450 4510 juvat,
1542 4446 1688 4513 pag.
1761 4428 1927 4491 125:
2036 4433 2073 4463 “
2105 4426 2433 4493 Praeterea
2525 4427 2770 4503 dicunt,
2846 4425 3015 4513 quod

925 4534 962 4561 “
1009 4525 1318 4592 voluntas
1361 4548 1497 4591 non
1543 4528 1813 4615 cogitur,
1861 4529 1974 4594 sed
2020 4534 2241 4593 tamen
2288 4550 2521 4615 corpus
2564 4530 2881 4594 alteratur
2908 4549 3019 4615 per

930 4635 964 4662 ‘⁴
1011 4628 1298 4693 virtutes
1343 4628 1674 4709 coelorum,
1721 4635 1791 4695 et
1834 4635 1994 4695 tunc
2036 4630 2260 4694 anima
2302 4632 2557 4717 corpori
2616 4630 2809 4697 unita
2850 4630 3015 4695 exci-

930 4736 964 4761 “
1008 4734 1196 4797 tatur
1241 4729 1502 4797 fortiter
1546 4736 1614 4795 et
1681 4731 2021 4801 inducitur
2088 4731 2445 4810 efficaciter,
2494 4731 2648 4799 licet
2710 4733 2781 4797 in
2840 4731 3017 4797 nullo
