3517 5750
528 870 531 873 ’
642 904 891 989 mm]
1430 920 1609 971 orus
1651 918 1975 971 mmmm.
2609 903 2740 974 297

638 1094 869 1173 labem,
920 1116 1118 1182 quam
1164 1095 1489 1183 paulatim
1536 1096 1619 1162 de
1670 1097 1952 1183 pudenti
2012 1116 2088 1161 ao
2137 1096 2434 1161 modesta
2491 1094 2740 1159 musica
2763 1108 3076 1187 Importpnee

634 1195 989 1263 invertere.
1096 1198 1347 1264 Statim
1406 1196 1584 1264 enim
1642 1199 1898 1265 animos
1965 1197 2380 1264 audientium
2438 1197 2601 1284 pati,
2661 1218 2740 1263 ac
2762 1175 2823 1225 of
2835 1190 3009 1229 masne.

641 1300 966 1384 paulatim
1040 1301 1385 1380 discedere,
1451 1301 1710 1367 nullum
1770 1302 2032 1367 honesti
2093 1322 2168 1367 ac
2231 1300 2396 1367 recti
2453 1300 2738 1366 retinere

642 1402 1017 1488 vestigium,
1086 1403 1203 1469 sed
1261 1404 1371 1469 vel
1430 1426 1548 1490 per
1618 1403 1994 1470 lasciviores
2067 1404 2296 1469 modos
2355 1403 2739 1469 inverecun-

641 1501 800 1567 dum
848 1504 1113 1591 aliquid,
1161 1505 1269 1571 vel
1312 1527 1431 1593 per
1476 1505 1834 1593 asperiores
1877 1507 2069 1573 ferox
2112 1510 2182 1572 et
2226 1506 2515 1571 immane
2556 1527 2738 1571 men·

640 1604 821 1671 tibus
854 1606 1182 1674 illabatur.
1275 1607 1366 1672 Et
1404 1608 1551 1674 ideo
1593 1607 1788 1673 Plato
1827 1607 2126 1695 praecipit
2167 1612 2466 1695 oportere
2505 1629 2741 1695 pueros

640 1728 776 1772 non
818 1709 905 1774 ad
944 1732 1167 1776 omnes
1212 1709 1440 1776 modos
1484 1708 1751 1788 erudiri,
1783 1711 1899 1776 sed
1941 1710 2166 1797 potius
2205 1711 2292 1776 ad
2331 1710 2628 1775 valentes
2673 1714 2742 1773 et

640 1809 977 1896 simplices.
1088 1811 1341 1877 Idcirco
1388 1810 1870 1879 Lacedaemonii
1913 1810 2082 1879 haec¹
2131 1812 2424 1877 maxima
2475 1834 2612 1899 ope,
2663 1817 2742 1877 ut

641 1910 741 1975 ait
806 1911 1127 1993 Boetius?
1192 1935 1558 1995 servavere,
1622 1914 1782 1980 dum
1857 1914 2034 2001 apud
2108 1936 2217 1981 eos
2276 1914 2596 1995 ThaleteS,
2673 1919 2743 1979 et

642 2012 959 2099 Gorgias³
1010 2015 1393 2098 Leontinus,
1447 2039 1687 2104 magno
1740 2016 1958 2104 pretio
2001 2017 2213 2098 acciti,
2259 2038 2494 2103 pueros
2553 2016 2743 2081 disci—

644 2115 825 2202 plina
870 2117 1137 2185 musicae
1188 2119 1355 2186 artis
1412 2119 1836 2200 inoluerunt;
1897 2124 1968 2185 et
2027 2118 2469 2185 Timothaeum
2514 2123 2744 2205 postea

638 2218 1150 2301 damnaverunt,
1212 2222 1327 2308 qui
1386 2220 1818 2300 harmoniam,
1875 2243 2072 2308 quam
2141 2220 2508 2286 modestam
2567 2242 2742 2286 acce-

642 2328 845 2407 perat,
901 2322 973 2387 in
1024 2346 1231 2410 genus
1282 2323 1774 2402 chromaticum,
1822 2323 1998 2409 quod
2041 2326 2143 2387 est
2201 2321 2478 2401 mollius,
2525 2322 2742 2387 inver—

642 2425 849 2490 tisset.
940 2425 1121 2491 Nam
1173 2448 1526 2513 puerorum
1580 2425 1820 2493 animis
1880 2446 2042 2510 quos
2091 2424 2480 2490 erudiendos
2532 2446 2744 2499 susce—

636 2532 832 2611 perat
892 2526 1127 2606 offecit,
1172 2533 1243 2593 et
1281 2550 1324 2593 a
1364 2529 1639 2593 virtutis
1674 2528 2000 2593 modestia
2043 2526 2450 2614 praepedivit.
2541 2525 2748 2591 Nulla

644 2629 821 2693 enim
872 2630 1085 2717 magis
1144 2630 1257 2695 via
1314 2630 1401 2695 ad
1460 2632 1756 2696 animum
1817 2630 2162 2717 disciplina
2221 2650 2418 2715 quam
2477 2630 2746 2694 auribus

644 2734 845 2815 patet.
940 2729 1107 2798 Cum
1155 2732 1369 2819 igitur
1410 2755 1529 2819 per
1556 2754 1665 2798 eas
1708 2733 1894 2798 modi
1937 2736 2173 2797 cantus
2215 2732 2508 2797 animum
2541 2753 2746 2816 usque

644 2832 1132 2914 descenderunt,
1195 2833 1489 2902 dubitari
1540 2856 1673 2902 non
1734 2839 1954 2924 potest
2005 2834 2166 2922 quin
2224 2839 2455 2922 suapte
2505 2838 2747 2900 natura

642 2941 933 3002 mentem
1000 2936 1309 3017 afficiant,
1382 2943 1457 3004 et
1520 2937 1960 3034 ‘conforment-
2069 2937 2162 3002 Et
2233 2937 2382 3004 ideo
2457 2937 2746 3024 Spiritus

640 3037 947 3119 SanctuS,
995 3041 1109 3126 qui
1148 3045 1251 3106 est
1295 3038 1615 3129 Magister
1654 3040 1957 3120 ecclesiae,
2004 3043 2074 3106 et
2118 3062 2236 3127 per
2277 3038 2500 3106 omnia
2541 3059 2748 3104 mem-

640 3140 765 3206 bra
814 3164 884 3207 se
960 3143 1253 3209 suaviter
1313 3143 1627 3223 infundit,
1676 3143 2014 3210 ordinavit
2077 3165 2284 3230 genus
2343 3147 2576 3209 cantus
2633 3165 2746 3208 en-

646 3241 1123 3327 harmonicum,
1173 3247 1353 3332 quod
1394 3251 1468 3312 et
1506 3246 1706 3312 robor
1748 3245 1954 3312 habet
1996 3245 2140 3312 sine
2182 3245 2464 3326 horrere,
2496 3251 2567 3312 et
2607 3245 2748 3311 sine

644 3346 921 3412 lascivia
971 3348 1393 3416 condelectat.
1492 3349 1631 3416 Sed
1678 3349 1825 3434 jam
1875 3369 1992 3436 per
2041 3349 2373 3415 ecclesiam
2425 3349 2747 3435 paulatim
2770 3357 2968 3438 2}qu
2991 3357 3046 3436 {n

646 3450 855 3532 crevit
906 3451 1153 3517 abusus
1212 3456 1462 3533 cantus,
1517 3451 1633 3536 qui
1679 3474 1721 3516 a
1773 3452 2106 3538 gravitate
2153 3454 2225 3516 et
2269 3452 2522 3516 virtute
2573 3450 2745 3516 anti·
2767 3439 3044 3541 fflffoffim

644 3571 785 3636 qua
858 3552 983 3618 oeci
991 3553 1109 3634 dit,
1184 3557 1255 3620 et
1336 3554 1409 3618 in
1486 3553 1834 3620 mollitiem
1909 3551 2423 3618 inverecundam
2502 3550 2743 3639 lapsus,
2765 3559 2904 3623 days.

648 3659 1063 3721 mansuetam
1142 3659 1213 3722 et
1282 3657 1656 3722 naturalem
1731 3655 2130 3743 probitatem
2209 3652 2434 3720 amisit
2469 3677 2484 3734 ;
2569 3653 2748 3739 quod

646 3777 969 3823 novarum
1014 3757 1543 3824 harmoniarum⁴
1594 3758 1951 3835 curiositas
1999 3763 2069 3823 et
2111 3777 2453 3844 prosarum
2495 3756 2748 3823 lubrica

644 3859 1054 3938 adinventiO,
1086 3859 1682 3947 multipliciumque
1728 3860 2205 3927 cantilenarum
2249 3859 2478 3948 inepta
2519 3861 2749 3946 volup-

652 3965 759 4025 tas
787 3961 1191 4028 manifestat.
1290 3961 1383 4027 Et
1426 3985 1621 4052 super
1664 3964 1888 4030 omnia
1930 3983 2120 4030 voces
2147 3961 2222 4029 in
2265 3962 2498 4030 falseto
2519 3961 2548 4000 ⁶
2597 3963 2748 4028 har-

648 4064 941 4130 moniam
1002 4064 1263 4130 virilem
1322 4070 1392 4130 et
1450 4088 1698 4132 sacram
1758 4065 2194 4146 falsificanteS,
2255 4066 2598 4153 pueriliter
2656 4065 2750 4132 ef-

646 4165 829 4248 fusae,
890 4166 1307 4233 muliebriter
1366 4167 1702 4236 dissolutae
1761 4169 1898 4235 fere
1955 4191 2074 4257 per
2132 4173 2344 4236 totam
2419 4167 2747 4236 ecclesiam

642 4270 1079 4356 comprobant
1139 4270 1305 4337 illud
1364 4269 1555 4338 idem.
1670 4271 1934 4338 Possem
1992 4294 2234 4360 ponere
2307 4271 2610 4358 exempla
2667 4271 2751 4336 de

714 4575 727 4606 ¹
752 4573 880 4642 ltoec]
917 4575 1031 4638 hoc,
1052 4575 1115 4628 Τ.
1815 4575 1834 4607 ⁴
1856 4573 2240 4642 harmoniarum]
2277 4574 2611 4637 historiarum,
2633 4573 2695 4625 T.

709 4655 731 4684 ²
753 4655 987 4722 Boetius]
1014 4657 1096 4707 De
1117 4655 1330 4717 Musica,
1353 4655 1398 4708 ie
1412 4661 1460 4707 2.
1821 4655 2064 4722 ‘salsetoJ
2108 4655 2322 4719 falsetto,
2371 4655 2434 4706 Τ.
2457 4675 2474 4718 3
2529 4655 2748 4717 insulsas,

714 4735 735 4764 ⁸
764 4733 987 4786 Thalete-e
1043 4744 1091 4785 ee
1142 4734 1383 4802 Gorgiae]
1443 4735 1643 4788 Taletas
1746 4734 1814 4788 U.
1915 4737 1923 4742 ’

642 4821 693 4866 et
715 4813 1049 4880 Georgonius,
1069 4815 1133 4866 B.
