3517 5750
612 883 803 970 nxx]
1404 898 1583 948 orus
1643 894 1966 947 Tnnrmu.
2606 884 2736 947 283
2838 932 2854 947 .

608 1080 677 1141 et
765 1073 899 1139 illis
987 1074 1291 1139 addimus
1365 1079 1617 1161 septem
1705 1074 2081 1139 lunationes
2155 1074 2228 1137 in
2303 1075 2448 1137 toto
2537 1074 2718 1159 cyclo

606 1176 1135 1255 decennovenali,
1197 1177 1286 1242 ad
1342 1176 1892 1243 restaurationem
1951 1175 2243 1241 defectus
2301 1174 2420 1262 qui
2478 1174 2720 1241 accidit

607 1278 951 1346 duodecim
1039 1279 1496 1345 lunationibus
1570 1282 1872 1367 respectu
1947 1277 2294 1344 duodecim
2390 1277 2718 1343 mensium

608 1382 917 1447 solarium
961 1381 1036 1447 in
1078 1402 1253 1447 anno
1298 1380 1496 1447 solari
1525 1406 1542 1462 3
1588 1382 1747 1469 quia
1789 1402 2003 1448 annus
2045 1381 2318 1461 lunaris,
2359 1380 2721 1447 consistens

610 1506 697 1549 ex
759 1484 1103 1551 duodecim
1164 1483 1639 1565 lunationibus,
1702 1504 1840 1549 non
1903 1483 2109 1551 habet
2192 1483 2326 1549 nisi
2395 1486 2722 1551 trecentos

610 1586 1099 1673 quinquaginta
1172 1590 1461 1673 quatuor
1524 1582 1667 1651 dies
1731 1586 2047 1674 integros,
2094 1594 2166 1653 et
2227 1585 2460 1652 solaris
2516 1585 2723 1652 habet

608 1689 911 1757 undecim
940 1689 1177 1777 plures,
1208 1710 1366 1754 nam
1398 1689 1601 1756 habet
1628 1694 1959 1755 trecentos
2001 1688 2354 1777 sexaginta
2381 1688 2674 1775 quinque
2705 1712 2722 1769 ;

608 1796 683 1857 et
736 1792 886 1858 ideo
952 1813 1171 1857 annus
1213 1792 1466 1858 lunaris
1535 1792 1733 1858 citius
1792 1790 2029 1858 finitur
2072 1814 2272 1879 quam
2331 1791 2562 1858 solaris
2605 1812 2723 1879 per

608 1894 915 1961 undecim
978 1895 1131 1961 dies.
1225 1894 1319 1961 Et
1362 1901 1524 1961 tunc
1578 1895 1985 1983 colliguntur
2045 1894 2162 1961 isti
2213 1895 2518 1961 undecim
2581 1894 2722 1959 dies

608 1998 923 2085 superflui
978 2019 1187 2085 usque
1232 1999 1319 2064 ad
1360 1998 1637 2064 tertium
1698 1996 1966 2078 annum,
2015 2004 2086 2065 et
2136 1999 2218 2065 fit
2268 2020 2406 2064 una
2463 1997 2721 2065 lunatio

610 2120 727 2165 seu
816 2100 1057 2167 mensis
1131 2100 1397 2167 lunaris.
1518 2099 1611 2167 Et
1686 2100 1780 2166 sic
1853 2101 1928 2166 in
2007 2101 2212 2167 tertio
2286 2122 2463 2167 anno
2553 2102 2720 2187 cycli

610 2203 966 2290 apponitur
1007 2224 1179 2270 unus
1230 2204 1475 2270 mensis
1515 2204 1786 2285 lunaris,
1831 2209 1903 2300 et
1945 2208 2224 2271 vocatur
2267 2201 2720 2285 embousmue,

611 2312 681 2371 et
748 2328 963 2371 annus
1030 2306 1514 2385 embolismalis,
1588 2306 1663 2373 id
1727 2312 1847 2385 est,
1895 2327 2486 2394 superexcrescens,
2565 2306 2722 2394 quia

610 2407 815 2474 habet
888 2410 1203 2475 tredecim
1274 2409 1662 2490 lunationes,
1738 2414 1812 2475 et
1894 2410 1988 2475 sic
2059 2410 2241 2476 ultra
2311 2432 2430 2497 per
2499 2413 2719 2475 totum

610 2511 867 2597 cyclum
912 2533 1167 2598 semper
1209 2512 1608 2599 colliguntur
1648 2510 1767 2577 isti
1817 2532 2072 2577 menses
2117 2511 2610 2590 embolismales,
2639 2518 2721 2577 ut

612 2614 785 2680 fiant
836 2615 999 2679 anni
1066 2613 1561 2695 embolismales,
1616 2619 1946 2701 quatenus
2009 2615 2233 2701 cyclus
2299 2614 2720 2681 lunationum

612 2716 1153 2784 decennovenalis
1182 2722 1483 2805 aequetur
1509 2717 1939 2784 novendecim
1969 2720 2162 2783 annis
2190 2716 2524 2785 solaribus.
2587 2717 2721 2785 Sed

610 2817 793 2886 istud
855 2824 957 2886 est
1012 2818 1411 2907 impossibile
1448 2844 1464 2886 ι
1522 2840 1681 2887 nam
1740 2820 2100 2888 secundum
2151 2818 2588 2890 Ptolomaeum
2647 2820 2721 2887 in

612 2921 999 3010 Almagesti,
1028 2927 1103 2989 et
1143 2943 1370 2989 omnes
1414 2922 1870 3006 astronomos,¹
1903 2922 2148 2990 mensis
2176 2923 2432 2991 lunaris
2457 2923 2720 3013 proprie

613 3045 750 3092 non
812 3031 914 3091 est
957 3025 1045 3091 ad
1088 3025 1409 3093 visionem
1454 3047 1648 3093 novae
1700 3027 1897 3107 lunae,
1945 3027 2104 3113 quia
2145 3026 2269 3094 hoc
2311 3031 2576 3115 tempus
2619 3033 2722 3095 est

612 3126 955 3213 inaequale,
1004 3127 1165 3214 quia
1181 3127 1209 3164 ²
1276 3127 1629 3216 aliquando
1692 3127 1767 3194 in
1827 3149 2024 3195 mane
2087 3129 2382 3216 ejusdem
2435 3130 2569 3196 diei
2619 3135 2723 3197 est

612 3230 939 3296 novacula
980 3229 1225 3297 veteris
1284 3231 1481 3312 lunae,
1542 3236 1612 3297 et
1674 3231 1748 3297 in
1809 3251 2080 3319 vespere
2141 3233 2467 3298 novacula
2527 3253 2720 3300 novoe

612 3332 801 3410 lunae,
850 3337 919 3398 et
935 3331 963 3370 ⁸
1007 3332 1364 3419 aliquando
1408 3337 1511 3399 est
1572 3334 1862 3420 spatium
1906 3335 2187 3400 duarum
2229 3333 2487 3400 dierum
2545 3335 2723 3400 inter

612 3455 742 3516 eas,
788 3440 859 3500 et
924 3435 1283 3522 aliquando
1332 3440 1469 3503 tres
1503 3422 1651 3503 ⁸dies
1708 3436 2244 3524 intercipiuntur,
2311 3441 2392 3501 ut
2447 3435 2718 3525 planum

616 3543 718 3604 est
768 3539 989 3604 sensui
1054 3543 1125 3604 et
1195 3560 1407 3607 causae
1466 3539 1553 3606 ab
1610 3539 2004 3606 astronomis
2063 3539 2495 3627 assignantur.
2588 3539 2720 3606 Sed

616 3660 871 3706 menses
913 3640 1163 3707 debent
1206 3641 1470 3728 aequari.

708 3741 887 3809 Item
950 3763 1072 3809 nec
1136 3765 1181 3808 a
1240 3743 1706 3830 conjunctione
1769 3743 1924 3810 solis
1989 3749 2060 3811 et
2123 3743 2304 3812 lunae
2360 3741 2718 3812 semmdum

616 3867 843 3912 eorum
894 3867 1160 3912 cursum
1202 3867 1452 3927 verum,
1522 3849 1681 3934 quia
1724 3845 1850 3914 hoc
1891 3852 2154 3935 tempus
2210 3851 2312 3915 est
2354 3849 2720 3937 inaequale;

617 3952 688 4014 et
750 3948 900 4015 ideo
960 3948 1486 4017 considerabitur
1558 3971 1759 4038 penes
1821 3951 2351 4037 conjunctionem
2427 3953 2581 4020 solis
2653 3959 2723 4020 et

616 4051 811 4132 lunae,
857 4052 1216 4118 secundum
1274 4053 1621 4140 utriusque
1684 4074 1910 4121 eorum
1983 4076 2245 4120 cursum
2298 4055 2589 4122 medium
2653 4063 2724 4123 et

618 4155 980 4242 aequalem3
1039 4156 1198 4242 quia
1256 4154 1381 4222 hoc
1440 4161 1701 4244 tempus
1763 4163 1866 4224 est
1931 4156 2184 4243 aequale
2245 4162 2316 4224 et
2379 4159 2720 4225 uniforme.

618 4257 711 4323 Et
772 4253 1130 4324 secundum
1193 4258 1371 4346 quod
1429 4258 1671 4346 probat
1720 4257 2120 4327 Ptolomaeus
2181 4259 2251 4326 in
2335 4259 2724 4350 Almagesti‚

614 4358 737 4427 hoc
792 4364 1056 4448 tempus
1100 4367 1203 4430 est
1245 4361 1491 4450 viginti
1547 4383 1791 4432 novem
1847 4362 1990 4429 dies
2047 4367 2119 4428 et
2176 4362 2456 4450 triginta
2511 4385 2723 4430 unu-m

692 4691 1293 4762 ἐεοηιιιωωουηαιιω]
1330 4693 1515 4748 om.'1*.
1790 4689 1991 4761 ’etJR

688 4773 879 4841 ἀνία]
918 4789 1089 4840 quum,
1114 4775 1177 4827 Τ-
