<?xml version="1.0" encoding="UTF-8"?>
<!DOCTYPE html PUBLIC "-//W3C//DTD XHTML 1.0 Transitional//EN"
    "http://www.w3.org/TR/xhtml1/DTD/xhtml1-transitional.dtd">
<html xmlns="http://www.w3.org/1999/xhtml" xml:lang="en" lang="en">
 <head>
  <title>
</title>
<meta http-equiv="Content-Type" content="text/html;charset=utf-8" />
  <meta name='ocr-system' content='tesseract 3.04.00' />
  <meta name='ocr-capabilities' content='ocr_page ocr_carea ocr_par ocr_line ocrx_word'/>
</head>
<body>
  <div class='ocr_page' id='page_1' title='image "./frrogeribaconop00brewgoog_0553.png"; bbox 0 0 3517 5750; ppageno 0'>
   <div class='ocr_carea' id='block_1_1' title="bbox 546 3489 807 3685">
    <p class='ocr_par' dir='ltr' id='par_1_1' title="bbox 546 3489 807 3685">
     <span class='ocr_line' id='line_1_1' title="bbox 548 3489 807 3548; baseline 0.012 -3"><span class='ocrx_word' id='word_1_1' title='bbox 548 3489 731 3547; x_wconf 69' lang='lat' dir='ltr'><strong>Error-s</strong></span> <span class='ocrx_word' id='word_1_2' title='bbox 752 3499 807 3548; x_wconf 68' lang='lat' dir='ltr'><strong>ot</strong></span> 
     </span>
     <span class='ocr_line' id='line_1_2' title="bbox 546 3561 796 3613; baseline 0.004 -1"><span class='ocrx_word' id='word_1_3' title='bbox 546 3561 648 3612; x_wconf 73' lang='lat' dir='ltr'><strong>this</strong></span> <span class='ocrx_word' id='word_1_4' title='bbox 668 3561 796 3613; x_wconf 82' lang='lat' dir='ltr'><strong>kind</strong></span> 
     </span>
     <span class='ocr_line' id='line_1_3' title="bbox 548 3643 797 3685; baseline 0.028 -7"><span class='ocrx_word' id='word_1_5' title='bbox 548 3643 797 3685; x_wconf 70' lang='lat' dir='ltr'><strong>common·</strong></span> 
     </span>
    </p>
   </div>
   <div class='ocr_carea' id='block_1_2' title="bbox 874 932 2982 1019">
    <p class='ocr_par' dir='ltr' id='par_1_2' title="bbox 874 932 2982 1019">
     <span class='ocr_line' id='line_1_4' title="bbox 874 932 2982 1019; baseline -0.001 -18"><span class='ocrx_word' id='word_1_6' title='bbox 874 936 1007 1001; x_wconf 74' lang='lat'><strong>440</strong></span> <span class='ocrx_word' id='word_1_7' title='bbox 1632 948 1890 999; x_wconf 75' lang='lat' dir='ltr'><strong>soom</strong></span> <span class='ocrx_word' id='word_1_8' title='bbox 1933 946 2226 999; x_wconf 74' lang='lat' dir='ltr'><strong>mcoms</strong></span> <span class='ocrx_word' id='word_1_9' title='bbox 2797 932 2982 1019; x_wconf 64' lang='lat' dir='ltr'><strong>[car.</strong></span> 
     </span>
    </p>
   </div>
   <div class='ocr_carea' id='block_1_3' title="bbox 872 1122 2994 4588">
    <p class='ocr_par' dir='ltr' id='par_1_3' title="bbox 872 1122 2994 4588">
     <span class='ocr_line' id='line_1_5' title="bbox 872 1122 2980 1211; baseline 0 -22"><span class='ocrx_word' id='word_1_10' title='bbox 872 1124 1055 1191; x_wconf 83' lang='lat' dir='ltr'><strong>tibus</strong></span> <span class='ocrx_word' id='word_1_11' title='bbox 1100 1122 1443 1211; x_wconf 84' lang='lat' dir='ltr'><strong>subjacent</strong></span> <span class='ocrx_word' id='word_1_12' title='bbox 1514 1122 1812 1191; x_wconf 85' lang='lat' dir='ltr'><strong>infinitis.</strong></span> <span class='ocrx_word' id='word_1_13' title='bbox 1937 1122 2158 1190; x_wconf 75' lang='lat' dir='ltr'><strong>Facile</strong></span> <span class='ocrx_word' id='word_1_14' title='bbox 2231 1122 2497 1210; x_wconf 86' lang='lat' dir='ltr'><strong>quidem</strong></span> <span class='ocrx_word' id='word_1_15' title='bbox 2559 1128 2676 1205; x_wconf 82' lang='lat' dir='ltr'><strong>est,</strong></span> <span class='ocrx_word' id='word_1_16' title='bbox 2725 1128 2806 1189; x_wconf 88' lang='lat' dir='ltr'><strong>ut</strong></span> <span class='ocrx_word' id='word_1_17' title='bbox 2862 1124 2980 1201; x_wconf 86' lang='lat' dir='ltr'><strong>ait,</strong></span> 
     </span>
     <span class='ocr_line' id='line_1_6' title="bbox 874 1226 2986 1315; baseline -0.001 -22"><span class='ocrx_word' id='word_1_18' title='bbox 874 1226 1119 1293; x_wconf 87' lang='lat' dir='ltr'><strong>diverti</strong></span> <span class='ocrx_word' id='word_1_19' title='bbox 1170 1248 1214 1291; x_wconf 87' lang='lat' dir='ltr'><strong>a</strong></span> <span class='ocrx_word' id='word_1_20' title='bbox 1272 1228 1477 1315; x_wconf 87' lang='lat' dir='ltr'><strong>signo,</strong></span> <span class='ocrx_word' id='word_1_21' title='bbox 1542 1232 1612 1293; x_wconf 92' lang='lat' dir='ltr'><strong>et</strong></span> <span class='ocrx_word' id='word_1_22' title='bbox 1676 1226 1937 1293; x_wconf 81' lang='lat' dir='ltr'><strong>difficile</strong></span> <span class='ocrx_word' id='word_1_23' title='bbox 2003 1232 2106 1293; x_wconf 91' lang='lat' dir='ltr'><strong>est</strong></span> <span class='ocrx_word' id='word_1_24' title='bbox 2169 1227 2467 1293; x_wconf 81' lang='lat' dir='ltr'><strong>invenire</strong></span> <span class='ocrx_word' id='word_1_25' title='bbox 2533 1227 2814 1314; x_wconf 83' lang='lat' dir='ltr'><strong>signum,</strong></span> <span class='ocrx_word' id='word_1_26' title='bbox 2903 1230 2986 1291; x_wconf 86' lang='lat' dir='ltr'><strong>ut</strong></span> 
     </span>
     <span class='ocr_line' id='line_1_7' title="bbox 872 1328 2984 1417; baseline -0.002 -22"><span class='ocrx_word' id='word_1_27' title='bbox 872 1334 1065 1417; x_wconf 89' lang='lat' dir='ltr'><strong>patet</strong></span> <span class='ocrx_word' id='word_1_28' title='bbox 1138 1350 1287 1395; x_wconf 88' lang='lat' dir='ltr'><strong>cum</strong></span> <span class='ocrx_word' id='word_1_29' title='bbox 1351 1328 1722 1415; x_wconf 81' lang='lat' dir='ltr'><strong>jaculantes</strong></span> <span class='ocrx_word' id='word_1_30' title='bbox 1791 1334 1910 1395; x_wconf 88' lang='lat' dir='ltr'><strong>aut</strong></span> <span class='ocrx_word' id='word_1_31' title='bbox 1977 1330 2370 1417; x_wconf 82' lang='lat' dir='ltr'><strong>sagittantes</strong></span> <span class='ocrx_word' id='word_1_32' title='bbox 2443 1350 2564 1393; x_wconf 85' lang='lat' dir='ltr'><strong>sua</strong></span> <span class='ocrx_word' id='word_1_33' title='bbox 2637 1328 2786 1406; x_wconf 87' lang='lat' dir='ltr'><strong>tela,</strong></span> <span class='ocrx_word' id='word_1_34' title='bbox 2873 1328 2984 1391; x_wconf 85' lang='lat' dir='ltr'><strong>vel</strong></span> 
     </span>
     <span class='ocr_line' id='line_1_8' title="bbox 874 1430 2988 1519; baseline -0.003 -20"><span class='ocrx_word' id='word_1_35' title='bbox 874 1431 1171 1519; x_wconf 82' lang='lat' dir='ltr'><strong>sagittas,</strong></span> <span class='ocrx_word' id='word_1_36' title='bbox 1247 1431 1337 1496; x_wconf 88' lang='lat' dir='ltr'><strong>ad</strong></span> <span class='ocrx_word' id='word_1_37' title='bbox 1410 1432 1672 1519; x_wconf 84' lang='lat' dir='ltr'><strong>signum</strong></span> <span class='ocrx_word' id='word_1_38' title='bbox 1748 1432 2050 1518; x_wconf 83' lang='lat' dir='ltr'><strong>dirigunt</strong></span> <span class='ocrx_word' id='word_1_39' title='bbox 2125 1430 2551 1497; x_wconf 84' lang='lat' dir='ltr'><strong>destinatum.</strong></span> <span class='ocrx_word' id='word_1_40' title='bbox 2708 1430 2988 1518; x_wconf 85' lang='lat' dir='ltr'><strong>Propter</strong></span> 
     </span>
     <span class='ocr_line' id='line_1_9' title="bbox 876 1531 2981 1620; baseline -0.002 -21"><span class='ocrx_word' id='word_1_41' title='bbox 876 1534 1055 1620; x_wconf 89' lang='lat' dir='ltr'><strong>quod</strong></span> <span class='ocrx_word' id='word_1_42' title='bbox 1146 1532 1410 1613; x_wconf 86' lang='lat' dir='ltr'><strong>Seneca,</strong></span> <span class='ocrx_word' id='word_1_43' title='bbox 1488 1538 1725 1620; x_wconf 86' lang='lat' dir='ltr'><strong>quarto</strong></span> <span class='ocrx_word' id='word_1_44' title='bbox 1803 1531 2275 1613; x_wconf 86' lang='lat' dir='ltr'><strong>Naturalium,¹</strong></span> <span class='ocrx_word' id='word_1_45' title='bbox 2353 1532 2520 1599; x_wconf 88' lang='lat' dir='ltr'><strong>dicit</strong></span> <span class='ocrx_word' id='word_1_46' title='bbox 2607 1533 2981 1619; x_wconf 82' lang='lat' dir='ltr'><strong>eleganter:</strong></span> 
     </span>
     <span class='ocr_line' id='line_1_10' title="bbox 878 1635 2988 1723; baseline -0.002 -21"><span class='ocrx_word' id='word_1_47' title='bbox 878 1642 915 1673; x_wconf 87' lang='lat'><strong>“</strong></span> <span class='ocrx_word' id='word_1_48' title='bbox 966 1635 1211 1703; x_wconf 87' lang='lat' dir='ltr'><strong>Veniet</strong></span> <span class='ocrx_word' id='word_1_49' title='bbox 1253 1642 1515 1723; x_wconf 85' lang='lat' dir='ltr'><strong>tempus</strong></span> <span class='ocrx_word' id='word_1_50' title='bbox 1563 1657 1772 1723; x_wconf 86' lang='lat' dir='ltr'><strong>quum</strong></span> <span class='ocrx_word' id='word_1_51' title='bbox 1817 1637 1948 1703; x_wconf 83' lang='lat' dir='ltr'><strong>ista</strong></span> <span class='ocrx_word' id='word_1_52' title='bbox 1988 1657 2138 1722; x_wconf 83' lang='lat' dir='ltr'><strong>quae</strong></span> <span class='ocrx_word' id='word_1_53' title='bbox 2183 1658 2360 1701; x_wconf 87' lang='lat' dir='ltr'><strong>nunc</strong></span> <span class='ocrx_word' id='word_1_54' title='bbox 2401 1636 2617 1701; x_wconf 66' lang='lat' dir='ltr'><strong>latent</strong></span> <span class='ocrx_word' id='word_1_55' title='bbox 2661 1636 2734 1699; x_wconf 91' lang='lat' dir='ltr'><strong>in</strong></span> <span class='ocrx_word' id='word_1_56' title='bbox 2776 1635 2988 1700; x_wconf 88' lang='lat' dir='ltr'><strong>lucem</strong></span> 
     </span>
     <span class='ocr_line' id='line_1_11' title="bbox 874 1735 2986 1831; baseline -0.002 -26"><span class='ocrx_word' id='word_1_57' title='bbox 874 1744 919 1776; x_wconf 86' lang='lat'><strong>“</strong></span> <span class='ocrx_word' id='word_1_58' title='bbox 964 1738 1105 1805; x_wconf 86' lang='lat' dir='ltr'><strong>dies</strong></span> <span class='ocrx_word' id='word_1_59' title='bbox 1149 1736 1465 1805; x_wconf 89' lang='lat' dir='ltr'><strong>extrahat</strong></span> <span class='ocrx_word' id='word_1_60' title='bbox 1532 1742 1605 1805; x_wconf 89' lang='lat' dir='ltr'><strong>et</strong></span> <span class='ocrx_word' id='word_1_61' title='bbox 1666 1737 1982 1826; x_wconf 76' lang='lat' dir='ltr'>longioris</span> <span class='ocrx_word' id='word_1_62' title='bbox 2043 1739 2174 1805; x_wconf 79' lang='lat' dir='ltr'><strong>aevi</strong></span> <span class='ocrx_word' id='word_1_63' title='bbox 2241 1735 2641 1825; x_wconf 82' lang='lat' dir='ltr'><strong>diligentia.”</strong></span> <span class='ocrx_word' id='word_1_64' title='bbox 2730 1736 2840 1801; x_wconf 85' lang='lat' dir='ltr'><strong>Ad</strong></span> <span class='ocrx_word' id='word_1_65' title='bbox 2859 1737 2986 1831; x_wconf 27' lang='lat' dir='ltr'><strong>‘in-</strong></span> 
     </span>
     <span class='ocr_line' id='line_1_12' title="bbox 874 1838 2988 1927; baseline -0.002 -21"><span class='ocrx_word' id='word_1_66' title='bbox 874 1840 1298 1927; x_wconf 87' lang='lat' dir='ltr'><strong>quisitionem</strong></span> <span class='ocrx_word' id='word_1_67' title='bbox 1342 1840 1523 1907; x_wconf 88' lang='lat' dir='ltr'><strong>enim</strong></span> <span class='ocrx_word' id='word_1_68' title='bbox 1564 1844 1904 1907; x_wconf 87' lang='lat' dir='ltr'><strong>tantarum</strong></span> <span class='ocrx_word' id='word_1_69' title='bbox 1965 1862 2188 1907; x_wconf 88' lang='lat' dir='ltr'><strong>rerum</strong></span> <span class='ocrx_word' id='word_1_70' title='bbox 2239 1862 2376 1905; x_wconf 85' lang='lat' dir='ltr'><strong>una</strong></span> <span class='ocrx_word' id='word_1_71' title='bbox 2426 1844 2590 1907; x_wconf 71' lang='lat' dir='ltr'><strong>netas</strong></span> <span class='ocrx_word' id='word_1_72' title='bbox 2631 1860 2768 1904; x_wconf 88' lang='lat' dir='ltr'><strong>non</strong></span> <span class='ocrx_word' id='word_1_73' title='bbox 2809 1838 2988 1903; x_wconf 90' lang='lat' dir='ltr'><strong>suffi-</strong></span> 
     </span>
     <span class='ocr_line' id='line_1_13' title="bbox 876 1941 2986 2030; baseline -0.002 -21"><span class='ocrx_word' id='word_1_74' title='bbox 876 1944 985 2010; x_wconf 88' lang='lat' dir='ltr'><strong>cit.</strong></span> <span class='ocrx_word' id='word_1_75' title='bbox 1076 1942 1297 2009; x_wconf 83' lang='lat' dir='ltr'><strong>Multa</strong></span> <span class='ocrx_word' id='word_1_76' title='bbox 1336 1943 1669 2009; x_wconf 85' lang='lat' dir='ltr'><strong>venientis</strong></span> <span class='ocrx_word' id='word_1_77' title='bbox 1714 1945 1846 2009; x_wconf 81' lang='lat' dir='ltr'><strong>aevi</strong></span> <span class='ocrx_word' id='word_1_78' title='bbox 1907 1943 2192 2030; x_wconf 86' lang='lat' dir='ltr'><strong>populus</strong></span> <span class='ocrx_word' id='word_1_79' title='bbox 2241 1942 2472 2030; x_wconf 83' lang='lat' dir='ltr'><strong>ignota</strong></span> <span class='ocrx_word' id='word_1_80' title='bbox 2527 1941 2723 2007; x_wconf 90' lang='lat' dir='ltr'><strong>nobis</strong></span> <span class='ocrx_word' id='word_1_81' title='bbox 2783 1941 2986 2021; x_wconf 81' lang='lat' dir='ltr'><strong>sciet3</strong></span> 
     </span>
     <span class='ocr_line' id='line_1_14' title="bbox 878 2045 2989 2133; baseline -0.002 -20"><span class='ocrx_word' id='word_1_82' title='bbox 878 2050 951 2113; x_wconf 86' lang='lat' dir='ltr'><strong>et</strong></span> <span class='ocrx_word' id='word_1_83' title='bbox 992 2046 1220 2113; x_wconf 83' lang='lat' dir='ltr'><strong>veniet</strong></span> <span class='ocrx_word' id='word_1_84' title='bbox 1262 2050 1523 2133; x_wconf 88' lang='lat' dir='ltr'><strong>tempus</strong></span> <span class='ocrx_word' id='word_1_85' title='bbox 1568 2066 1699 2132; x_wconf 91' lang='lat' dir='ltr'><strong>quo</strong></span> <span class='ocrx_word' id='word_1_86' title='bbox 1769 2046 2016 2133; x_wconf 79' lang='lat' dir='ltr'><strong>posteri</strong></span> <span class='ocrx_word' id='word_1_87' title='bbox 2085 2045 2300 2111; x_wconf 88' lang='lat' dir='ltr'><strong>nostri</strong></span> <span class='ocrx_word' id='word_1_88' title='bbox 2363 2048 2506 2109; x_wconf 89' lang='lat' dir='ltr'><strong>tam</strong></span> <span class='ocrx_word' id='word_1_89' title='bbox 2573 2048 2805 2131; x_wconf 86' lang='lat' dir='ltr'><strong>aperta</strong></span> <span class='ocrx_word' id='word_1_90' title='bbox 2862 2066 2989 2109; x_wconf 88' lang='lat' dir='ltr'><strong>nos</strong></span> 
     </span>
     <span class='ocr_line' id='line_1_15' title="bbox 878 2146 2990 2235; baseline -0.002 -21"><span class='ocrx_word' id='word_1_91' title='bbox 878 2148 1227 2215; x_wconf 75' lang='lat' dir='ltr'><strong>nescivisse</strong></span> <span class='ocrx_word' id='word_1_92' title='bbox 1290 2150 1627 2215; x_wconf 74' lang='lat' dir='ltr'><strong>mirentur.</strong></span> <span class='ocrx_word' id='word_1_93' title='bbox 1720 2147 1893 2216; x_wconf 85' lang='lat' dir='ltr'><strong>Cum</strong></span> <span class='ocrx_word' id='word_1_94' title='bbox 1947 2148 2156 2235; x_wconf 81' lang='lat' dir='ltr'><strong>igitur</strong></span> <span class='ocrx_word' id='word_1_95' title='bbox 2219 2147 2454 2213; x_wconf 85' lang='lat' dir='ltr'><strong>beatus</strong></span> <span class='ocrx_word' id='word_1_96' title='bbox 2501 2146 2868 2234; x_wconf 80' lang='lat' dir='ltr'>Gregorius,</span> <span class='ocrx_word' id='word_1_97' title='bbox 2915 2147 2990 2209; x_wconf 89' lang='lat' dir='ltr'><strong>in</strong></span> 
     </span>
     <span class='ocr_line' id='line_1_16' title="bbox 878 2249 2988 2337; baseline -0.002 -20"><span class='ocrx_word' id='word_1_98' title='bbox 878 2252 1013 2317; x_wconf 87' lang='lat' dir='ltr'><strong>fine</strong></span> <span class='ocrx_word' id='word_1_99' title='bbox 1086 2252 1135 2318; x_wconf 84' lang='lat' dir='ltr'><strong>J</strong></span> <span class='ocrx_word' id='word_1_100' title='bbox 1136 2250 1271 2333; x_wconf 62' lang='lat' dir='ltr'><strong>ob,¹⁸</strong></span> <span class='ocrx_word' id='word_1_101' title='bbox 1344 2250 1619 2337; x_wconf 89' lang='lat' dir='ltr'><strong>loquens</strong></span> <span class='ocrx_word' id='word_1_102' title='bbox 1692 2250 1776 2316; x_wconf 88' lang='lat' dir='ltr'><strong>de</strong></span> <span class='ocrx_word' id='word_1_103' title='bbox 1853 2250 2056 2317; x_wconf 83' lang='lat' dir='ltr'><strong>tertia</strong></span> <span class='ocrx_word' id='word_1_104' title='bbox 2141 2250 2280 2315; x_wconf 87' lang='lat' dir='ltr'><strong>filia</strong></span> <span class='ocrx_word' id='word_1_105' title='bbox 2373 2249 2532 2335; x_wconf 85' lang='lat' dir='ltr'><strong>ejus,</strong></span> <span class='ocrx_word' id='word_1_106' title='bbox 2609 2249 2988 2336; x_wconf 73' lang='lat' dir='ltr'><strong>exposuerit</strong></span> 
     </span>
     <span class='ocr_line' id='line_1_17' title="bbox 882 2351 2990 2439; baseline -0.002 -19"><span class='ocrx_word' id='word_1_107' title='bbox 882 2362 917 2389; x_wconf 91' lang='lat'><strong>“</strong></span> <span class='ocrx_word' id='word_1_108' title='bbox 950 2354 1204 2421; x_wconf 85' lang='lat' dir='ltr'><strong>Cornus</strong></span> <span class='ocrx_word' id='word_1_109' title='bbox 1270 2351 1481 2434; x_wconf 86' lang='lat' dir='ltr'><strong>tibii,”</strong></span> <span class='ocrx_word' id='word_1_110' title='bbox 1542 2352 1697 2419; x_wconf 88' lang='lat' dir='ltr'><strong>licet</strong></span> <span class='ocrx_word' id='word_1_111' title='bbox 1769 2352 2077 2419; x_wconf 84' lang='lat' dir='ltr'><strong>videatur</strong></span> <span class='ocrx_word' id='word_1_112' title='bbox 2149 2352 2213 2417; x_wconf 90' lang='lat' dir='ltr'><strong>ei</strong></span> <span class='ocrx_word' id='word_1_113' title='bbox 2285 2351 2464 2439; x_wconf 89' lang='lat' dir='ltr'><strong>quod</strong></span> <span class='ocrx_word' id='word_1_114' title='bbox 2529 2371 2781 2417; x_wconf 66' lang='lat' dir='ltr'><strong>cornus</strong></span> <span class='ocrx_word' id='word_1_115' title='bbox 2849 2372 2990 2415; x_wconf 91' lang='lat' dir='ltr'><strong>non</strong></span> 
     </span>
     <span class='ocr_line' id='line_1_18' title="bbox 878 2452 2988 2533; baseline -0.002 -11"><span class='ocrx_word' id='word_1_116' title='bbox 878 2456 1109 2523; x_wconf 85' lang='lat' dir='ltr'><strong>fuisset</strong></span> <span class='ocrx_word' id='word_1_117' title='bbox 1156 2455 1471 2523; x_wconf 87' lang='lat' dir='ltr'><strong>Latinum</strong></span> <span class='ocrx_word' id='word_1_118' title='bbox 1515 2478 1637 2523; x_wconf 90' lang='lat' dir='ltr'><strong>nec</strong></span> <span class='ocrx_word' id='word_1_119' title='bbox 1680 2452 1938 2521; x_wconf 74' lang='lat' dir='ltr'><strong>tibiwm</strong></span> <span class='ocrx_word' id='word_1_120' title='bbox 1981 2454 2304 2533; x_wconf 87' lang='lat' dir='ltr'><strong>similiter,</strong></span> <span class='ocrx_word' id='word_1_121' title='bbox 2349 2454 2464 2521; x_wconf 89' lang='lat' dir='ltr'><strong>sed</strong></span> <span class='ocrx_word' id='word_1_122' title='bbox 2507 2454 2600 2519; x_wconf 88' lang='lat' dir='ltr'><strong>sic</strong></span> <span class='ocrx_word' id='word_1_123' title='bbox 2641 2453 2988 2519; x_wconf 86' lang='lat' dir='ltr'><strong>inveniens</strong></span> 
     </span>
     <span class='ocr_line' id='line_1_19' title="bbox 878 2556 2990 2647; baseline -0.002 -22"><span class='ocrx_word' id='word_1_124' title='bbox 878 2559 953 2624; x_wconf 90' lang='lat' dir='ltr'><strong>in</strong></span> <span class='ocrx_word' id='word_1_125' title='bbox 996 2558 1353 2647; x_wconf 85' lang='lat' dir='ltr'><strong>exemplari</strong></span> <span class='ocrx_word' id='word_1_126' title='bbox 1396 2580 1530 2637; x_wconf 88' lang='lat' dir='ltr'><strong>su0,</strong></span> <span class='ocrx_word' id='word_1_127' title='bbox 1596 2578 1735 2623; x_wconf 89' lang='lat' dir='ltr'><strong>non</strong></span> <span class='ocrx_word' id='word_1_128' title='bbox 1809 2578 2005 2623; x_wconf 89' lang='lat' dir='ltr'><strong>ausus</strong></span> <span class='ocrx_word' id='word_1_129' title='bbox 2077 2556 2208 2622; x_wconf 89' lang='lat' dir='ltr'><strong>fuit</strong></span> <span class='ocrx_word' id='word_1_130' title='bbox 2281 2556 2650 2638; x_wconf 88' lang='lat' dir='ltr'><strong>immutare,</strong></span> <span class='ocrx_word' id='word_1_131' title='bbox 2722 2562 2990 2643; x_wconf 87' lang='lat' dir='ltr'><strong>propter</strong></span> 
     </span>
     <span class='ocr_line' id='line_1_20' title="bbox 878 2658 2986 2747; baseline -0.002 -20"><span class='ocrx_word' id='word_1_132' title='bbox 878 2661 1131 2727; x_wconf 87' lang='lat' dir='ltr'><strong>Textus</strong></span> <span class='ocrx_word' id='word_1_133' title='bbox 1192 2660 1377 2727; x_wconf 86' lang='lat' dir='ltr'><strong>Sacri</strong></span> <span class='ocrx_word' id='word_1_134' title='bbox 1450 2658 1890 2727; x_wconf 86' lang='lat' dir='ltr'><strong>reverentiam</strong></span> <span class='ocrx_word' id='word_1_135' title='bbox 1965 2664 2036 2725; x_wconf 89' lang='lat' dir='ltr'><strong>et</strong></span> <span class='ocrx_word' id='word_1_136' title='bbox 2107 2664 2375 2747; x_wconf 87' lang='lat' dir='ltr'><strong>propter</strong></span> <span class='ocrx_word' id='word_1_137' title='bbox 2447 2659 2588 2744; x_wconf 89' lang='lat' dir='ltr'><strong>ejus</strong></span> <span class='ocrx_word' id='word_1_138' title='bbox 2663 2680 2986 2724; x_wconf 87' lang='lat' dir='ltr'><strong>summam</strong></span> 
     </span>
     <span class='ocr_line' id='line_1_21' title="bbox 878 2760 2986 2849; baseline -0.002 -20"><span class='ocrx_word' id='word_1_139' title='bbox 878 2763 1331 2829; x_wconf 70' lang='lat' dir='ltr'><strong>humilitatem</strong></span> <span class='ocrx_word' id='word_1_140' title='bbox 1359 2786 1376 2843; x_wconf 92' lang='lat'>;</span> <span class='ocrx_word' id='word_1_141' title='bbox 1423 2784 1571 2829; x_wconf 88' lang='lat' dir='ltr'><strong>cum</strong></span> <span class='ocrx_word' id='word_1_142' title='bbox 1616 2762 1717 2829; x_wconf 92' lang='lat' dir='ltr'><strong>illi</strong></span> <span class='ocrx_word' id='word_1_143' title='bbox 1760 2762 1878 2849; x_wconf 90' lang='lat' dir='ltr'><strong>qui</strong></span> <span class='ocrx_word' id='word_1_144' title='bbox 1921 2760 2118 2827; x_wconf 88' lang='lat' dir='ltr'><strong>modo</strong></span> <span class='ocrx_word' id='word_1_145' title='bbox 2163 2762 2402 2828; x_wconf 77' lang='lat' dir='ltr'><strong>soliciti</strong></span> <span class='ocrx_word' id='word_1_146' title='bbox 2445 2767 2604 2827; x_wconf 90' lang='lat' dir='ltr'><strong>sunt</strong></span> <span class='ocrx_word' id='word_1_147' title='bbox 2665 2762 2748 2827; x_wconf 88' lang='lat' dir='ltr'><strong>de</strong></span> <span class='ocrx_word' id='word_1_148' title='bbox 2813 2760 2986 2827; x_wconf 80' lang='lat' dir='ltr'><strong>veri-</strong></span> 
     </span>
     <span class='ocr_line' id='line_1_22' title="bbox 878 2862 2986 2950; baseline -0.001 -18"><span class='ocrx_word' id='word_1_149' title='bbox 878 2870 1021 2932; x_wconf 89' lang='lat' dir='ltr'><strong>tate</strong></span> <span class='ocrx_word' id='word_1_150' title='bbox 1062 2870 1291 2932; x_wconf 88' lang='lat' dir='ltr'><strong>textus</strong></span> <span class='ocrx_word' id='word_1_151' title='bbox 1336 2864 1481 2944; x_wconf 89' lang='lat' dir='ltr'><strong>Dei,</strong></span> <span class='ocrx_word' id='word_1_152' title='bbox 1549 2870 1619 2931; x_wconf 89' lang='lat' dir='ltr'><strong>et</strong></span> <span class='ocrx_word' id='word_1_153' title='bbox 1680 2865 1796 2950; x_wconf 90' lang='lat' dir='ltr'><strong>qui</strong></span> <span class='ocrx_word' id='word_1_154' title='bbox 1863 2862 2081 2930; x_wconf 89' lang='lat' dir='ltr'><strong>sciunt</strong></span> <span class='ocrx_word' id='word_1_155' title='bbox 2127 2862 2426 2931; x_wconf 77' lang='lat' dir='ltr'><strong>Graecum</strong></span> <span class='ocrx_word' id='word_1_156' title='bbox 2493 2870 2562 2930; x_wconf 89' lang='lat' dir='ltr'><strong>et</strong></span> <span class='ocrx_word' id='word_1_157' title='bbox 2607 2863 2986 2946; x_wconf 82' lang='lat' dir='ltr'><strong>Hebraeum,</strong></span> 
     </span>
     <span class='ocr_line' id='line_1_23' title="bbox 880 2965 2991 3056; baseline -0 -23"><span class='ocrx_word' id='word_1_158' title='bbox 880 2972 1156 3056; x_wconf 87' lang='lat' dir='ltr'><strong>possunt</strong></span> <span class='ocrx_word' id='word_1_159' title='bbox 1228 2967 1460 3032; x_wconf 88' lang='lat' dir='ltr'><strong>docere</strong></span> <span class='ocrx_word' id='word_1_160' title='bbox 1534 2966 1679 3032; x_wconf 89' lang='lat' dir='ltr'><strong>sine</strong></span> <span class='ocrx_word' id='word_1_161' title='bbox 1752 2965 2286 3046; x_wconf 70' lang='lat' dir='ltr'><strong>contradictione,</strong></span> <span class='ocrx_word' id='word_1_162' title='bbox 2385 2967 2560 3053; x_wconf 86' lang='lat' dir='ltr'><strong>quod</strong></span> <span class='ocrx_word' id='word_1_163' title='bbox 2655 2967 2991 3054; x_wconf 84' lang='lat' dir='ltr'><strong>exemplar</strong></span> 
     </span>
     <span class='ocr_line' id='line_1_24' title="bbox 880 3067 2988 3158; baseline 0 -22"><span class='ocrx_word' id='word_1_164' title='bbox 880 3070 1060 3136; x_wconf 87' lang='lat' dir='ltr'><strong>beati</strong></span> <span class='ocrx_word' id='word_1_165' title='bbox 1106 3067 1407 3156; x_wconf 81' lang='lat' dir='ltr'><strong>Gregorii</strong></span> <span class='ocrx_word' id='word_1_166' title='bbox 1448 3067 1580 3134; x_wconf 86' lang='lat' dir='ltr'><strong>fuit</strong></span> <span class='ocrx_word' id='word_1_167' title='bbox 1640 3073 2041 3158; x_wconf 88' lang='lat' dir='ltr'><strong>corruptum,</strong></span> <span class='ocrx_word' id='word_1_168' title='bbox 2109 3074 2230 3135; x_wconf 89' lang='lat' dir='ltr'><strong>aut</strong></span> <span class='ocrx_word' id='word_1_169' title='bbox 2273 3069 2512 3136; x_wconf 87' lang='lat' dir='ltr'><strong>vitiose</strong></span> <span class='ocrx_word' id='word_1_170' title='bbox 2573 3091 2753 3136; x_wconf 83' lang='lat' dir='ltr'><strong>more</strong></span> <span class='ocrx_word' id='word_1_171' title='bbox 2813 3071 2988 3136; x_wconf 84' lang='lat' dir='ltr'><strong>anti-</strong></span> 
     </span>
     <span class='ocr_line' id='line_1_25' title="bbox 882 3170 2988 3260; baseline 0.002 -24"><span class='ocrx_word' id='word_1_172' title='bbox 882 3192 1014 3259; x_wconf 89' lang='lat' dir='ltr'><strong>quo</strong></span> <span class='ocrx_word' id='word_1_173' title='bbox 1078 3171 1444 3260; x_wconf 87' lang='lat' dir='ltr'><strong>scriptum;</strong></span> <span class='ocrx_word' id='word_1_174' title='bbox 1518 3176 1599 3237; x_wconf 88' lang='lat' dir='ltr'><strong>ut</strong></span> <span class='ocrx_word' id='word_1_175' title='bbox 1661 3171 1880 3258; x_wconf 89' lang='lat' dir='ltr'><strong>prima</strong></span> <span class='ocrx_word' id='word_1_176' title='bbox 1951 3171 2146 3237; x_wconf 90' lang='lat' dir='ltr'><strong>litera</strong></span> <span class='ocrx_word' id='word_1_177' title='bbox 2223 3170 2422 3258; x_wconf 87' lang='lat' dir='ltr'><strong>hujus</strong></span> <span class='ocrx_word' id='word_1_178' title='bbox 2487 3172 2793 3239; x_wconf 86' lang='lat' dir='ltr'><strong>dictionis</strong></span> <span class='ocrx_word' id='word_1_179' title='bbox 2865 3171 2988 3240; x_wconf 74' lang='lat' dir='ltr'><strong>sti-</strong></span> 
     </span>
     <span class='ocr_line' id='line_1_26' title="bbox 884 3273 2988 3362; baseline 0 -21"><span class='ocrx_word' id='word_1_180' title='bbox 884 3273 1097 3354; x_wconf 75' lang='lat' dir='ltr'><strong>bium,</strong></span> <span class='ocrx_word' id='word_1_181' title='bbox 1166 3275 1411 3341; x_wconf 86' lang='lat' dir='ltr'><strong>scilicet</strong></span> <span class='ocrx_word' id='word_1_182' title='bbox 1476 3295 1511 3341; x_wconf 84' lang='lat'>8</span> <span class='ocrx_word' id='word_1_183' title='bbox 1554 3274 1764 3353; x_wconf 86' lang='lat' dir='ltr'><strong>litera,</strong></span> <span class='ocrx_word' id='word_1_184' title='bbox 1813 3273 2250 3360; x_wconf 86' lang='lat' dir='ltr'><strong>conjungatur</strong></span> <span class='ocrx_word' id='word_1_185' title='bbox 2308 3297 2458 3341; x_wconf 89' lang='lat' dir='ltr'><strong>cum</strong></span> <span class='ocrx_word' id='word_1_186' title='bbox 2501 3275 2740 3340; x_wconf 88' lang='lat' dir='ltr'><strong>ultima</strong></span> <span class='ocrx_word' id='word_1_187' title='bbox 2789 3275 2988 3362; x_wconf 88' lang='lat' dir='ltr'><strong>hujus</strong></span> 
     </span>
     <span class='ocr_line' id='line_1_27' title="bbox 884 3375 2990 3460; baseline 0 -16"><span class='ocrx_word' id='word_1_188' title='bbox 884 3377 1193 3445; x_wconf 85' lang='lat' dir='ltr'><strong>dictionis</strong></span> <span class='ocrx_word' id='word_1_189' title='bbox 1238 3398 1454 3445; x_wconf 73' lang='lat' dir='ltr'><strong>cornu</strong></span> <span class='ocrx_word' id='word_1_190' title='bbox 1472 3399 1501 3458; x_wconf 90' lang='lat'><em>;</em></span> <span class='ocrx_word' id='word_1_191' title='bbox 1554 3381 1635 3442; x_wconf 88' lang='lat' dir='ltr'><strong>ut</strong></span> <span class='ocrx_word' id='word_1_192' title='bbox 1688 3375 1953 3442; x_wconf 86' lang='lat' dir='ltr'><strong>dicatur</strong></span> <span class='ocrx_word' id='word_1_193' title='bbox 2019 3397 2270 3443; x_wconf 72' lang='lat' dir='ltr'><strong>cornus</strong></span> <span class='ocrx_word' id='word_1_194' title='bbox 2321 3375 2504 3460; x_wconf 68' lang='lat' dir='ltr'><strong>tibii,</strong></span> <span class='ocrx_word' id='word_1_195' title='bbox 2567 3399 2716 3444; x_wconf 87' lang='lat' dir='ltr'><strong>cum</strong></span> <span class='ocrx_word' id='word_1_196' title='bbox 2763 3385 2990 3444; x_wconf 87' lang='lat' dir='ltr'><strong>tamen</strong></span> 
     </span>
     <span class='ocr_line' id='line_1_28' title="bbox 884 3477 2992 3549; baseline 0 -3"><span class='ocrx_word' id='word_1_197' title='bbox 884 3481 1153 3549; x_wconf 87' lang='lat' dir='ltr'><strong>deberet</strong></span> <span class='ocrx_word' id='word_1_198' title='bbox 1198 3481 1331 3546; x_wconf 87' lang='lat' dir='ltr'><strong>dici</strong></span> <span class='ocrx_word' id='word_1_199' title='bbox 1374 3499 1593 3546; x_wconf 71' lang='lat' dir='ltr'><strong>cornu</strong></span> <span class='ocrx_word' id='word_1_200' title='bbox 1640 3477 1848 3546; x_wconf 73' lang='lat' dir='ltr'><strong>stibii.</strong></span> <span class='ocrx_word' id='word_1_201' title='bbox 1943 3477 2162 3545; x_wconf 85' lang='lat' dir='ltr'><strong>Multa</strong></span> <span class='ocrx_word' id='word_1_202' title='bbox 2205 3479 2380 3545; x_wconf 87' lang='lat' dir='ltr'><strong>enim</strong></span> <span class='ocrx_word' id='word_1_203' title='bbox 2425 3480 2532 3547; x_wconf 92' lang='lat' dir='ltr'><strong>hic</strong></span> <span class='ocrx_word' id='word_1_204' title='bbox 2573 3486 2733 3548; x_wconf 88' lang='lat' dir='ltr'><strong>sunt</strong></span> <span class='ocrx_word' id='word_1_205' title='bbox 2775 3481 2992 3547; x_wconf 86' lang='lat' dir='ltr'><strong>adhuc</strong></span> 
     </span>
     <span class='ocr_line' id='line_1_29' title="bbox 885 3581 2990 3670; baseline 0 -20"><span class='ocrx_word' id='word_1_206' title='bbox 885 3583 969 3650; x_wconf 85' lang='lat' dir='ltr'><strong>de</strong></span> <span class='ocrx_word' id='word_1_207' title='bbox 1040 3582 1336 3669; x_wconf 80' lang='lat' dir='ltr'><strong>antiquis</strong></span> <span class='ocrx_word' id='word_1_208' title='bbox 1410 3581 1527 3669; x_wconf 89' lang='lat' dir='ltr'><strong>qui</strong></span> <span class='ocrx_word' id='word_1_209' title='bbox 1600 3603 1773 3669; x_wconf 84' lang='lat' dir='ltr'><strong>saepe</strong></span> <span class='ocrx_word' id='word_1_210' title='bbox 1840 3581 2093 3647; x_wconf 89' lang='lat' dir='ltr'><strong>habent</strong></span> <span class='ocrx_word' id='word_1_211' title='bbox 2157 3583 2552 3670; x_wconf 80' lang='lat' dir='ltr'><strong>scripturam</strong></span> <span class='ocrx_word' id='word_1_212' title='bbox 2612 3584 2990 3670; x_wconf 87' lang='lat' dir='ltr'><strong>hujusmodi</strong></span> 
     </span>
     <span class='ocr_line' id='line_1_30' title="bbox 884 3683 2990 3774; baseline 0 -21"><span class='ocrx_word' id='word_1_213' title='bbox 884 3686 1211 3753; x_wconf 83' lang='lat' dir='ltr'><strong>vitiosam.</strong></span> <span class='ocrx_word' id='word_1_214' title='bbox 1316 3683 1411 3750; x_wconf 91' lang='lat' dir='ltr'><strong>Et</strong></span> <span class='ocrx_word' id='word_1_215' title='bbox 1474 3689 1740 3750; x_wconf 85' lang='lat' dir='ltr'><strong>sanctus</strong></span> <span class='ocrx_word' id='word_1_216' title='bbox 1801 3683 2000 3750; x_wconf 91' lang='lat' dir='ltr'><strong>homo</strong></span> <span class='ocrx_word' id='word_1_217' title='bbox 2061 3683 2284 3750; x_wconf 87' lang='lat' dir='ltr'><strong>forsan</strong></span> <span class='ocrx_word' id='word_1_218' title='bbox 2348 3685 2578 3751; x_wconf 87' lang='lat' dir='ltr'><strong>multis</strong></span> <span class='ocrx_word' id='word_1_219' title='bbox 2637 3693 2990 3774; x_wconf 85' lang='lat' dir='ltr'><strong>occupatus</strong></span> 
     </span>
     <span class='ocr_line' id='line_1_31' title="bbox 884 3785 2992 3875; baseline 0 -21"><span class='ocrx_word' id='word_1_220' title='bbox 884 3809 1021 3855; x_wconf 89' lang='lat' dir='ltr'><strong>non</strong></span> <span class='ocrx_word' id='word_1_221' title='bbox 1062 3787 1299 3855; x_wconf 86' lang='lat' dir='ltr'><strong>habuit</strong></span> <span class='ocrx_word' id='word_1_222' title='bbox 1345 3792 1607 3875; x_wconf 88' lang='lat' dir='ltr'><strong>tempus</strong></span> <span class='ocrx_word' id='word_1_223' title='bbox 1660 3785 2092 3853; x_wconf 87' lang='lat' dir='ltr'><strong>examinandi</strong></span> <span class='ocrx_word' id='word_1_224' title='bbox 2153 3786 2346 3874; x_wconf 88' lang='lat' dir='ltr'><strong>plura</strong></span> <span class='ocrx_word' id='word_1_225' title='bbox 2411 3789 2822 3875; x_wconf 84' lang='lat' dir='ltr'><strong>exemplaria,</strong></span> <span class='ocrx_word' id='word_1_226' title='bbox 2869 3811 2992 3856; x_wconf 86' lang='lat' dir='ltr'><strong>nec</strong></span> 
     </span>
     <span class='ocr_line' id='line_1_32' title="bbox 886 3887 2990 3975; baseline 0.001 -21"><span class='ocrx_word' id='word_1_227' title='bbox 886 3890 1049 3975; x_wconf 87' lang='lat' dir='ltr'><strong>quid</strong></span> <span class='ocrx_word' id='word_1_228' title='bbox 1120 3888 1197 3954; x_wconf 90' lang='lat' dir='ltr'><strong>in</strong></span> <span class='ocrx_word' id='word_1_229' title='bbox 1272 3887 1501 3954; x_wconf 63' lang='lat' dir='ltr'><strong>Graeco</strong></span> <span class='ocrx_word' id='word_1_230' title='bbox 1575 3887 1687 3954; x_wconf 80' lang='lat' dir='ltr'><strong>vel</strong></span> <span class='ocrx_word' id='word_1_231' title='bbox 1761 3888 2092 3955; x_wconf 85' lang='lat' dir='ltr'><strong>Hebraico</strong></span> <span class='ocrx_word' id='word_1_232' title='bbox 2155 3889 2562 3957; x_wconf 87' lang='lat' dir='ltr'><strong>scriberetur.</strong></span> <span class='ocrx_word' id='word_1_233' title='bbox 2669 3889 2850 3956; x_wconf 85' lang='lat' dir='ltr'><strong>Nam</strong></span> <span class='ocrx_word' id='word_1_234' title='bbox 2915 3891 2990 3956; x_wconf 90' lang='lat' dir='ltr'><strong>in</strong></span> 
     </span>
     <span class='ocr_line' id='line_1_33' title="bbox 888 3977 2991 4080; baseline 0.001 -25"><span class='ocrx_word' id='word_1_235' title='bbox 888 3989 1175 4056; x_wconf 82' lang='lat' dir='ltr'><strong>Hebraeo</strong></span> <span class='ocrx_word' id='word_1_236' title='bbox 1220 3994 1324 4055; x_wconf 83' lang='lat' dir='ltr'><strong>est</strong></span> <span class='ocrx_word' id='word_1_237' title='bbox 1388 4009 1605 4056; x_wconf 70' lang='lat' dir='ltr'><strong>cornu</strong></span> <span class='ocrx_word' id='word_1_238' title='bbox 1660 3977 1873 4068; x_wconf 60' lang='lat' dir='ltr'><strong>stibii,</strong></span> <span class='ocrx_word' id='word_1_239' title='bbox 1922 3990 1993 4055; x_wconf 88' lang='lat' dir='ltr'><strong>id</strong></span> <span class='ocrx_word' id='word_1_240' title='bbox 2039 3993 2142 4056; x_wconf 89' lang='lat' dir='ltr'><strong>est</strong></span> <span class='ocrx_word' id='word_1_241' title='bbox 2199 4012 2402 4058; x_wconf 89' lang='lat' dir='ltr'><strong>cornu</strong></span> <span class='ocrx_word' id='word_1_242' title='bbox 2461 3993 2726 4080; x_wconf 88' lang='lat' dir='ltr'><strong>plenum</strong></span> <span class='ocrx_word' id='word_1_243' title='bbox 2769 3993 2991 4073; x_wconf 84' lang='lat' dir='ltr'><strong>stibio,</strong></span> 
     </span>
     <span class='ocr_line' id='line_1_34' title="bbox 884 4089 2991 4181; baseline 0.001 -24"><span class='ocrx_word' id='word_1_244' title='bbox 884 4093 1241 4158; x_wconf 87' lang='lat' dir='ltr'><strong>secundum</strong></span> <span class='ocrx_word' id='word_1_245' title='bbox 1284 4091 1567 4180; x_wconf 84' lang='lat' dir='ltr'><strong>glossam</strong></span> <span class='ocrx_word' id='word_1_246' title='bbox 1630 4089 2078 4174; x_wconf 85' lang='lat' dir='ltr'><strong>Hebraicam3</strong></span> <span class='ocrx_word' id='word_1_247' title='bbox 2159 4091 2332 4160; x_wconf 89' lang='lat' dir='ltr'><strong>sicut</strong></span> <span class='ocrx_word' id='word_1_248' title='bbox 2399 4115 2518 4160; x_wconf 81' lang='lat' dir='ltr'><strong>vas</strong></span> <span class='ocrx_word' id='word_1_249' title='bbox 2579 4115 2767 4181; x_wconf 81' lang='lat' dir='ltr'><strong>aquae</strong></span> <span class='ocrx_word' id='word_1_250' title='bbox 2827 4095 2991 4161; x_wconf 86' lang='lat' dir='ltr'><strong>dici-</strong></span> 
     </span>
     <span class='ocr_line' id='line_1_35' title="bbox 884 4192 2990 4283; baseline 0.001 -25"><span class='ocrx_word' id='word_1_251' title='bbox 884 4215 1049 4272; x_wconf 72' lang='lat' dir='ltr'><strong>muS,</strong></span> <span class='ocrx_word' id='word_1_252' title='bbox 1093 4193 1167 4260; x_wconf 84' lang='lat' dir='ltr'><strong>id</strong></span> <span class='ocrx_word' id='word_1_253' title='bbox 1210 4200 1312 4261; x_wconf 85' lang='lat' dir='ltr'><strong>est</strong></span> <span class='ocrx_word' id='word_1_254' title='bbox 1354 4194 1625 4282; x_wconf 87' lang='lat' dir='ltr'><strong>plenum</strong></span> <span class='ocrx_word' id='word_1_255' title='bbox 1668 4215 1858 4280; x_wconf 88' lang='lat' dir='ltr'><strong>aqua.</strong></span> <span class='ocrx_word' id='word_1_256' title='bbox 1953 4192 2128 4260; x_wconf 86' lang='lat' dir='ltr'><strong>Nam</strong></span> <span class='ocrx_word' id='word_1_257' title='bbox 2159 4195 2336 4260; x_wconf 90' lang='lat' dir='ltr'><strong>idem</strong></span> <span class='ocrx_word' id='word_1_258' title='bbox 2365 4197 2758 4263; x_wconf 83' lang='lat' dir='ltr'><strong>vocabulum</strong></span> <span class='ocrx_word' id='word_1_259' title='bbox 2803 4197 2990 4283; x_wconf 88' lang='lat' dir='ltr'><strong>poni-</strong></span> 
     </span>
     <span class='ocr_line' id='line_1_36' title="bbox 880 4295 2994 4386; baseline 0 -22"><span class='ocrx_word' id='word_1_260' title='bbox 880 4302 996 4364; x_wconf 87' lang='lat' dir='ltr'><strong>tur</strong></span> <span class='ocrx_word' id='word_1_261' title='bbox 1039 4296 1147 4364; x_wconf 88' lang='lat' dir='ltr'><strong>hic</strong></span> <span class='ocrx_word' id='word_1_262' title='bbox 1200 4318 1319 4384; x_wconf 86' lang='lat' dir='ltr'><strong>pro</strong></span> <span class='ocrx_word' id='word_1_263' title='bbox 1380 4295 1597 4376; x_wconf 87' lang='lat' dir='ltr'><strong>stibio,</strong></span> <span class='ocrx_word' id='word_1_264' title='bbox 1660 4301 1731 4362; x_wconf 89' lang='lat' dir='ltr'><strong>et</strong></span> <span class='ocrx_word' id='word_1_265' title='bbox 1775 4301 2011 4382; x_wconf 87' lang='lat' dir='ltr'><strong>quarto</strong></span> <span class='ocrx_word' id='word_1_266' title='bbox 2080 4297 2354 4384; x_wconf 85' lang='lat' dir='ltr'><strong>Regum,</strong></span> <span class='ocrx_word' id='word_1_267' title='bbox 2419 4321 2595 4365; x_wconf 91' lang='lat' dir='ltr'><strong>nono</strong></span> <span class='ocrx_word' id='word_1_268' title='bbox 2655 4298 2994 4386; x_wconf 76' lang='lat' dir='ltr'><strong>capitulo,8</strong></span> 
     </span>
     <span class='ocr_line' id='line_1_37' title="bbox 878 4387 2992 4488; baseline 0.001 -23"><span class='ocrx_word' id='word_1_269' title='bbox 878 4387 1009 4468; x_wconf 66' lang='lat' dir='ltr'><strong>ffbi‘</strong></span> <span class='ocrx_word' id='word_1_270' title='bbox 1041 4401 1284 4468; x_wconf 88' lang='lat' dir='ltr'><strong>dicitur</strong></span> <span class='ocrx_word' id='word_1_271' title='bbox 1326 4399 1503 4488; x_wconf 92' lang='lat' dir='ltr'><strong>quod</strong></span> <span class='ocrx_word' id='word_1_272' title='bbox 1554 4400 1604 4466; x_wconf 86' lang='lat' dir='ltr'><strong>J</strong></span> <span class='ocrx_word' id='word_1_273' title='bbox 1604 4399 1830 4466; x_wconf 89' lang='lat' dir='ltr'><strong>ezabel</strong></span> <span class='ocrx_word' id='word_1_274' title='bbox 1895 4398 2204 4486; x_wconf 83' lang='lat' dir='ltr'><strong>depinxit</strong></span> <span class='ocrx_word' id='word_1_275' title='bbox 2265 4402 2484 4468; x_wconf 89' lang='lat' dir='ltr'><strong>oculos</strong></span> <span class='ocrx_word' id='word_1_276' title='bbox 2549 4423 2701 4468; x_wconf 88' lang='lat' dir='ltr'><strong>suos</strong></span> <span class='ocrx_word' id='word_1_277' title='bbox 2769 4401 2992 4468; x_wconf 85' lang='lat' dir='ltr'><strong>stibio.</strong></span> 
     </span>
     <span class='ocr_line' id='line_1_38' title="bbox 880 4501 2992 4588; baseline 0 -18"><span class='ocrx_word' id='word_1_278' title='bbox 880 4504 1173 4571; x_wconf 84' lang='lat' dir='ltr'><strong>Stibium</strong></span> <span class='ocrx_word' id='word_1_279' title='bbox 1240 4507 1343 4569; x_wconf 87' lang='lat' dir='ltr'><strong>est</strong></span> <span class='ocrx_word' id='word_1_280' title='bbox 1402 4503 1701 4570; x_wconf 84' lang='lat' dir='ltr'><strong>mixtura</strong></span> <span class='ocrx_word' id='word_1_281' title='bbox 1768 4501 2072 4588; x_wconf 80' lang='lat' dir='ltr'><strong>quaedam</strong></span> <span class='ocrx_word' id='word_1_282' title='bbox 2137 4502 2304 4581; x_wconf 85' lang='lat' dir='ltr'><strong>alba,</strong></span> <span class='ocrx_word' id='word_1_283' title='bbox 2353 4525 2486 4588; x_wconf 86' lang='lat' dir='ltr'><strong>qua</strong></span> <span class='ocrx_word' id='word_1_284' title='bbox 2529 4504 2831 4570; x_wconf 83' lang='lat' dir='ltr'><strong>mulieres</strong></span> <span class='ocrx_word' id='word_1_285' title='bbox 2879 4505 2992 4570; x_wconf 90' lang='lat' dir='ltr'><strong>de-</strong></span> 
     </span>
    </p>
   </div>
   <div class='ocr_carea' id='block_1_4' title="bbox 880 4743 2538 4894">
    <p class='ocr_par' dir='ltr' id='par_1_4' title="bbox 880 4743 2538 4894">
     <span class='ocr_line' id='line_1_39' title="bbox 946 4743 2538 4816; baseline -0.003 -15"><span class='ocrx_word' id='word_1_286' title='bbox 946 4747 963 4782; x_wconf 78' lang='lat'>²</span> <span class='ocrx_word' id='word_1_287' title='bbox 986 4757 1159 4816; x_wconf 74' lang='lat' dir='ltr'><strong>quarto</strong></span> <span class='ocrx_word' id='word_1_288' title='bbox 1201 4743 1547 4812; x_wconf 66' lang='lat' dir='ltr'><strong>,Nalm-alium]</strong></span> <span class='ocrx_word' id='word_1_289' title='bbox 1604 4745 1717 4797; x_wconf 85' lang='lat' dir='ltr'><strong>The</strong></span> <span class='ocrx_word' id='word_1_290' title='bbox 1767 4745 1884 4796; x_wconf 74' lang='lat' dir='ltr'><strong>sub-</strong></span> <span class='ocrx_word' id='word_1_291' title='bbox 2017 4745 2040 4776; x_wconf 68' lang='grc'>*</span> <span class='ocrx_word' id='word_1_292' title='bbox 2059 4743 2188 4812; x_wconf 73' lang='lat' dir='ltr'><strong>Job]</strong></span> <span class='ocrx_word' id='word_1_293' title='bbox 2215 4761 2379 4799; x_wconf 76' lang='lat' dir='ltr'><strong>xxxv.</strong></span> <span class='ocrx_word' id='word_1_294' title='bbox 2405 4744 2436 4812; x_wconf 63' lang='grc' dir='ltr'>ᾖ</span> <span class='ocrx_word' id='word_1_295' title='bbox 2459 4751 2538 4797; x_wconf 79' lang='grc'><strong>43.</strong></span> 
     </span>
     <span class='ocr_line' id='line_1_40' title="bbox 880 4824 2482 4894; baseline -0.004 -11"><span class='ocrx_word' id='word_1_296' title='bbox 880 4837 1050 4883; x_wconf 67' lang='lat' dir='ltr'><strong>stanes</strong></span> <span class='ocrx_word' id='word_1_297' title='bbox 1072 4829 1134 4880; x_wconf 80' lang='lat' dir='ltr'><strong>of</strong></span> <span class='ocrx_word' id='word_1_298' title='bbox 1146 4827 1248 4880; x_wconf 78' lang='lat' dir='ltr'><strong>this</strong></span> <span class='ocrx_word' id='word_1_299' title='bbox 1261 4827 1517 4894; x_wconf 79' lang='lat' dir='ltr'><strong>quotation</strong></span> <span class='ocrx_word' id='word_1_300' title='bbox 1540 4825 1585 4877; x_wconf 82' lang='lat' dir='ltr'><strong>is</strong></span> <span class='ocrx_word' id='word_1_301' title='bbox 1607 4825 1662 4876; x_wconf 88' lang='lat' dir='ltr'><strong>in</strong></span> <span class='ocrx_word' id='word_1_302' title='bbox 1677 4825 1766 4878; x_wconf 74' lang='lat' dir='ltr'><strong>vii.</strong></span> <span class='ocrx_word' id='word_1_303' title='bbox 1786 4831 1866 4877; x_wconf 77' lang='lat'><strong>31.</strong></span> <span class='ocrx_word' id='word_1_304' title='bbox 2021 4824 2041 4854; x_wconf 83' lang='lat'>⁸</span> <span class='ocrx_word' id='word_1_305' title='bbox 2061 4824 2302 4892; x_wconf 76' lang='lat' dir='ltr'><strong>capitulo]</strong></span> <span class='ocrx_word' id='word_1_306' title='bbox 2327 4841 2377 4876; x_wconf 81' lang='lat' dir='ltr'><strong>v.</strong></span> <span class='ocrx_word' id='word_1_307' title='bbox 2401 4831 2482 4878; x_wconf 79' lang='lat'><strong>30.</strong></span> 
     </span>
    </p>
   </div>
  </div>
 </body>
</html>
