3517 5750
834 848 961 913 198
1574 858 1834 911 nocam
1881 856 2170 911 mooms
2755 844 2916 931 [cap

827 1031 1031 1109 libris,
1078 1050 1243 1116 quos
1288 1028 1621 1111 habemus,
1684 1031 1908 1097 forsan
1950 1030 2235 1116 aliquem
2298 1027 2546 1093 librum
2589 1028 2934 1115 specialem

827 1132 911 1199 de
954 1132 1079 1199 hoo
1126 1153 1539 1219 componens,
1586 1132 1703 1219 qui
1763 1132 2060 1199 nondum
2104 1130 2297 1197 venit
2339 1130 2426 1196 ad
2469 1152 2708 1196 manus
2753 1130 2934 1195 Lati-

828 1256 1081 1317 norum,
1128 1234 1300 1301 sicut
1344 1254 1465 1302 neo
1492 1234 1725 1301 melior
1753 1256 1906 1322 pars
1935 1256 2058 1301 nec
2085 1232 2215 1319 maj
2223 1254 2298 1299 or
2326 1254 2464 1300 suoe
2491 1230 2934 1319 philosophiae.

827 1336 1007 1403 Nam
1050 1337 1232 1403 mille
1274 1341 1601 1404 tractatus
1644 1336 1905 1420 edidit,
1941 1337 2116 1403 sicut
2159 1336 2406 1402 dicitur
2455 1334 2531 1401 in
2589 1334 2760 1403 libro
2805 1334 2886 1401 de
2911 1332 2930 1371 ¹

828 1438 991 1506 Vita
1032 1460 1172 1505 sua.

494 1556 559 1607 111
580 1558 716 1610 what
918 1541 994 1607 Si
1058 1546 1287 1608 tamen
1361 1542 1638 1621 dicatur,
1684 1541 1864 1627 quod
1937 1540 2276 1629 proprium
2349 1542 2452 1607 est
2523 1537 2928 1625 quantitatis

491 1640 805 1755 {ffiffiqgffij
828 1642 1037 1709 dividi
1081 1644 1155 1709 in
1198 1644 1557 1725 infinitum,
1604 1644 1780 1709 unde
1823 1642 2217 1710 Aristoteles
2283 1642 2358 1707 in
2418 1642 2657 1731 quinto
2717 1640 2929 1713 Meta—

492 1756 633 1818 sible,
655 1758 711 1808 in
829 1744 1114 1834 physicae
1182 1745 1431 1813 diffinit
1490 1744 1942 1833 quantitatem
2005 1766 2122 1833 per
2187 1752 2496 1812 naturam
2579 1743 2929 1811 divisibili-

492 1824 630 1875 ’Μ
650 1840 791 1879 ‘⁶¹²⁸‘
827 1848 1007 1930 tatis,
1040 1848 1280 1930 dicens,
1330 1854 1367 1885 ‘⁶
1388 1846 1745 1930 Quantitas
1773 1854 1874 1915 est
1900 1869 2050 1934 quae
2094 1848 2424 1915 dividitur
2465 1848 2538 1913 in
2579 1846 2739 1926 res‚''
2769 1850 2928 1913 etc:

830 1952 1176 2017 dicendum
1230 1957 1345 2017 ‚est
1412 1952 1607 2037 quod,
1688 1950 1846 2037 quia
1927 1972 2062 2017 non
2135 1956 2240 2017 est
2305 1952 2435 2017 nisi
2493 1972 2632 2015 una
2689 1948 2930 2037 species

826 2052 1227 2140 quantitatis
1272 2052 1597 2119 divisione
1644 2074 1888 2135 carens,
1923 2058 1994 2119 et
2037 2050 2155 2119 illa
2199 2056 2302 2121 est
2345 2052 2780 2141 ignotissima,
2809 2052 2930 2117 vix

825 2178 868 2221 a
910 2154 1412 2243 sapientissimis
1448 2156 1958 2242 comprehensa3
2001 2156 2102 2221 ita
2139 2160 2220 2221 ut
2263 2156 2628 2222 multitudo
2671 2154 2931 2242 sapien·

825 2263 975 2324 tum
1017 2278 1359 2345 nunquam
1388 2258 1657 2325 sciverit
1700 2259 1846 2345 ejus
1889 2257 2268 2338 veritatem,
2317 2258 2492 2325 sicut
2535 2278 2658 2325 nec
2685 2257 2928 2345 vulgus

824 2361 1461 2448 philosophantium;
1526 2360 1677 2427 ideo
1754 2360 2097 2448 quantitas
2155 2362 2230 2427 in
2295 2382 2592 2427 sermone
2653 2360 2926 2447 vulgato

824 2464 1144 2551 accipitur
1186 2484 1443 2550 semper
1483 2468 1805 2551 tanquam
1869 2463 2240 2547 divisibilis,
2305 2468 2374 2529 et
2435 2462 2568 2529 alia
2627 2462 2925 2528 indivisi-

824 2564 1019 2647 bilis3
1077 2564 1136 2631 si
1180 2570 1406 2632 tamen
1448 2565 1810 2634 secundum
1853 2566 2253 2653 exquisitam
2306 2566 2662 2633 veritatem
2705 2566 2930 2653 aliqua

824 2668 1162 2753 quantitas
1230 2670 1333 2733 est
1396 2664 1751 2733 divisibilis
1809 2672 1880 2734 ct
1953 2667 2178 2755 aliqua
2220 2668 2686 2749 indivisibilis3
2748 2668 2927 2735 unde

822 2768 896 2833 in
940 2766 1283 2855 scripturis
1327 2768 1695 2855 aliquorum
1740 2770 2170 2857 antiquorum
2214 2770 2555 2838 invenitur
2589 2770 2729 2838 haec
2758 2770 2928 2837 divi-

823 2870 920 2937 sio
964 2870 1405 2957 quantitatis:
1476 2871 1936 2959 quantitatum
1979 2872 2113 2940 alia
2157 2872 2534 2954 divisibilia,
2579 2873 2713 2940 alia
2757 2872 2928 2944 indi·

699 3011 703 3016 ·
820 2973 1119 3052 visibilis,
1164 2979 1245 3040 ut
1288 2973 1571 3040 discreta
1614 2979 1685 3040 et
1728 2975 2047 3042 continua
2073 2997 2090 3056 ;
2133 2975 2269 3042 alia
2285 2973 2314 3012 ⁹
2355 2973 2798 3056 indivisibilis,
2845 2980 2926 3043 ut

820 3075 1093 3155 instans,
1162 3079 1233 3142 et
1294 3076 1539 3158 unitas,
1608 3083 1681 3144 et
1746 3083 2046 3166 punctus.
2137 3078 2274 3145 Sed
2333 3077 2760 3146 indivisibilis
2821 3083 2926 3146 est

820 3177 1209 3265 dupliciter:
1278 3199 1419 3243 una
1462 3183 1567 3244 est
1608 3178 1855 3266 species
1901 3179 2318 3267 quantitatis,
2365 3185 2446 3246 ut
2488 3203 2704 3246 aevum
2733 3201 2750 3260 3
2791 3180 2927 3247 alia

820 3285 921 3346 est
965 3279 1360 3368 principium
1404 3279 1475 3347 et
1516 3281 1860 3363 terminus,
1905 3289 1986 3348 ut
2027 3287 2328 3370 punctus,
2357 3287 2428 3350 et
2469 3287 2722 3350 caetera.
2783 3283 2927 3350 Nec

818 3385 1219 3470 praedicatur
1280 3381 1622 3471 quantitas
1665 3385 1945 3452 univoce
1989 3384 2072 3452 de
2116 3385 2416 3452 terminis
2463 3391 2538 3452 et
2571 3387 2924 3474 speciebus,

820 3493 899 3551 ut
944 3487 1026 3552 de
1086 3487 1373 3554 instanti
1439 3489 1511 3552 et
1570 3491 1906 3574 tempore3
1967 3487 2084 3553 sed
2143 3489 2492 3575 aequivoce,
2537 3489 2710 3556 sicut
2771 3491 2926 3558 sub-

818 3589 1073 3655 stantia
1117 3589 1199 3655 de
1244 3586 1625 3676 composite,
1674 3595 1745 3656 et
1789 3591 2089 3672 materia,
2137 3593 2206 3657 et
2273 3590 2498 3658 forma.
2613 3591 2719 3658 De
2777 3614 2924 3660 sevo

818 3695 1047 3755 tamen
1090 3696 1161 3756 et
1205 3689 1355 3755 aliis
1402 3691 1743 3776 speciebus
1797 3691 2197 3778 praedicatur
2253 3694 2548 3772 univoce,
2603 3695 2776 3761 sicut
2821 3701 2924 3762 est

820 3789 1145 3857 univoca³
1192 3789 1573 3882 substantia
1618 3791 1701 3858 de
1744 3793 2077 3879 spirituali
2121 3800 2191 3862 et
2233 3797 2566 3882 corporali.
2659 3797 2752 3864 Et
2809 3797 2926 3864 illa

820 3896 1063 3957 natura
1108 3891 1406 3972 univoca,
1438 3913 1589 3979 quae
1632 3900 1735 3960 est
1783 3895 1854 3959 in
1903 3917 2144 3984 genere
2183 3899 2671 3986 generalissimo
2715 3921 2922 3986 quan—

820 3994 1061 4074 titatis,
1124 4016 1261 4059 non
1320 4001 1619 4062 arctatur
1670 3997 1759 4062 ad
1804 4003 2114 4065 naturam
2165 3999 2529 4083 divisionis,
2575 4001 2692 4069 sed
2735 4009 2923 4070 ante-

818 4097 996 4162 cedit
1041 4117 1206 4178 eam,
1272 4101 1342 4162 et
1403 4095 1816 4167 abstrahitur
1881 4123 1924 4166 a
1989 4106 2232 4168 natura
2297 4103 2794 4187 divisibilitatis‚
2851 4113 2923 4174 et

817 4203 957 4264 stat
998 4198 1073 4263 in
1116 4199 1373 4265 ratione
1416 4201 1707 4287 generali
1752 4205 2180 4270 mensurandi
2205 4227 2224 4287 3
2268 4205 2428 4293 quia
2453 4208 2792 4296 proprium
2823 4213 2927 4276 est

820 4300 1217 4390 quantitatis
1260 4301 1614 4391 quuslibet
1658 4323 2048 4374 mensurare.

892 4663 1053 4716 'libro
1086 4664 1171 4732 de]
1210 4679 1308 4719 om.
1342 4669 1404 4720 B.
1985 4669 2008 4704 ⁸
2027 4679 2099 4723 est
2120 4673 2351 4740 univoca]
2389 4689 2487 4728 om.
2523 4673 2582 4727 B.

899 4744 920 4774 ²
940 4743 1071 4810 alia]
1110 4760 1209 4798 om.
1244 4747 1307 4798 Β.
