3517 5750
832 938 965 1002 438
1588 946 1850 1000 soom
1893 945 2190 999 mecm
2759 928 2948 1017 [cu.

836 1144 1061 1205 verax,
1106 1128 1381 1211 propter
1420 1122 1870 1211 ignorantiam
1913 1122 2126 1189 Graem'
2169 1122 2500 1189 sermonis.
2575 1120 2670 1187 Et
2719 1140 2951 1187 omnes

838 1228 993 1291 libri
1038 1232 1197 1293 sunt
1238 1226 1573 1293 fflsinimx
1630 1226 1755 1305 hic,
1817 1226 1989 1293 sicut
2045 1224 2330 1312 quilibet
2377 1228 2602 1313 potest
2643 1224 2726 1291 dc
2765 1222 2948 1290 facili

842 1330 1143 1417 experiri.

512 1434 651 1499 110¹!
672 1446 789 1482 men
936 1432 1163 1497 Tertia
1236 1430 1409 1497 ratio
1478 1450 1685 1517 quare
1758 1434 2064 1519 oportent
2133 1448 2256 1495 nos
2327 1428 2492 1496 scire
2563 1428 2954 1518 grammati·

506 1502 605 1552 hav
606 1498 825 1564 ebighly

512 1568 809 1618 med
848 1554 993 1601 cnm
1098 1532 1379 1599 aliarum
1488 1534 1868 1619 linguarum
1955 1538 2072 1611 est,
2161 1532 2322 1618 quis
2429 1532 2644 1599 sancti
2737 1532 2954 1597 mults.

510 1648 739 1701 gramm·
706 1632 801 1683 ⁸²⁵·
848 1640 1106 1723 ponunt
1166 1636 1251 1702 de
1311 1636 1431 1702 his.
1522 1634 1656 1703 Sed
1720 1656 1860 1703 non
1931 1639 2278 1723 exponunt
2343 1636 2582 1713 omnis,
2629 1640 2950 1721 tanquam

512 1700 789 1751 ‹taikne-w

514 1768 717 1831 ledgeo
682 1766 743 1815 ot
846 1744 1289 1826 supponentes
1338 1738 1519 1825 quod
1568 1758 1800 1805 omnes
1853 1740 2100 1827 posteri
2157 1758 2386 1804 eorum
2443 1738 2610 1804 scire
2667 1738 2958 1803 debeant

514 1834 659 1883 θὼρ*
680 1834 791 1881 ¹⁸¹²·
848 1842 1123 1929 linguas,
1171 1842 1343 1907 sicut
1386 1842 1554 1927 ipsi3
1616 1847 1687 1908 et
1730 1842 1880 1907 ideo
1925 1862 2062 1907 non
2111 1840 2338 1907 omnia
2397 1840 2690 1907 difficilia
2749 1862 2954 1927 expo-

516 1914 721 1967 8⁰⁸8&-

530 4509 735 4564 Idioms.

850 1952 1142 2026 suerunt,
1196 1945 1311 2011 sed
1360 1944 1579 2009 mults
1622 1943 2092 2031 investiganda
2139 1950 2370 2009 nostro
2427 1942 2742 2009 exemitio
2799 1942 2954 2007 reli-

850 2054 1153 2135 querunt.
1244 2048 1431 2113 Pono
1472 2047 1850 2133 exemplum
1907 2046 1992 2112 de
2055 2044 2326 2133 prologo
2369 2046 2626 2123 Daniel,
2687 2046 2763 2110 in
2821 2066 2958 2133 quo

852 2151 1087 2217 beatus
1116 2148 1567 2236 Hieronymus
1610 2148 1774 2215 dicit
1819 2148 1996 2235 quod
2039 2168 2178 2213 una
2219 2148 2522 2235 pericope
2569 2144 2954 2213 Hieremiae¹

854 2252 1167 2320 scribitur
1210 2272 1507 2319 sermone
1538 2250 1916 2331 chaldaico,
1945 2252 2062 2317 scd
2101 2258 2328 2317 tamen
2359 2250 2705 2317 Hebraicis
2743 2250 2960 2315 literis

854 2362 1213 2437 exaratum
1258 2356 1436 2441 quod
1478 2374 1705 2420 omnes
1746 2352 2042 2442 theologi
2083 2354 2472 2441 intelligunt
2523 2374 2664 2420 csse
2711 2352 2960 2418 librum

854 2458 1281 2537 Threnorum‚
1328 2462 1401 2524 et
1462 2458 1563 2523 its
1620 2461 1964 2544 exponunt
2025 2454 2368 2545 prologum
2433 2456 2640 2534 illum,
2701 2454 2960 2543 decepti

846 2564 1171 2629 vilissima
1216 2567 1286 2627 et
1330 2562 1485 2627 ficta
1532 2560 1930 2625 auctoritate
1959 2560 2271 2641 Britonis,
2319 2560 2504 2647 cujus
2547 2560 2964 2648 expositione

849 2686 1075 2732 omnes
1116 2662 1191 2729 in
1234 2662 1518 2751 prologis
1548 2662 1786 2729 Bibliae
1815 2662 2200 2729 abutuntur.
2291 2662 2711 2728 Auctoritsts
2753 2661 2966 2750 igitur

851 2768 1035 2832 nulls
1086 2766 1265 2831 docti
1316 2764 1554 2831 dicunt
1596 2764 1912 2851 pericope
1965 2762 2190 2832 Graece
2235 2768 2339 2831 est
2383 2786 2594 2852 parve
2635 2764 2964 2852 particula

854 2868 1107 2944 Latine,
1140 2870 1211 2932 et
1236 2865 1498 2933 libellus
1540 2866 1950 2933 Threnorum
1993 2887 2242 2955 pervus
2285 2872 2387 2933 est
2429 2872 2730 2955 respectu
2756 2866 2966 2954 majo-

854 2973 947 3036 ris
982 2969 1343 3035 voluminis
1388 2967 1764 3036 Hieremiae.
1835 2969 1970 3038 Sed
1997 2969 2107 3036 hic
2149 2991 2330 3037 error
2371 2971 2808 3037 intolerabilis
2845 2973 2964 3037 est.

857 3073 925 3138 N
926 3093 1032 3138 am
1078 3069 1339 3138 libellus
1382 3071 1813 3154 Thronoi-um,
1841 3079 1922 3140 ut
1951 3093 2178 3140 omnes
2211 3073 2483 3140 Hebraei
2511 3073 2748 3152 sciunt,
2793 3073 2968 3140 sicut

856 3177 1167 3242 scribitur
1238 3175 1449 3240 literis
1524 3175 1891 3257 Hebraicis,
1981 3177 2076 3242 sic
2153 3195 2366 3242 sermo
2435 3175 2764 3244 Hebraeus
2823 3181 2966 3255 θείη

860 3279 1035 3365 quod
1079 3277 1358 3364 quilibet
1424 3277 1633 3344 sciens
1676 3277 2004 3344 rationem
2057 3279 2328 3345 Hebraei
2378 3279 2695 3344 sermonis
2745 3284 2966 3366 potest

860 3383 1203 3469 percipere,
1252 3387 1323 3448 et
1384 3381 1529 3447 lucc
1588 3379 1826 3447 clarius
1885 3379 2150 3447 intueri.
2243 3381 2503 3448 Deinde
2561 3382 2966 3448 testantibus

862 3487 1165 3552 omnibus
1212 3483 1521 3551 Hebraeis
1566 3484 1826 3551 latinis
1869 3483 2284 3550 inveniemus
2335 3485 2521 3550 illam
2571 3483 2963 3571 particulam

864 3589 935 3653 in
967 3589 1219 3655 decimo
1263 3587 1554 3674 capitulo
1598 3587 1753 3652 libri
1801 3588 2026 3673 magni
2059 3587 2431 3665 Hieremiae,
2471 3587 2590 3652 ubi
2621 3586 2866 3653 dicitur
2889 3587 2963 3654 in

866 3691 1106 3756 Latino
1156 3690 1369 3778 [11.]:
1438 3697 1473 3725 “
1492 3689 1601 3754 Sic
1644 3689 1856 3776 igitur
1883 3689 2114 3756 dicetis
2161 3689 2271 3769 eis,
2323 3688 2440 3754 Dii
2485 3689 2601 3777 qui
2649 3689 2846 3756 coelcs
2895 3695 2966 3756 et

866 3799 902 3828 “
948 3799 1194 3858 terram
1238 3811 1373 3857 non
1416 3792 1715 3857 fecerunt
1744 3798 2020 3878 pereant
2066 3792 2147 3858 de
2189 3797 2370 3858 terra
2413 3796 2484 3858 et
2513 3791 2616 3858 his
2645 3811 2796 3879 quae
2839 3791 2968 3859 sub

866 3901 902 3928 “
948 3893 1113 3960 coelo
1142 3891 1355 3958 sunt.”
1446 3893 1613 3959 Haec
1654 3913 1864 3981 parva
1907 3894 2234 3981 particula
2277 3899 2382 3960 est
2409 3895 2526 3962 ills
2552 3895 2852 3983 pericope
2883 3895 2968 3962 de

863 4015 997 4080 qus
1050 3993 1503 4081 Hieronymus
1546 3995 1729 4078 dicit,
1777 4001 1860 4062 ut
1904 4017 2130 4062 omnes
2177 3995 2450 4064 Hebraei
2491 3997 2748 4079 sciunt;
2809 3997 2968 4084 quin

863 4095 1295 4185 proculdubio
1339 4097 1553 4164 literis
1600 4095 1952 4166 Hebraicis
1999 4097 2323 4166 scribitur.
2416 4099 2551 4166 Sed
2599 4121 2810 4166 sermo
2863 4101 2969 4166 est

866 4199 1230 4279 Chaldaeus,
1280 4199 1632 4268 Chaldaeus
1676 4201 1858 4268 enim
1905 4221 2124 4268 sermo
2169 4206 2239 4268 et
2283 4199 2608 4270 Hebraeus
2651 4201 2968 4268 differunt

864 4303 1039 4370 sicut
1080 4301 1403 4368 idiomata
1430 4303 1629 4370 unius
1658 4303 1905 4392 linguae
1935 4327 1952 4386 ;
1995 4310 2077 4371 ut
2105 4299 2516 4372 Picardicum
2567 4309 2638 4371 et
2687 4305 2970 4371 Normae

863 4407 1103 4486 nicum,
1182 4405 1698 4494 Burgundicum,
1777 4405 2163 4489 Parisiense,
2227 4413 2300 4474 et
2369 4407 2699 4475 Gallicum
2726 4433 2744 4490 ;
2832 4427 2970 4474 una

865 4511 1043 4576 enim
1086 4509 1315 4595 lingua.
1358 4515 1459 4576 est
1504 4509 1816 4588 omnium,
1883 4511 2132 4576 scilicet
2185 4508 2542 4590 Gallicana,
2591 4511 2706 4577 sed
2743 4515 2970 4577 tamen

861 4613 937 4678 in
1007 4613 1281 4679 diversis
1339 4613 1642 4700 partibus
1700 4611 2184 4680 diversificatur
2239 4613 2772 4696 accidentaliter3
2819 4635 2970 4700 quae

1001 4771 1252 4778 -------.
1371 4769 1490 4777 ⁸*

1864 4771 1999 4776 —
2223 4771 2236 4776 -
2256 4769 2465 4778 -ω--ῌ

1587 4827 1603 4857 ¹
1627 4823 1918 4892 Hieremiae]
1957 4823 2139 4886 hieme,
2164 4827 2277 4878 MS.
