3517 5750
1458 891 1634 942 orus
1676 890 1914 941 mnne.
2574 876 2706 947 317

601 1065 1098 1132 multitudinem
1140 1066 1544 1131 immensam.
1639 1066 1732 1131 Et
1775 1072 1950 1132 certe
1993 1067 2186 1154 longe
2233 1064 2560 1130 difficilius
2605 1068 2706 1129 est
2731 1072 2890 1125 What
2911 1088 3025 1138 por-

598 1189 981 1255 componere
1016 1168 1404 1249 adinvicem,
1450 1190 1599 1254 quae
1646 1168 2098 1233 extrahuntur
2151 1190 2190 1233 a
2249 1167 2440 1232 libris
2486 1168 2706 1232 diver-

601 1271 707 1347 sis,
756 1292 959 1355 quam
1002 1270 1121 1335 illa
1164 1270 1495 1357 perlegere
1541 1273 1610 1334 et
1655 1270 2020 1335 extrahere.

2731 1138 2865 1189 tions
2887 1142 2948 1189 of

2729 1205 2816 1256 the
2845 1204 2988 1271 Opus

2731 1270 2914 1337 Majus
2931 1273 3017 1323 the

2729 1338 2908 1390 author
2923 1355 3042 1391 eon-

691 1372 987 1438 Scientia
1030 1394 1188 1438 vero
1240 1370 1800 1458 Experimentalis
1859 1376 2008 1437 tota
2069 1376 2169 1437 est
2229 1370 2702 1458 amplectenda,
2731 1405 2926 1457 siden-ed

602 1474 735 1540 nisi
781 1474 937 1561 quia
986 1474 1105 1539 illa
1149 1474 1426 1560 quaestio
1478 1474 1563 1539 de
1608 1472 1790 1539 Iride
1835 1478 1907 1539 et
1958 1474 2040 1538 de
2101 1474 2356 1539 circulis
2402 1472 2708 1539 coloratis
2729 1481 2860 1523 most
2881 1473 2976 1523 im-

602 1576 807 1642 habet
856 1576 1317 1643 difficultatem
1362 1580 1635 1663 propter
1679 1576 2138 1663 geometriam3
2218 1575 2466 1641 scilicet
2529 1574 2708 1661 prin-

605 1678 853 1765 cipium
906 1684 977 1744 et
1023 1677 1196 1764 quod
1252 1677 1553 1763 sequitur
1610 1677 1726 1742 illa
1785 1680 2088 1764 exempla
2147 1676 2400 1743 habent
2441 1678 2708 1764 planam

602 1780 1049 1845 narrationem
1094 1802 1243 1846 cum
1288 1780 1545 1867 ingenti
1590 1780 1932 1866 sapientia.
2028 1779 2226 1846 Certe
2265 1780 2400 1861 illa,
2433 1801 2582 1866 quae
2627 1778 2711 1843 de

604 1882 772 1947 iride
841 1886 911 1948 et
969 1883 1209 1949 circulo
1269 1881 1555 1949 colorato
1614 1882 1946 1962 dicuntur,
2009 1886 2371 1948 tenuerunt
2429 1904 2533 1947 me
2593 1902 2712 1968 per

606 2006 895 2050 mensem
956 1990 1314 2071 antequam
1358 1983 1549 2071 potui
1592 2004 1715 2071 per
1771 1983 2200 2070 figurationes
2251 1990 2320 2051 et
2371 1984 2710 2071 experien-

608 2087 737 2151 tias
790 2086 907 2152 illa
950 2092 1367 2173 pertractare.
1470 2084 1563 2151 Et
1614 2086 1774 2172 quia
1812 2086 1954 2153 haec
1997 2086 2277 2172 requirit
2321 2108 2486 2173 opus
2530 2086 2712 2173 prin-

608 2188 832 2274 cipale,
897 2189 1075 2275 quod
1140 2189 1387 2275 petitis,
1461 2192 1687 2253 tamen
1760 2209 1897 2253 non
1972 2188 2259 2254 satisfeci
2333 2189 2514 2266 mihi,
2591 2208 2712 2253 nec

608 2291 906 2356 materiae
952 2291 1032 2355 de
1078 2311 1209 2376 qua
1252 2289 1481 2367 scrib0‚
1525 2290 1853 2377 praecipue
1917 2312 2068 2355 cum
2110 2290 2228 2356 iris
2291 2294 2361 2355 et
2427 2290 2526 2354 illi
2591 2291 2714 2355 cir-

608 2392 737 2457 culi
782 2414 931 2458 raro
976 2396 1313 2479 apparent,
1344 2394 1545 2478 prout
1587 2393 1824 2458 modus
1867 2392 2353 2458 considerandae
2397 2390 2710 2457 certifica-

608 2493 810 2559 tionis
884 2493 1257 2579 requiritur.
1357 2494 1449 2559 Et
1524 2499 1739 2559 certus
1814 2515 1960 2559 sum
2021 2494 2199 2579 quod
2256 2495 2476 2559 nullus
2535 2494 2712 2581 apud

610 2594 898 2673 Latinos,
923 2600 1163 2681 praeter
1189 2592 1439 2672 unum,¹
1473 2594 1589 2681 qui
1612 2599 1715 2661 est
1748 2595 2274 2682 sapientissimus
2303 2596 2710 2673 Latinorum,

608 2696 855 2783 poterit
898 2695 1265 2761 satisfacere
1316 2696 1390 2761 in
1440 2695 1565 2761 hac
1615 2701 1822 2782 parte.
1882 2697 2121 2763 ‘Unde
2168 2697 2275 2762 hic
2326 2702 2561 2782 reputo
2605 2718 2710 2760 me

612 2798 1045 2879 succumbere,
1088 2797 1297 2884 magis
1339 2819 1539 2885 quam
1599 2798 1735 2863 fere
1795 2798 1870 2862 in
1931 2798 2254 2880 omnibus,
2288 2820 2438 2885 quae
2495 2798 2711 2880 mitt0,

611 2905 878 2986 propter
949 2899 1283 2964 mirabiles
1356 2899 1814 2987 experientias,
1878 2922 2025 2987 quae
2106 2901 2215 2966 hic
2286 2901 2715 2988 requiruntur

611 3023 745 3067 non
789 3000 999 3066 solum
1046 3001 1129 3066 de
1176 3001 1303 3080 die,
1354 3002 1469 3067 sed
1529 3001 1613 3068 de
1660 3007 1870 3081 nocte,
1927 3006 2194 3089 propter
2244 3002 2484 3069 iridem
2535 3003 2714 3070 lunae

616 3109 685 3168 et
728 3103 999 3168 circulos
1044 3101 1217 3168 circa
1260 3124 1405 3168 eam
1448 3103 1791 3169 coloratos,

705 3202 1119 3290 Perspectiva
1146 3225 1301 3269 vero
1346 3209 1614 3291 propter
1658 3205 1761 3270 sui
1808 3205 2368 3292 pulchritudinem
2399 3210 2467 3271 et
2497 3227 2714 3273 neees-

614 3306 894 3383 sitatem‚
943 3328 1090 3392 quae
1150 3307 1373 3370 omnia
1432 3306 1593 3372 facit
1654 3307 1834 3384 scire,
1890 3312 2038 3372 tota
2102 3309 2383 3373 occurrit
2423 3309 2716 3394 legenda.

616 3407 691 3474 Si
734 3413 961 3472 tamen
1002 3428 1138 3472 non
1181 3407 1490 3474 habueris
1534 3408 2011 3495 experientiam
2053 3409 2428 3496 figurarum,
2476 3410 2716 3496 princi—

615 3510 801 3595 pium
874 3531 1081 3595 usque
1145 3509 1232 3574 ad
1314 3509 1563 3596 figuras
1632 3531 1702 3575 se
1792 3510 2046 3596 praebet
2120 3511 2330 3598 magis
2405 3510 2718 3598 legibile;

615 3615 818 3696 atque
880 3612 1019 3696 ejus
1084 3611 1256 3691 finis«,
1303 3611 1419 3697 qui
1480 3617 1632 3698 post
1698 3611 2126 3699 figurationes
2195 3633 2466 3699 magnas
2533 3613 2717 3678 inve-

614 3713 853 3791 nietur,
899 3712 1015 3777 ubi
1054 3711 1171 3777 ad
1231 3713 1629 3799 theologiam
1692 3719 1761 3779 et
1836 3713 2160 3779 utilitates
2233 3714 2431 3800 hujus
2489 3716 2718 3781 mundi

612 3818 1091 3901 comparantur.
1185 3814 1375 3880 Inter
1440 3819 1665 3881 tamen
1725 3816 2148 3902 figurationes
2192 3821 2530 3902 ponuntur
2573 3818 2718 3883 ubi-

617 3938 745 4002 que
790 3917 1108 3982 veritates
1175 3916 1467 4002 pulchrae
1503 3942 1521 3998 ;
1584 3918 1671 3982 ad
1734 3939 1898 4004 quas
1967 3918 2028 3984 si
2087 3939 2224 3983 non
2269 3918 2718 3998 adduceretur,

617 4017 891 4082 scientia
920 4017 1518 4099 demonstrationis,
1548 4025 1776 4085 tamen
1807 4020 1966 4105 quia
1993 4019 2080 4085 ab
2115 4022 2492 4087 auctoribus
2527 4023 2719 4088 certis

618 4119 946 4199 dicuntur,
994 4122 1064 4184 et
1129 4119 1540 4206 experientia
1600 4127 1828 4187 nostra
1896 4120 2150 4208 probat,
2225 4129 2504 4209 possunt
2577 4125 2718 4190 sine

616 4219 1119 4306 figurationibus
1163 4221 1417 4308 concipi
1461 4224 1938 4307 quoquomodO,
1980 4225 2281 4309 quamvis
2325 4226 2520 4310 plena
2570 4248 2718 4312 cog-

618 4323 787 4388 nitio
832 4326 935 4386 est
996 4322 1069 4386 in
1129 4322 1373 4408 figuris.
1468 4323 1560 4388 Et
1622 4324 1728 4389 hic
1791 4329 1949 4392 sunt
1991 4326 2222 4391 multae
2274 4327 2720 4412 figurationes,

620 4444 783 4509 quas
843 4422 1065 4488 nullus
1133 4425 1321 4490 daret
1386 4444 1506 4510 per
1555 4447 1864 4507 mensem,
1907 4426 1965 4490 si
2000 4425 2304 4511 jurasset,
2367 4432 2720 4513 quantum-

694 4761 708 4791 ¹
733 4761 905 4829 unum]
933 4761 1117 4814 Added
1130 4761 1187 4813 in
1201 4763 1287 4814 the
1307 4761 1523 4828 margin,
1536 4763 1590 4813 in
1608 4777 1639 4814 a
1659 4777 1802 4815 more
1823 4771 1992 4815 recent
2011 4763 2174 4814 handz
2209 4759 2336 4816 Rob.
2349 4761 2718 4817 Lincolniemis.

2732 1547 2949 1603 portant.
