3517 5750
524 1706 755 1783 commis-

524 1786 652 1831 sion,

530 1838 753 1893 another.

854 912 983 975 406
1608 926 1864 975 Rosam
1911 924 2202 975 sacci-us
2779 910 2956 995 [can.

852 1100 1029 1187 piter
1080 1100 1185 1165 hic
1235 1100 1611 1166 succumbit.
1708 1102 1966 1169 Caetera
2025 1122 2182 1165 vero
2233 1122 2380 1185 quse
2427 1101 2652 1187 magis
2684 1101 2954 1187 propin-

854 1224 986 1287 qua
1044 1206 1203 1267 sunt
1261 1201 1365 1267 his
1421 1202 1493 1267 in
1550 1202 1902 1269 nobilitate
1954 1206 2213 1269 naturae
2269 1206 2430 1269 sunt
2495 1202 2834 1283 coelestim
2891 1207 2964 1268 et

852 1304 947 1369 sic
1028 1304 1109 1370 de
1176 1300 1373 1369 rebus
1424 1304 1858 1371 nobilioribus
1909 1309 2205 1392 respectu
2267 1304 2564 1371 aliorum.
2691 1304 2960 1385 Quanto

856 1406 1033 1471 enim
1072 1406 1326 1473 nobiles
1358 1410 1517 1473 sunt
1567 1407 1641 1472 in
1686 1414 1934 1475 natura
1971 1430 2106 1485 sua,
2153 1412 2350 1473 tanto
2397 1407 2618 1473 minus
2661 1428 2742 1473 ea
2791 1428 2963 1475 com-

856 1509 1339 1596 prehendimus,
1386 1509 1559 1576 sicut
1602 1510 1883 1597 quilibet
1927 1510 2280 1599 experitur.

788 1620 793 1625 '
950 1610 1225 1677 Peccato
1282 1634 1439 1679 vero
1498 1612 1803 1701 originali
1879 1612 1972 1681 sic
2045 1616 2501 1699 corrumpente
2575 1634 2716 1693 nos,
2775 1614 2966 1679 adest

858 1713 1069 1799 majus
1134 1714 1697 1800 impedimentum,
1765 1714 2012 1799 scilicet
2083 1721 2352 1803 peccata
2415 1716 2686 1803 propria
2747 1716 2962 1801 cujus-

856 1816 1033 1883 libet.
1128 1816 1200 1883 Si
1254 1818 1429 1884 enim
1474 1818 1764 1885 alienum
1811 1824 2152 1905 peccatum
2209 1823 2498 1885 excaecat
2555 1818 2964 1885 intellectum

857 1918 1158 1999 hominis,
1194 1920 1387 2007 longe
1430 1920 1641 2008 magis
1685 1926 2024 2008 peccatum
2069 1922 2448 2008 proprium;
2491 1920 2608 1987 sed
2649 1920 2774 1987 hoc
2815 1920 2965 1986 nul-

860 2023 965 2087 lus
1016 2024 1151 2089 fere
1209 2022 1597 2105 considerat,
1642 2029 1715 2089 et
1773 2024 1921 2089 ideo
1982 2028 2243 2109 oportet
2302 2022 2480 2110 quod
2543 2045 2786 2109 magna
2845 2024 2972 2091 fiat

860 2126 1209 2192 excaecatio
1269 2125 1341 2191 in
1392 2126 1513 2191 hoc
1586 2126 1850 2192 mund0.
1966 2124 2325 2206 Quodlibet
2387 2126 2562 2192 enim
2625 2132 2968 2213 peccatum

860 2228 1135 2293 mortale
1164 2232 1267 2293 est
1294 2228 1782 2315 depravationis
1821 2228 2120 2308 infinitae,
2152 2250 2308 2293 nam
2349 2228 2629 2295 offendit
2667 2230 2966 2295 divinam

861 2331 1273 2416 majestatem
1336 2352 1485 2417 quae
1548 2330 1818 2396 infinita
1877 2335 1995 2397 est.
2087 2330 2409 2397 Similiter
2467 2332 2624 2417 quia
2667 2332 2970 2399 divinam-

862 2432 1271 2519 sapientiam,
1304 2456 1451 2521 quae
1495 2433 1761 2500 infinita
1803 2439 1920 2513 est,
1953 2442 2021 2499 et
2065 2432 2431 2500 bonitatem
2475 2435 2772 2499 divinam
2817 2456 2966 2520 quae

862 2535 1167 2601 similiter
1210 2542 1311 2601 est
1371 2536 1651 2617 infinita,
1720 2558 1876 2623 ergo
1933 2557 2190 2601 necesse
2253 2541 2356 2602 est
2417 2536 2594 2622 quod
2652 2536 2968 2623 depravet

864 2638 1193 2705 hominem
1260 2640 1490 2704 morbo
1556 2638 1838 2721 infinito,
1885 2639 2174 2705 maxime
2239 2638 2548 2719 animam,
2593 2660 2711 2727 per
2766 2662 2965 2725 quam

862 2741 944 2805 fit
986 2744 1343 2827 peccatum,
1382 2746 1451 2805 et
1491 2740 1565 2805 in
1612 2763 1743 2827 qua
1787 2740 2254 2806 damnabiliter
2295 2741 2662 2827 requiescit.
2757 2742 2966 2827 Cujus

863 2842 1069 2908 etiam
1140 2842 1497 2908 infinitatis
1562 2842 1864 2931 probatio
1939 2848 2056 2922 est,
2120 2844 2296 2930 quod
2357 2850 2697 2930 peccatum
2757 2864 2966 2910 unum

862 2945 1153 3032 corrupit
1194 2949 1414 3022 totum
1457 2967 1664 3032 genus
1706 2946 2084 3025 humanum,
2132 2945 2310 3032 quod
2357 2947 2752 3014 naturaliter
2797 2947 2966 3013 mul·-

862 3047 1219 3135 tiplicabile
1247 3052 1349 3113 est
1397 3047 1470 3111 in
1499 3046 1856 3130 infinitum,
1903 3053 2102 3134 atque
2147 3047 2470 3134 obligavit
2513 3049 2728 3136 ipsum
2771 3070 2970 3136 poena

862 3149 1185 3230 infernali,
1234 3171 1383 3235 quae
1446 3155 1547 3216 est
1612 3150 1880 3216 infinita
1945 3148 2314 3229 duratione,
2361 3155 2433 3216 et
2493 3151 2800 3218 similiter
2863 3152 2964 3217 in-

861 3253 1135 3334 tensive,
1182 3259 1510 3340 quantum
1555 3257 1777 3339 potest
1819 3274 2046 3340 capere
2091 3257 2404 3319 creatura.
2495 3253 2630 3320 Sed
2679 3254 2968 3322 maxime

863 3361 1049 3443 patet
1094 3357 1391 3422 infinitas
1438 3355 1929 3442 depravationis
1975 3356 2245 3442 peccati,
2293 3357 2473 3442 quod
2519 3357 2690 3422 nihil
2735 3361 2974 3444 potem.

861 3462 977 3526 tiae
1038 3460 1263 3539 finitoe,
1344 3459 1589 3526 scilicet
1650 3459 1839 3524 nulla
1905 3463 2200 3524 creatura
2255 3479 2440 3546 pura,
2487 3460 2710 3546 potuit
2775 3461 2970 3526 satis-

862 3561 1071 3628 facere
1122 3584 1242 3649 pro
1286 3567 1549 3648 peccato
1582 3585 1600 3643 3
1646 3562 1760 3626 sed
1807 3561 2102 3647 oportuit
2155 3560 2367 3628 filium
2413 3561 2558 3644 Dei,
2620 3563 2804 3649 cujus
2865 3566 2968 3630 est

868 3666 1135 3730 infinita
1179 3665 1495 3752 potentia,
1542 3687 1690 3729 cum
1751 3664 1843 3728 sit
1888 3664 2086 3740 Deus,
2133 3663 2503 3730 satisfacere
2565 3663 2709 3732 Deo
2775 3664 2965 3752 patri.

534 3767 839 3838 corrupting
864 3768 1063 3834 Unde
1139 3791 1287 3832 cum
1364 3767 1587 3832 anima
1644 3767 1889 3832 habeat
1947 3772 2079 3830 tres
2137 3771 2376 3852 partes,
2435 3789 2554 3834 seu
2609 3767 2798 3848 vires,
2849 3790 2968 3834 seu

528 3837 615 3887 the
636 3839 777 3888 three

526 3903 753 3955 faculties
774 3905 835 3957 of
862 3869 1211 3956 potentias,
1257 3873 1339 3934 ut
1392 3867 1818 3954 philosophus
1878 3866 2188 3953 loquitur,
2235 3867 2482 3934 scilicet
2546 3891 2748 3936 unam
2815 3892 2968 3936 con.

528 3970 613 4020 the
636 3972 781 4022 δοιὼ
864 3971 1329 4036 siderationem
1440 3970 1743 4036 veritatis
1857 3992 2006 4056 quae
2109 3975 2386 4038 vocatur
2479 3973 2670 4054 ratio,
2768 3973 2967 4038 afim

528 4047 722 4098 reason,

524 4103 645 4164 vm,
663 4105 827 4157 desire
864 4097 1011 4160 quae
1088 4073 1415 4140 desiderat
1478 4078 1546 4139 et
1610 4077 1794 4138 amat
1859 4073 2230 4154 veritatem,
2297 4096 2447 4160 quae
2511 4079 2787 4141 vocatur
2847 4097 2964 4140 vo-

526 4169 730 4231 (irasci-

530 4233 684 4302 aaa).

861 4179 1101 4258 luntas,
1155 4181 1225 4242 et
1281 4175 1550 4243 tertiam
1610 4197 1757 4263 quae
1821 4181 2130 4264 operatur
2191 4179 2548 4243 secundum
2591 4178 2738 4244 vias
2795 4179 2966 4244 veri-

860 4280 1022 4346 tatis
1097 4301 1243 4365 quae
1319 4279 1563 4344 dicitur
1635 4278 1999 4358 irascibilis,
2076 4278 2233 4346 licet
2317 4279 2490 4345 male
2585 4280 2964 4348 nominetur

859 4388 1182 4472 quantum
1250 4381 1337 4448 ad
1378 4381 1747 4447 naturalem
1795 4385 2046 4447 statum
2088 4379 2267 4448 illius
2310 4383 2645 4469 potentiae,
2691 4385 2808 4450 sed
2849 4404 2966 4470 op-

858 4489 1021 4554 time
1065 4491 1393 4574 quantum
1436 4485 1523 4550 ad
1570 4488 1821 4550 statum
1883 4484 2361 4570 corruptionis3
2437 4485 2598 4572 quia
2655 4487 2762 4553 ira
2815 4487 2965 4572 plus

863 4591 1011 4657 aliis
1098 4590 1285 4657 vitiis
1360 4587 1521 4654 facit
1595 4587 1930 4653 hominem
2007 4587 2272 4668 deviare
2343 4610 2388 4654 a
2458 4593 2639 4656 recta
2705 4590 2966 4656 ratione

862 4693 1175 4781 operandi
1204 4717 1221 4774 3
1308 4692 1415 4758 hae
1461 4691 1733 4776 inquam
1777 4695 1914 4757 tres
1945 4691 2264 4779 potentiae
2307 4689 2552 4760 animae
2594 4713 2713 4780 per
2757 4693 2966 4779 quod·

858 4797 1025 4863 libet
1114 4798 1455 4883 peccatum
1530 4793 1806 4862 mortale
1881 4797 2403 4882 corrumpuntur.
2531 4795 2713 4861 Nam
2792 4796 2964 4863 ratio
