3517 5750
544 3492 655 3548 The
676 3497 830 3549 valae

540 3564 603 3615 of
615 3564 833 3616 chrono-

544 3631 681 3696 logy.

874 852 1006 917 204
1616 866 1876 917 noomu
1921 866 2212 919 memus
2803 854 2970 942 [cAP.

874 1038 1249 1125 exemplum
1280 1040 1363 1105 de
1396 1038 1519 1105 hoc
1554 1038 1657 1105 in¹
1688 1040 1735 1105 J
1738 1040 2002 1123 ordane,
2035 1040 2406 1121 Hiericho‚²
2435 1046 2503 1108 et
2535 1041 2969 1121 Hierusalem,

874 1146 944 1206 et
991 1141 1073 1207 de
1122 1141 1239 1206 via
1288 1142 1467 1208 inter
1518 1143 1675 1224 haec,
1728 1144 2056 1230 quomodo
2115 1166 2341 1211 sensus
2393 1144 2770 1231 spirituales
2827 1167 2974 1233 pos·

872 1248 1031 1307 sunt
1074 1243 1341 1330 pulchre
1385 1244 1547 1323 elici,
1594 1246 1867 1333 cognita
1909 1246 2336 1315 distinctione
2388 1248 2674 1314 locorum
2721 1247 2978 1313 mundi.

874 1344 1067 1410 Nihil
1114 1345 1291 1411 enim
1340 1347 1553 1435 magis
1598 1349 2036 1415 necessarium
2099 1354 2201 1415 est
2259 1348 2412 1415 sciri
2471 1356 2737 1437 propter
2781 1349 2975 1415 intel-

872 1447 1120 1513 lectum
1196 1448 1572 1537 Scripturae.
1694 1450 1874 1515 Nam
1949 1452 2090 1517 loca
2162 1451 2396 1517 mundi
2471 1452 2763 1539 dispersa
2821 1456 2980 1517 sunt

872 1549 1119 1638 ubique
1154 1550 1227 1616 in
1267 1552 1629 1619 visceribus
1670 1552 2048 1640 Scripturae,
2079 1559 2221 1619 tam
2269 1554 2448 1621 Novi
2489 1576 2686 1641 quam
2717 1554 2976 1621 Veteris

873 1651 1325 1719 Testamenffl
1401 1654 1491 1721 Et
1528 1654 1735 1720 etiam
1776 1676 1880 1721 res
1919 1655 2152 1722 locatae
2191 1678 2328 1721 non
2367 1662 2642 1743 possunt
2679 1656 2978 1744 cognosci

872 1754 1004 1820 nisi
1063 1776 1180 1842 per
1238 1755 1419 1835 loca3
1477 1757 1633 1843 quia
1684 1758 2166 1843 complexiones
2227 1778 2450 1824 earum
2499 1758 2810 1825 accidunt
2860 1780 2977 1845 per

872 1858 1353 1944 complexiones
1402 1858 1705 1925 locorum.
1799 1860 1892 1925 Et
1945 1860 2090 1926 ideo
2139 1860 2384 1947 pluries
2429 1865 2499 1926 et'
2542 1861 2692 1947 plus
2743 1860 2974 1947 scripsi

874 1960 958 2025 de
1031 1960 1135 2025 his
1201 1960 1356 2027 locis
1414 1961 1487 2025 in
1548 1960 1788 2048 Majori
1849 1962 2078 2048 Opere,
2143 1983 2342 2048 quam
2403 1962 2488 2029 de
2561 1963 2710 2028 aliis
2767 1962 2976 2027 rebus.

877 2062 1055 2129 Nam
1114 2062 1297 2150 prius
1350 2062 1537 2151 posui
1590 2062 1842 2129 radices
1893 2064 1976 2129 de
2027 2064 2587 2151 complexionibus
2645 2066 2978 2145 locorum;

874 2186 1052 2231 nunc
1092 2171 1318 2231 autem
1362 2165 1618 2252 aliquos
1661 2186 1898 2246 ramos,
1941 2164 2210 2246 fructus,
2257 2172 2329 2233 et
2371 2167 2580 2233 flores.

965 2267 1099 2333 Sed
1146 2274 1375 2355 postea
1434 2268 1508 2332 in
1566 2268 2058 2356 comparatione
2117 2269 2602 2335 mathematicae
2661 2268 2750 2333 ad
2809 2290 2976 2335 rem—

874 2370 1203 2456 publicam
1250 2368 1509 2457 digero⁴
1550 2375 1767 2436 totam
1821 2369 2211 2438 divisionem
2255 2372 2544 2438 locorum
2596 2371 2834 2436 mundi
2877 2392 2975 2437 se-

874 2472 1160 2537 cundum
1218 2472 1730 2554 astronomiam3
1797 2477 1868 2539 et
1925 2474 2164 2539 deinde
2223 2473 2582 2540 secundum
2641 2474 2978 2539 naturales

874 2573 1309 2661 philosophos,
1354 2580 1423 2641 et
1466 2575 1827 2641 secundum
1873 2580 2148 2657 sanctos,
2195 2582 2265 2643 et
2307 2576 2666 2642 secundum
2709 2598 2820 2642 eos
2865 2575 2980 2662 qui

874 2676 1086 2742 nostri
1132 2678 1449 2764 temporis
1499 2678 1755 2764 experti
1812 2684 1970 2745 sunt
2036 2678 2180 2745 loca
2229 2680 2483 2760 mundi,
2535 2684 2604 2745 et
2667 2698 2786 2765 per
2851 2677 2980 2743 iter

875 2783 945 2844 et
1002 2779 1363 2866 navigium.
1487 2779 1578 2845 Et
1621 2780 1744 2847 hoc
1791 2786 1894 2847 est
1937 2780 2124 2867 quasi
2184 2780 2546 2847 maximum
2591 2780 2767 2867 quod
2835 2778 2981 2845 fieri

875 2885 1111 2968 potest,
1161 2887 1241 2947 ut
1288 2883 1381 2948 sic
1438 2883 1635 2948 homo
1682 2882 1931 2950 habeat
1975 2887 2196 2950 totum
2245 2885 2568 2950 mundum
2625 2884 2696 2948 in
2746 2883 2980 2970 imagi-

876 2983 1147 3050 natione
1187 2989 1387 3063 certa‚
1418 2989 1487 3050 et
1526 3005 1753 3052 omnes
1795 2984 2216 3052 diversitates
2254 2986 2614 3065 hominum,
2647 2991 2716 3052 et
2755 2989 2981 3063 sectas,

878 3089 948 3150 et
992 3085 1162 3152 ritus
1192 3111 1207 3166 ;
1254 3091 1324 3152 et
1368 3086 1689 3174 depingat
1731 3091 1892 3153 ante
1943 3088 2166 3154 oculos
2211 3110 2362 3154 suos
2415 3088 2675 3175 quando
2719 3087 2870 3153 vult
2915 3092 2986 3152 et

879 3187 1119 3274 quibus
1164 3188 1315 3254 vult
1360 3189 1483 3254 hoc
1528 3209 1871 3278 exponere.
1937 3189 2028 3257 Et
2073 3191 2220 3256 ideo
2267 3211 2520 3257 summe
2555 3189 2850 3257 notanda
2885 3195 2987 3255 est

880 3291 1315 3359 consideratio
1366 3289 1603 3358 horum
1656 3291 1963 3372 locorum,
2017 3298 2289 3381 propter
2331 3292 2672 3380 sapientiae
2731 3293 2984 3380 magni-

880 3395 1196 3461 tudinem.

972 3498 1201 3564 Tertia
1243 3496 1439 3565 radix
1484 3503 1587 3564 est
1629 3518 1829 3586 penes
1875 3501 2209 3584 tempora:
2273 3519 2430 3564 nam
2481 3497 2663 3564 nulla
2713 3497 2988 3564 scientia,

884 3605 1106 3687 potest
1149 3605 1449 3688 tempora
1511 3601 1870 3666 certificare
1928 3599 2059 3666 nisi
2103 3600 2279 3682 ista3
2349 3622 2470 3666 nec
2531 3599 2756 3686 aliqua
2771 3598 2800 3637 ⁶
2861 3601 2991 3666 alia

880 3724 949 3768 se
1012 3703 1095 3768 de
1162 3702 1284 3767 hoc
1350 3701 1758 3768 intromittit.
1860 3701 1951 3768 Et
2011 3702 2106 3768 ibi
2179 3707 2336 3768 sunt
2401 3702 2632 3769 multae
2697 3703 2987 3769 conside-

880 3804 1173 3870 rationes
1218 3803 1415 3870 utiles
1468 3808 1539 3869 et
1582 3823 1858 3890 magnae.
1950 3803 2128 3870 Nam
2187 3805 2482 3870 maxima
2542 3804 2718 3870 inter
2764 3826 2990 3870 omnes

881 3904 1437 3970 considerationes
1486 3903 1850 3991 Scripturae
1897 3905 2112 3972 Sacrae
2132 3905 2158 3942 ⁶
2199 3911 2299 3972 est
2345 3906 2426 3972 de
2457 3929 2654 3972 cursu
2698 3905 2990 3973 historiae
3039 3963 3054 3976 .

889 4030 932 4072 a
994 4007 1318 4094 principio
1392 4007 1624 4073 mundi
1698 4029 1906 4094 usque
1981 4009 2066 4075 ad
2143 4008 2500 4088 Christum,
2577 4031 2696 4096 per
2769 4031 2994 4076 omnes

885 4114 1118 4178 aetates
1162 4115 1233 4175 et
1275 4111 1531 4176 saecula.
1620 4109 1793 4176 Tota
1835 4129 1990 4178 vero
2037 4109 2380 4198 Scriptura
2410 4111 2619 4177 Vetus
2663 4113 2748 4178 ad
2778 4111 2994 4198 ipsum

878 4210 1239 4291 ordinatur,
1273 4218 1343 4278 et
1378 4219 1457 4278 ut
1502 4217 1764 4299 tempus
1795 4211 1934 4300 ejus
1979 4213 2320 4291 habeatur,
2367 4235 2488 4281 nec
2529 4218 2688 4280 ante
2732 4219 2992 4300 tempus

948 4532 963 4568 ¹
998 4531 1057 4588 de
1078 4535 1165 4587 Ιιοσ
1191 4534 1269 4602 in]
1309 4529 1361 4584 in
1382 4530 1481 4585 hoc
1503 4531 1582 4595 de,
1617 4528 1681 4582 Τ.
2049 4535 2068 4564 ⁴
2101 4533 2290 4603 digero]
2327 4533 2510 4600 dirigo,
2544 4531 2607 4584 Τ.

948 4617 968 4646 ¹
996 4615 1257 4682 Hiericho]
1295 4613 1485 4677 Ἱρτίου,
1520 4610 1582 4663 Τ.
1604 4611 1666 4661 B.
2047 4617 2069 4645 ⁸
2100 4613 2292 4680 aliqua]
2331 4629 2430 4666 om.
2454 4613 2516 4666 Τ.

878 4774 927 4826 Τ
944 4697 964 4729 ³
996 4695 1133 4748 Nam
1166 4729 1380 4748 .....
1422 4687 1743 4757 Testamenti]
1781 4702 1879 4740 om.
1981 4695 2378 4838 tuggssspm
2395 4691 2596 4760 δαῖτα]
2624 4691 2794 4747 Sacro
2819 4689 2990 4757 Scrip⁴
