3517 5750
896 844 1027 907 404
1652 852 1910 903 nom-:m
1953 850 2246 903 meoms
2837 836 3014 924 [cir.

895 1054 1101 1109 orum,
1146 1052 1261 1095 seu
1324 1050 1439 1115 per
1482 1028 1792 1093 Tartaros
1855 1032 1926 1094 et
1969 1026 2342 1105 Saracenos,
2393 1030 2462 1093 et
2505 1030 2774 1093 caeteros
2821 1048 3011 1115 reges

898 1132 1205 1214 Orientis,
1252 1132 1609 1197 secundum
1661 1130 1840 1216 quod
1883 1128 2160 1196 diversae
2219 1128 2579 1217 Scripturae
2635 1135 2895 1209 sonant,
2938 1137 3012 1196 et

895 1235 1099 1301 variae
1146 1234 1525 1321 prophetiae.
1620 1232 1776 1299 Non
1821 1230 1996 1297 enim
2047 1238 2150 1297 est
2191 1231 2522 1297 dubitatio
2565 1231 2787 1319 aliqua
2829 1232 3008 1319 apud

898 1338 1246 1425 sapienteS,
1276 1336 1437 1421 quin
1482 1334 1829 1423 purganda
1871 1332 1964 1399 sit
2007 1332 2140 1399 cito
2185 1334 2490 1413 ecclesia3
2535 1332 2652 1399 sed
2679 1354 2766 1399 an
2795 1334 3010 1421 primo

900 1440 1111 1518 modo,
1141 1460 1231 1505 an
1272 1438 1556 1504 secundo
1601 1438 1711 1503 vel
1759 1436 1980 1513 tertio,
2013 1434 2350 1523 opiniones
2393 1435 2597 1503 variae
2639 1440 2844 1515 sunt3
2889 1458 3012 1503 nec

898 1548 1001 1607 est
1068 1562 1535 1627 usquequaque
1608 1538 2166 1605 certitudinaliter
2225 1536 2599 1605 diffinitum.
2737 1538 2840 1605 De
2905 1539 3012 1605 his

900 1667 1058 1712 vero
1124 1666 1367 1731 mag-na
1427 1649 1529 1709 est
1586 1640 2040 1721 consideratiO,
2093 1646 2172 1709 ut
2233 1641 2582 1707 sententiis
2629 1641 2836 1707 variis
2895 1641 3010 1707 de-

904 1748 1119 1814 ductis
1163 1746 1471 1812 videatur
1532 1745 1693 1832 quid
1737 1764 1970 1811 verum
2021 1744 2128 1824 sit,
2175 1750 2293 1810 aut
2337 1743 2572 1811 saltem
2625 1745 2802 1830 quod
2841 1744 3014 1809 veri-

904 1851 1186 1917 similius
1252 1849 1579 1915 videatur.
1672 1846 1808 1913 Sed
1869 1866 2006 1911 non
2065 1851 2168 1912 est
2227 1846 2316 1913 ad
2375 1867 2661 1933 praeseus
2725 1846 3012 1912 intentio

908 1954 987 2018 de
1056 1953 1175 2032 his,
1222 1950 1337 2017 sed
1382 1950 1463 2015 de
1509 1955 1794 2036 quatuor
1835 1949 2188 2036 propositis
2245 1970 2290 2013 a
2344 1948 2682 2035 principio,
2731 1954 2801 2014 et
2843 1970 3014 2035 prue-

906 2055 1092 2141 cipue
1140 2054 1221 2119 de
1252 2052 1738 2141 impedimentis
1782 2052 2138 2137 sapientise,
2171 2072 2316 2137 quae
2355 2072 2496 2117 non
2537 2050 2748 2117 solum
2793 2074 3012 2117 neces-

907 2159 1083 2223 saria
1150 2161 1310 2222 sunt
1383 2162 1649 2243 propter
1729 2154 1848 2219 illa
1911 2176 2059 2240 quae
2125 2154 2487 2233 introduxi,
2561 2154 2676 2219 sed
2745 2160 3014 2241 propter

906 2260 1488 2326 considerationem
1532 2256 1898 2324 faciendam
1941 2256 2024 2323 de
2067 2255 2372 2343 periculis
2416 2254 2814 2325 adventuris.

1809 2568 1969 2636 Cu.
2017 2566 2111 2636 ΙΙ.

576 2770 887 2836 Athorough
1002 2766 1343 2845 QUONIAM
1394 2783 1549 2851 ergo
1594 2763 1818 2828 omnia
1861 2763 2200 2850 perierunt
2229 2767 2496 2849 propter
2544 2762 3016 2850 impedimenta

578 2840 835 2890 examina·

578 2907 683 2956 tion
706 2907 767 2956 of
780 2906 865 2956 the

578 2973 789 3036 impedi.

578 3047 743 3088 ments
762 3039 823 3090 of

914 2867 1273 2954 sapientiae,
1330 2866 1479 2932 ideo
1540 2865 1998 2954 dignissimum
2073 2866 2240 2932 duco
2301 2872 2370 2932 et
2427 2867 3015 2934 necessarissimum

912 2973 1054 3037 haec
1098 2971 1415 3036 radicitus
1466 2971 1882 3051 considerari,
1925 2993 2010 3036 ne
2063 2976 2432 3058 quoerentes
2483 2972 2722 3038 solatia
2773 2976 3018 3037 nostrae

578 3106 873 3170 knowledge
912 3075 1307 3162 ignorantiae
1352 3073 1677 3140 erroribus
1720 3074 2058 3161 privemur
2117 3097 2158 3140 a
2209 3075 2498 3160 quinque
2549 3075 2859 3162 gradibus
2915 3097 3018 3140 sa-

579 3171 623 3222 is
644 3172 885 3236 required.
912 3179 1186 3265 pientiae
1262 3176 1611 3262 praedictis‚
1680 3181 1749 3242 et
1825 3177 2130 3264 periculis
2205 3177 2510 3242 omnibus
2585 3177 3014 3246 involvamur.

579 4209 705 4260 Part
724 4213 868 4258 natu-

582 4277 673 4335 ral,
694 4283 809 4340 part

580 4343 828 4407 acquired.

914 3285 1187 3350 Certum
1250 3282 1427 3349 enim
1480 3287 1583 3348 est
1642 3282 2207 3349 considerantibus
2267 3283 2444 3368 quod
2487 3305 2668 3348 error
2717 3283 3020 3348 infinitus

910 3391 1165 3474 regnat,
1210 3386 1309 3451 ita
1354 3391 1581 3451 tamen
1626 3385 1803 3470 quod
1847 3385 2114 3452 infinita
2171 3385 2262 3452 sit
2319 3385 2707 3472 apparentia.
2763 3385 3016 3470 sapien-

910 3491 1041 3568 tiae,
1090 3495 1169 3555 ut
1212 3489 1488 3574 nequius
1544 3489 1782 3552 lateret
1825 3509 2154 3554 venenum
2215 3487 2464 3554 erroris.
2559 3486 2650 3552 Et
2711 3487 2858 3552 ideo
2903 3487 3018 3552 ho—

912 3593 1121 3658 mines
1174 3593 1412 3658 nolunt
1454 3591 1683 3656 audire
1736 3591 2066 3655 contraria
2109 3589 2249 3655 suis
2293 3589 2858 3670 aestimationibus,
2903 3591 3020 3654 sed

912 3700 1225 3781 reputant
1269 3693 1686 3772 dementiam,
1728 3691 1788 3756 si
1831 3691 2069 3777 aliquis
2115 3691 2344 3758 obviet
2389 3693 2715 3758 erroribus
2759 3713 3024 3758 consue-

914 3797 1047 3874 tis;
1125 3801 1193 3864 et
1258 3817 1376 3880 per
1438 3794 1578 3860 haec
1642 3794 2018 3860 excluditur
2079 3796 2326 3860 veritas
2391 3801 2460 3860 et
2533 3795 3024 3881 magnificentia

914 3897 1272 3982 sapienffioe,
1328 3900 1398 3960 et
1438 3895 1885 3962 contemnitur
1943 3897 2157 3962 omnis
2217 3897 2358 3982 ejus
2403 3896 2670 3962 utilitas.
2765 3897 2858 3962 Et
2899 3896 3022 3961 hoc

914 3996 995 4062 fit
1022 4002 1290 4083 propter
1319 3997 1977 4068 inconsiderationem
2017 3999 2634 4088 impedimentorum
2677 3998 3022 4085 sapientiae

914 4099 1019 4164 his
1064 4098 1313 4164 diebus.

1008 4199 1329 4282 Quaedam
1373 4222 1531 4267 vero
1574 4201 2048 4289 impedimenta
2106 4207 2264 4270 sunt
2321 4203 2672 4285 natumna,
2722 4204 3021 4290 quaedam

916 4303 1275 4386 contracta,
1318 4307 1389 4369 et
1435 4305 1739 4390 quaedam
1784 4306 2200 4388 inundantia,
2229 4311 2300 4373 et
2351 4307 2740 4372 violentiam
2785 4305 3023 4370 facien-

916 4408 1013 4474 tia
1055 4409 1346 4473 humano
1389 4407 1653 4494 generi3
1696 4412 1768 4474 et
1811 4407 1960 4474 ideo
2003 4408 2276 4474 solerter
2319 4415 2479 4475 sunt
2521 4409 2746 4476 omnia
2789 4408 3024 4474 distin-

914 4510 1194 4597 guenda
1286 4509 1521 4576 Omnis
1580 4510 1848 4597 quidem
1910 4509 2105 4576 homo
2173 4511 2300 4576 scit
2365 4533 2482 4598 per
2547 4510 3022 4597 experientiam

914 4613 987 4676 in
1032 4633 1101 4678 se
1146 4617 1215 4680 et
1264 4611 1337 4676 in
1381 4612 1545 4691 aliis,
1610 4611 1766 4678 licet
1825 4613 2190 4679 dissimulet
2245 4613 2542 4680 caecitate
2601 4613 2908 4692 mirabili,
2953 4619 3026 4678 et

916 4714 1229 4802 negligat,
1296 4711 1472 4800 quod
1534 4715 1729 4782 homo
1804 4720 1987 4782 totus
2061 4721 2164 4782 est
2236 4716 2434 4803 plena
2504 4717 2882 4805 ignorantia
2953 4721 3024 4786 ct
