3517 5750
1367 896 1541 948 oros
1582 898 1819 949 mnus.
2513 884 2644 948 355

542 1066 819 1133 Ethieus
884 1073 1301 1134 astronomus
1360 1069 1433 1133 in
1506 1068 1675 1134 libro
1754 1088 1874 1133 suo
1950 1068 2066 1153 qui
2130 1066 2648 1153 Oosmographia

540 1175 832 1251 vocatur,
909 1191 1109 1256 quam
1183 1170 1549 1257 composuit
1634 1170 1898 1251 Graecis,
1979 1174 2048 1235 et
2138 1169 2500 1249 Hebraicis,
2579 1174 2648 1233 et

542 1272 801 1337 Latinis
872 1272 1100 1352 literis,
1184 1278 1255 1338 et
1328 1272 1814 1337 characteribus
1885 1270 2168 1358 propriis
2241 1270 2647 1337 intermixtis

542 1374 988 1460 [composuit],
1041 1374 1183 1461 ipse
1244 1374 1587 1461 vituperat
1660 1372 1988 1440 Abraohis
2054 1378 2504 1439 astronomum
2577 1376 2648 1437 et

543 1480 829 1554 caeteros,
920 1477 1039 1561 qui
1127 1497 1265 1541 non
1369 1482 1527 1542 sunt
1631 1477 2026 1563 perscrutati
2129 1476 2393 1562 plagam
2499 1474 2649 1541 coeli

542 1576 1008 1663 aquilonarem,
1058 1579 1174 1644 sed
1232 1583 1499 1644 tantum
1562 1578 2053 1644 meridionalem
2095 1576 2170 1643 in
2213 1600 2346 1663 qua
2387 1577 2650 1642 habita-

544 1679 725 1745 bant.
816 1680 909 1745 Et
954 1679 1425 1767 HieronymuS,
1473 1679 1727 1767 peritus
1769 1681 1844 1745 in
1886 1680 2148 1768 linguis,
2189 1680 2535 1745 transtulit
2575 1679 2650 1745 in

389 1802 400 1805 ·
542 1781 715 1846 libro
757 1782 872 1847 illo
922 1804 1071 1867 quae
1113 1782 1517 1849 videbantur
1560 1784 1623 1848 ei
1665 1783 2046 1860 necessaria,
2091 1786 2162 1848 et
2207 1782 2370 1849 dicit
2411 1783 2485 1847 in
2528 1802 2650 1847 sua

546 1882 995 1965 translatione,
1088 1886 1265 1971 quod
1339 1885 1503 1951 alias
1575 1885 1821 1950 fecerat
1891 1884 2296 1950 mentionem
2371 1884 2454 1949 de
2527 1883 2651 1947 hac

546 2006 773 2049 mensa
814 1986 969 2052 solis
1012 1988 1084 2050 in
1130 1986 1460 2073 Epistolis.
1578 1986 1998 2072 Quapropter
2058 1986 2198 2071 ejus
2256 1984 2652 2052 auctoritate

547 2086 805 2152 suffulti
865 2094 1145 2174 possunt
1187 2108 1473 2155 asserere
1522 2089 1701 2174 quod
1763 2108 1991 2153 mensa
2034 2088 2206 2168 solis,
2251 2088 2336 2177 de
2378 2107 2514 2172 qua
2555 2086 2650 2151 lo-

548 2189 776 2272 quitur
819 2188 1271 2276 Hieronymus
1313 2191 1389 2255 in
1432 2190 1713 2277 Prologo
1761 2190 2014 2268 Bibliae,
2061 2196 2163 2255 est
2211 2189 2328 2253 illa
2391 2188 2474 2253 de
2518 2206 2652 2274 qua

548 2288 825 2356 Ethicus
874 2292 1237 2377 astrologus
1290 2296 1360 2357 et
1405 2290 1545 2378 ipse
1590 2289 2044 2377 Hieronymus
2089 2290 2163 2355 in
2217 2290 2651 2355 translatione

545 2391 699 2455 libri
764 2392 943 2458 illius
1016 2392 1386 2480 philosophi
1460 2394 1715 2459 faciunt
1789 2392 2208 2459 mentionem.
2317 2390 2450 2458 Sed
2515 2412 2652 2456 non

544 2494 769 2578 potuit
810 2494 951 2559 hoec
994 2514 1161 2574 esse,
1192 2496 1347 2581 quia
1390 2494 1509 2559 illa
1550 2516 1780 2561 mensa
1822 2516 2023 2559 aurea
2063 2494 2198 2559 fuit
2241 2494 2316 2557 in
2357 2497 2650 2579 tempore

547 2594 815 2681 Septem
862 2594 1270 2682 Sapientum‚
1314 2601 1397 2661 ut
1440 2597 1712 2683 planum
1767 2601 1888 2661 est.
1978 2596 2113 2662 vSed
2156 2594 2396 2681 Apollo
2439 2594 2650 2681 philo-

482 2698 493 2709 '
545 2696 805 2782 sophus,
836 2697 921 2761 de
964 2718 1095 2785 quo
1138 2698 1587 2783 Hieronymus
1628 2696 1928 2783 loquitur
1967 2698 2041 2762 in
2086 2696 2364 2783 Prologo
2405 2716 2650 2761 memo-

548 2803 713 2878 rato,
760 2818 898 2863 non
940 2798 1077 2865 fuit
1119 2799 1251 2864 illis
1293 2800 1721 2888 temporibus,
1778 2800 1936 2886 quia
1977 2798 2079 2863 illi
2142 2798 2263 2863 soli
2309 2798 2652 2884 Sapientes

550 2899 816 2986 Septem
861 2899 1135 2967 fuerunt
1194 2907 1357 2988 tunc
1418 2903 1774 2968 secundum
1821 2902 2273 3018 Augustinum
2331 2901 2502 2965 libro
2547 2901 2653 2965 De

550 3001 843 3068 Civitate
874 3003 1045 3084 Dei,¹
1073 3009 1155 3069 ut
1182 3009 1371 3090 patet
1414 3004 1701 3070 secunda
1740 3009 1930 3090 parte
1975 3003 2188 3090 operis
2231 3003 2410 3088 quod
2436 3007 2651 3068 trans-

550 3105 765 3183 mitt0,
813 3105 929 3170 ubi
973 3111 1130 3171 texo
1181 3109 1483 3192 tempora
1526 3107 1934 3193 singulorum
1978 3107 2351 3192 sapientum
2395 3107 2468 3170 in
2512 3105 2655 3192 phi-

548 3205 843 3293 losophia
886 3227 928 3271 a
970 3208 1288 3293 principio
1332 3209 1580 3273 mundi.
1672 3208 1748 3274 Si
1785 3207 1987 3274 etiam
2014 3208 2124 3272 ille
2153 3207 2392 3292 Apollo
2420 3207 2652 3272 fixisset

546 3313 841 3395 tempore
900 3307 1169 3393 Septem
1230 3307 1639 3394 Sapientum‚
1683 3309 1917 3374 fuisset
1959 3329 2078 3394 pro
2122 3314 2299 3373 certo
2359 3311 2648 3380 octavus.

549 3408 727 3474 Nam
771 3411 965 3496 longe
1006 3409 1140 3474 fuit
1182 3411 1542 3496 sapientior
1585 3410 1892 3475 omnibus
1933 3410 2079 3486 illis,
2112 3415 2192 3474 ut
2230 3408 2416 3474 facile
2457 3413 2646 3494 patet

544 3532 663 3597 per
711 3511 879 3575 illud
926 3531 1137 3576 canon
1190 3517 1259 3576 et
1311 3531 1395 3576 ex
1447 3512 1725 3598 epistola
1779 3511 2189 3595 Hieronymi.
2282 3509 2352 3574 N
2353 3531 2462 3574 am
2507 3507 2646 3594 Au}

546 3611 853 3699 gustinus
898 3613 1087 3678 docet
1130 3613 1385 3699 pondus
1429 3613 1691 3677 illorum
1729 3611 1998 3698 Septem
2029 3611 2434 3698 Sapientum‚
2469 3611 2642 3697 quod

544 3735 681 3779 non
724 3719 895 3780 esset
936 3735 1253 3800 magnum
1296 3720 1593 3801 respectu
1644 3714 2060 3800 sequentium
2111 3713 2644 3801 philosophorum

544 3839 663 3882 nec
704 3817 1264 3902 praecedentium,
1249 3842 1261 3856 ·
1309 3817 1613 3903 quamvis
1654 3823 1952 3904 respectu
1995 3817 2172 3882 illius
2215 3816 2530 3903 temporis
2571 3817 2646 3880 in

547 3939 677 4004 quo
720 3919 1045 4005 sapientia
1086 3917 1220 3983 fuit
1264 3921 1481 4005 sopita
1524 3919 1913 3985 dicebantur
1956 3920 2298 4005 sapientes.

636 4019 865 4086 Potest
906 4021 1110 4085 etiam
1161 4020 1389 4086 inferri
1457 4022 1832 4107 exemplum
1877 4021 1961 4086 de
2007 4022 2190 4086 Ezec.
2237 4021 2423 4085 xxiii.
2475 4021 2640 4108 [41]‚
2667 4023 2798 4088 Igno
2797 4039 2888 4075 1111
2853 4039 2947 4076 nce

546 4123 628 4186 de
678 4122 949 4188 muliere
1010 4143 1159 4208 quae
1219 4123 1390 4188 sedit
1433 4124 1506 4187 in
1557 4125 1727 4188 lecto
1777 4130 1846 4189 et
1901 4143 2130 4188 mensa
2175 4129 2275 4188 est
2323 4125 2641 4189 ordinata.
2667 4091 2750 4208 ofo
2741 4093 2930 4222 ΠΜ

545 4221 740 4289 Istud
806 4227 1163 4311 exponitur
1228 4226 1312 4290 de
1370 4224 1816 4305 fornicatione,
1865 4230 1944 4290 ut
1986 4226 2310 4312 glossator
2351 4225 2530 4304 dicit,
2577 4231 2648 4291 et

545 4325 815 4391 adducit
858 4348 1123 4392 versum
1170 4327 1397 4392 Ovidii
1442 4327 1755 4392 dicentis:

726 4475 763 4505 “
782 4469 875 4535 Et
918 4471 1077 4556 quia
1118 4471 1299 4536 nuda
1340 4470 1453 4548 fui,
1500 4493 1647 4536 sum
1688 4490 1916 4534 mensa
1959 4469 2248 4555 paratior
2291 4467 2448 4534 illi.'’

1197 4749 1211 4780 ¹
1237 4747 1321 4800 De
1344 4747 1553 4802 Ciuitate
1574 4745 1705 4814 Dea]
1744 4746 1888 4800 xviii.
1911 4751 1991 4798 25.

2247 4843 2290 4894 Ζ
2335 4831 2376 4894 2
