3517 5750
822 826 953 889 220
1598 838 1860 889 noenta
1904 836 2195 889 mcoms
2755 817 2930 910 [mr.

823 1025 1235 1111 scenopegiae,
1268 1026 1444 1111 quod
1472 1046 1607 1091 non
1645 1026 1804 1091 licet
1849 1025 2058 1093 faeere
2105 1026 2178 1090 in
2208 1024 2515 1093 Sabbata
2609 1025 2932 1091 Similiter

823 1148 941 1192 nec
962 1126 983 1163 ¹
1066 1128 1137 1191 in
1200 1128 1306 1193 die
1386 1128 1709 1205 Mercurii,
1785 1130 1945 1213 quia
2005 1134 2166 1193 tunc
2225 1128 2478 1195 decima
2553 1127 2694 1193 dies
2753 1128 2931 1193 illius

824 1230 1063 1293 mensis
1104 1233 1274 1294 esset
1312 1230 1384 1294 in
1424 1230 1533 1294 die
1566 1230 1855 1295 Veneria
1949 1230 2082 1296 Sed
2126 1231 2200 1295 in
2245 1231 2361 1295 illa
2413 1230 2519 1295 die
2567 1230 2734 1295 nihil
2781 1230 2935 1295 licet

825 1331 987 1407 fieri,
1040 1354 1194 1395 nam
1210 1328 1237 1365 ²
1284 1336 1386 1397 est
1444 1354 1565 1419 par
1614 1332 1951 1410 Sabbat03
2003 1338 2402 1420 quapropter
2455 1354 2593 1398 non
2645 1332 2934 1397 facerent

827 1434 1073 1498 cibaria
1118 1434 1191 1499 in
1228 1434 1347 1499 illa
1394 1434 1518 1515 die,
1550 1434 1665 1499 sed
1712 1439 2047 1521 oporteret
2098 1435 2172 1499 in
2225 1435 2334 1501 die
2364 1434 2412 1500 J
2413 1435 2557 1501 ovis
2603 1435 2721 1499 illa
2771 1436 2930 1513 fieri,

827 1537 1003 1622 quod
1048 1540 1219 1601 esset
1260 1558 1463 1623 grave
1507 1541 1772 1624 propter
1815 1538 2378 1624 putrefactionem,
2419 1543 2487 1603 et
2531 1538 2818 1603 maxime
2865 1538 2936 1601 in

827 1637 1039 1705 calida
1096 1640 1359 1725 regione
1418 1643 1490 1705 et
1549 1639 1623 1703 in
1674 1638 1886 1705 calido
1946 1645 2254 1728 tempore.
2348 1640 2543 1719 Item,
2593 1639 2650 1705 si
2699 1639 2936 1726 aliquis

828 1745 1000 1806 esset
1042 1746 1345 1806 mortuus
1389 1740 1461 1806 in
1516 1741 1621 1807 die
1680 1740 1731 1807 J
1733 1743 1895 1820 oviS,
1963 1760 2098 1807 non
2157 1743 2542 1830 sepeliretur
2591 1764 2799 1829 usque
2851 1742 2937 1807 ad

831 1843 1003 1909 diem
1038 1842 1467 1921 Dominicam,
1520 1843 1697 1930 quod
1729 1866 1864 1909 non
1893 1850 2065 1910 esset
2094 1846 2436 1911 tolerabile
2473 1846 2545 1909 in
2585 1850 2764 1911 terra
2803 1846 2935 1910 illa.

831 1944 897 2010 N
900 1968 973 2011 ec
1040 1952 1263 2033 potest
1353 1945 1461 2011 die
1524 1946 1802 2012 Veneris
1875 1968 2092 2013 annus
2165 1948 2472 2035 incipere,
2549 1948 2706 2035 quia
2779 1950 2940 2013 tunc

832 2048 1089 2114 decima
1118 2052 1290 2115 esset
1329 2047 1403 2113 in
1444 2048 1553 2115 die
1600 2048 1973 2128 Dominica,
2023 2056 2095 2115 et
2141 2050 2240 2117 ita
2287 2050 2666 2117 acciderent
2711 2050 2940 2116 incon-

832 2152 1173 2217 venientia
1216 2174 1393 2217 nunc
1440 2151 1666 2231 dicta3
1710 2153 1871 2239 quia
1913 2152 2092 2219 idem
2140 2158 2244 2220 est
2295 2154 2438 2220 sive
2491 2153 2750 2219 decima
2802 2153 2940 2219 dies

833 2260 1149 2341 sequatur
1210 2254 1600 2333 Sabbatum,
1684 2255 1830 2321 sive
1909 2257 2244 2344 praecedat
2324 2256 2728 2321 immediate.
2850 2256 2941 2319 Et

833 2357 985 2423 ideo
1029 2357 1111 2423 de
1158 2358 1551 2423 necessitate
1602 2357 1770 2445 legis
1819 2358 2070 2425 divinae
2125 2364 2391 2447 oportet
2437 2358 2618 2445 quod
2667 2357 2942 2424 Hebraei

834 2460 1157 2547 incipiant
1187 2483 1436 2527 annum
1484 2483 1677 2527 suum
1730 2462 1840 2527 die
1882 2461 2108 2543 Lunae,
2143 2468 2212 2528 et
2263 2460 2372 2527 die
2422 2461 2677 2542 Martie,
2719 2467 2788 2526 et
2834 2460 2942 2526 die

884 2564 1042 2641 ovis,
1092 2570 1163 2629 et
1209 2563 1317 2629 die
1371 2562 1668 2643 Sabbati,
1720 2568 1792 2631 et
1837 2586 1972 2630 non
2023 2566 2235 2631 aliter.
2331 2565 2424 2631 Et
2474 2566 2632 2651 quia
2684 2566 2777 2630 sic
2823 2569 2940 2642 est,

861 2666 981 2732 deo
1040 2668 1255 2731 sancti
1314 2666 1707 2753 patriarchae
1767 2671 1838 2733 et
1912 2667 2251 2755 prophetae
2311 2673 2704 2756 posuerunt,
2733 2688 2939 2733 unum

837 2790 1083 2833 annum
1140 2790 1567 2848 communem,
1630 2768 1747 2855 qui
1805 2769 2012 2835 habet
2071 2776 2397 2837 trecentos
2435 2770 2943 2869 ‘quinquaginta

838 2875 1121 2957 quatuor
1151 2870 1307 2951 dice,
1352 2872 1522 2939 sieut
1570 2873 1934 2939 astronomi
1976 2895 2200 2940 omnes
2239 2872 2658 2940 considerant
2695 2895 2942 2938 annum

836 2975 1136 3039 lunarem
1162 2998 1179 3056 3
1224 2979 1295 3040 et
1324 2975 1526 3039 alium
1558 2997 1808 3042 annum
1838 2982 2201 3063 posuerunt
2229 2977 2649 3054 diminutum,
2700 2977 2946 3041 scilicet

840 3082 1279 3143 trecentorum
1311 3077 1795 3166 quinquaginta
1823 3079 2028 3145 trium
2062 3079 2316 3146 dierum
2341 3103 2358 3161 ;
2388 3085 2457 3146 et
2486 3080 2690 3145 alium
2721 3100 2944 3166 super-

839 3179 1061 3260 fluum,
1126 3181 1375 3246 scilicet
1433 3184 1879 3246 trecentorum
1933 3181 2418 3269 quinquaginta
2470 3183 2759 3268 quinque
2811 3181 2948 3246 die-

838 3281 1034 3363 rum‚³
1086 3289 1354 3371 propter
1382 3284 1506 3350 hoc
1550 3285 1728 3370 quod
1779 3305 1916 3349 non
1954 3289 2322 3371 potuerunt
2361 3285 2652 3373 incipere
2698 3306 2946 3350 annum

837 3393 1054 3458 tribus
1108 3391 1339 3458 diebus
1386 3391 1717 3479 praedictis
1752 3415 1770 3474 ;
1819 3395 1892 3458 et
1927 3397 2436 3479 composuerunt
2483 3389 2780 3457 tabulam
2812 3395 2945 3456 tre-

840 3497 1049 3562 decim
1080 3495 1431 3582 cyclorum,
1462 3494 1537 3560 in
1567 3517 1699 3582 qua
1742 3496 2110 3582 potuerunt
2153 3495 2380 3561 omnia
2425 3495 2746 3582 complere
2798 3515 2946 3580 quae

839 3601 1176 3685 pertinent
1222 3598 1307 3664 ad
1366 3598 1554 3676 festa,
1616 3601 1686 3662 et
1738 3618 1887 3684 quae
1947 3597 2035 3663 ad
2079 3599 2432 3665 veritatem
2476 3598 2947 3685 primationum

841 3702 1290 3788 requiruntur,
1350 3699 1710 3765 secundum
1773 3698 2358 3767 considerationem
2429 3700 2946 3767 astronomicam.

843 3805 933 3868 Et
981 3804 1053 3867 in
1104 3803 1229 3868 hac
1286 3801 1518 3868 tabula
1568 3806 1671 3866 est
1716 3801 1961 3867 mirum
2003 3804 2354 3870 artificium
2385 3805 2817 3882 astronomiae,
2877 3807 2951 3867 et

843 3928 1099 3971 summa
1142 3904 1307 3992 legis
1351 3904 1804 3992 intelligendae
1849 3905 2126 3987 utilitas,
2173 3911 2244 3971 et
2288 3908 2582 3973 omnium
2629 3907 2948 3972 festorum

841 4007 1173 4094 legalium,
1236 4027 1432 4092 quam
1497 4007 1611 4093 qui
1678 4007 1889 4072 nescit
1941 4030 2281 4095 nunquam
2343 4013 2562 4095 potest
2625 4009 2787 4073 scire
2846 4008 2946 4071 in-

842 4111 1184 4176 tellectum
1228 4107 1411 4196 legiS,
1458 4113 1538 4174 ut
1603 4113 1883 4195 oportet,
1953 4131 2074 4175 nec
2135 4132 2284 4176 cum
2342 4109 2390 4174 J
2393 4109 2597 4176 udaeis
2657 4109 2948 4175 conferre

844 4212 929 4278 de
1026 4210 1288 4290 talibus,
1366 4232 1487 4276 nec
1568 4211 1663 4276 eis
1738 4211 2128 4298 persuadere
2217 4211 2496 4277 utfliter.
2637 4211 2728 4276 Et
2802 4211 2949 4277 ideo

844 4320 1055 4382 totam
1122 4313 1313 4403 posui
1374 4312 1722 4380 Hebraicis
1790 4313 2003 4380 literis
2063 4315 2136 4379 in
2205 4314 2417 4402 Opere
2473 4313 2737 4402 Majori,
2799 4335 2950 4380 cum

850 4535 1893 4548 *wa—m*-

2281 4537 2584 4542 ———-———
2597 4537 2651 4542 .-
2666 4535 2942 4544 ’,Ἣ

922 4678 936 4711 ι
963 4679 1075 4745 m]
1112 4693 1194 4740 ne,
1216 4677 1279 4728 B.
1897 4683 1914 4818 Ι
2019 4676 2040 4706 ⁸
2059 4672 2268 4742 dierum]
2305 4691 2406 4727 om.
2431 4669 2493 4728 Τ.

920 4763 941 4793 ²
964 4757 1101 4825 nam]
1140 4757 1277 4823 quia,
1295 4755 1357 4808 T.
