3517 5750
570 1424 1291 1519 COMPENDIUM
1399 1424 1769 1518 STUDII
1869 1424 2672 1517 PHILOSOPHIAE.1

662 1865 1008 1949 QUA'I'UOR
1066 1871 1225 1933 sunt
1288 1866 1765 1934 consideranda
1831 1865 2002 1933 circa
2068 1864 2462 1955 sapientiam
2525 1886 2672 1952 quae
2700 1872 2882 1939 object
2901 1870 2977 1942 Οἳ.

572 1970 725 2037 volo
794 1970 882 2036 ad
948 1992 1235 2057 praesens
1288 1970 1361 2035 in
1424 1991 1683 2035 summa
1724 1972 1796 2035 et
1839 1968 1963 2035 sub
2028 1969 2414 2056 compendio
2486 1969 2673 2055 quasi
2699 1942 2934 2059 2¹25&

574 2072 1083 2139 introductionis
1126 2072 1323 2139 modo
1368 2076 1659 2159 tangere,
1708 2072 1916 2137 donec
1958 2073 2417 2160 opportunitas
2467 2072 2678 2159 major

572 2176 825 2241 accidat
868 2179 949 2241 ut
991 2173 1406 2262 explicentur
1448 2174 1711 2262 singula
1754 2174 1830 2239 in
1871 2174 2268 2261 particulari,
2303 2179 2372 2241 et
2411 2174 2484 2239 in
2527 2196 2680 2262 pro-

572 2278 719 2363 pria
764 2276 1131 2365 disciplina.

665 2378 961 2447 Primum
1006 2400 1165 2445 vero
1228 2376 1507 2445 istorum
1564 2377 1772 2444 trium
1833 2376 1908 2443 in
1969 2377 2198 2444 ordine
2259 2382 2362 2446 est
2403 2383 2484 2445 ut
2527 2398 2677 2445 con-

571 2478 949 2560 sideremus»,
999 2503 1147 2567 quae
1214 2480 1353 2545 sint
1428 2501 1641 2547 causae
1702 2484 1774 2545 et
1816 2480 2104 2547 rationes
2172 2486 2440 2569 propter
2514 2502 2680 2567 quas

575 2582 774 2649 debet
820 2582 1030 2649 omnis
1088 2582 1303 2661 home,
1350 2585 1422 2649 et
1464 2602 1721 2649 necesse
1767 2588 1866 2649 est
1910 2581 1989 2661 ei,
2035 2586 2116 2649 ut
2177 2604 2430 2671 semper
2488 2587 2681 2649 vacet

578 2684 945 2771 sapientise,
992 2684 1239 2750 scilicet
1282 2687 1403 2748 aut
1430 2683 1504 2749 in
1532 2682 1973 2771 speculatione
2017 2688 2136 2750 aut
2178 2684 2250 2751 in
2295 2684 2681 2751 executione

577 2790 649 2854 et
692 2808 819 2852 usu
862 2785 1021 2872 ejus,
1068 2808 1188 2873 pro
1232 2806 1303 2852 se
1346 2789 1417 2851 et
1460 2785 1607 2851 aliis
1650 2785 2028 2875 dirigendis,

670 2890 1051 2956 Secundum
1117 2910 1277 2955 vero
1350 2894 1469 2968 est,
1518 2893 1599 2954 ut
1660 2911 1962 2975 quaerens
2025 2889 2454 2977 Sapientiam,
2517 2890 2684 2957 sciat

577 2991 984 3058 considerem
1047 3013 1197 3077 quae
1264 2991 1402 3057 sint
1444 2992 1810 3058 necessaria
1869 2991 1957 3058 ad
2021 3013 2100 3058 ea
2159 3014 2306 3080 quae
2380 2998 2540 3058 sunt
2597 2994 2686 3059 de

578 3093 721 3181 ejus
788 3093 1192 3182 integritate,
1240 3113 1327 3158 ne
1370 3093 1818 3160 confundatur
1876 3095 2180 3161 vanitate
2224 3094 2568 3183 superflua,
2615 3099 2686 3160 et

582 3195 899 3264 membris
943 3195 1285 3284 sapientiae
1327 3195 1645 3283 langueat
1688 3195 2058 3262 mutilatus·

670 3297 967 3364 Tertium
1067 3302 1185 3378 est,
1261 3301 1342 3363 ut
1416 3296 1792 3384 negotiator
1892 3297 2296 3384 sapientia-lis
2367 3297 2686 3387 percipiat

580 3401 808 3468 modos
851 3404 923 3468 et
980 3398 1127 3466 vias
1171 3397 1411 3485 quibus
1474 3420 1621 3464 eam
1683 3397 1882 3464 debet
1922 3399 2266 3486 requirere,
2315 3405 2384 3466 et
2425 3422 2687 3486 promo·

582 3529 754 3588 vere,
810 3517 879 3572 et
952 3504 1277 3594 perficere,
1338 3507 1480 3570 tam
1552 3503 1627 3568 in
1701 3524 1894 3590 opere
1968 3524 2166 3590 quam
2239 3505 2684 3571 scientialiter.

586 3608 761 3689 Quia
803 3613 905 3674 est
946 3608 1183 3674 modus
1225 3607 1300 3671 in
1343 3606 1539 3672 rebus
1601 3605 1925 3686 omnibus,
1958 3627 2089 3693 quo
2134 3605 2250 3693 qui
2293 3612 2472 3673 caret
2514 3630 2684 3674 nun-

583 3732 783 3798 quam
854 3709 944 3775 ad
1016 3709 1221 3775 finem
1296 3707 1599 3774 debitum
1672 3705 1952 3794 alicujus
2035 3708 2133 3774 rei
2202 3709 2452 3796 poterit
2537 3731 2684 3797 per-

583 3834 825 3880 venire.

676 3915 1008 3995 Quartum
1062 3918 1179 3992 est,
1226 3915 1306 3978 ut
1352 3911 1517 3978 sciat
1582 3912 1946 3999 prudenter
2006 3913 2352 3980 advertere
2411 3913 2688 4003 impedi·

585 4020 815 4082 menta
858 4015 1219 4103 sapientiae‚
1267 4018 1338 4080 et
1382 4013 1730 4081 efficaciter
1773 4013 1992 4081 vitare
2035 4014 2168 4096 illa,
2212 4017 2516 4084 remediis
2575 4041 2690 4086 ex·

586 4117 863 4208 quisitis.

1276 4319 1321 4326 —.

658 4441 675 4474 ¹
698 4440 921 4492 Vni-icus
955 4441 1091 4493 titios
1124 4451 1310 4505 appear
1342 4438 1443 4490 and
1476 4437 1607 4489 have
1683 4439 1713 4465 ‘⁸
1747 4437 2012 4492 Bacenis?
2031 4467 2100 4478 -
2122 4445 2154 4472 ‘⁴
2177 4441 2318 4508 Opus
2381 4443 2554 4494 Minus
2607 4442 2692 4494 vel

591 4523 719 4574 been
758 4522 929 4573 erased
962 4523 1033 4587 by
1066 4521 1153 4572 the
1194 4535 1331 4572 same
1374 4521 1509 4571 hand
1552 4535 1609 4569 ns
1684 4521 1713 4546 ⁸·
1750 4516 2188 4570 Secundum.’'—“
2210 4521 2398 4586 Incipit
2439 4521 2690 4586 Compen-

591 4603 679 4652 the
710 4603 848 4668 body
870 4601 930 4653 of
954 4601 1041 4652 the
1074 4599 1188 4652 ΜΒ.
1256 4599 1339 4652 Sc.
1374 4603 1405 4628 ‘⁸
1421 4598 1609 4664 Incipit
1680 4597 1713 4623 “
1748 4595 1890 4646 dium
1944 4595 2108 4648 studii
2153 4597 2443 4666 'theologias
2496 4599 2692 4653 Fratri·

593 4677 627 4710 ⁸⁸
665 4675 807 4746 Opus
864 4671 1038 4730 Minus
1093 4687 1147 4730 et
1188 4672 1475 4730 Secundum
1524 4677 1607 4728 vel
1682 4679 1712 4706 ‘⁸
1748 4675 1940 4742 Bogeri
1959 4675 2228 4730 BaconisP

590 4761 624 4790 ⁶
658 4753 891 4812 Secunda
914 4757 1175 4825 Scriptura
1196 4753 1388 4810 Fratris
1418 4756 1607 4823 Bogeri
