3517 5750
1363 915 1582 966 Aprnn
1591 917 1718 966 mx
1768 917 1837 966 11.
2532 903 2665 972 567

559 1089 798 1154 animae
827 1089 1209 1175 accipiunt;
1255 1109 1332 1152 ea
1377 1095 1643 1175 propter
1697 1088 1995 1154 coelestes
2037 1089 2509 1177 impressiones,
2556 1109 2673 1156 sen

561 1190 772 1254 mavis
817 1189 1200 1268 efficientiae,
1249 1189 1334 1254 ad
1381 1190 1527 1254 illas
1571 1210 1779 1275 usque
1809 1189 2211 1277 pertingunt.
2305 1190 2407 1256 Ea
2450 1196 2676 1258 tamen

559 1290 720 1376 lege,
797 1295 876 1355 ut
950 1290 1286 1377 integrum
1363 1289 1648 1356 hominis
1725 1290 2075 1356 arbitrium
2164 1297 2447 1360 maneat.
2570 1292 2679 1357 En

563 1392 924 1476 Aquinatis
953 1391 1199 1458 verba:
1295 1391 1698 1458 “Indirecte
1743 1396 1815 1457 et
1858 1412 1975 1478 per
2020 1392 2378 1472 accidensss'
2436 1393 2673 1479 inquit,

589 1491 1102 1578 ‘impressiones
1163 1513 1508 1579 corporum
1567 1491 1936 1558 coelestium
1994 1494 2079 1558 ad
2138 1493 2549 1560 intellectum
2608 1499 2679 1558 et

569 1600 604 1628 “
651 1593 1066 1658 voluntatem
1143 1594 1470 1680 pertinere
1559 1601 1851 1680 possunt,
1928 1593 2325 1679 inquantum
2414 1593 2677 1672 scilicet,

571 1701 607 1729 “
653 1699 794 1758 tam
837 1693 1225 1772 intellectus,
1287 1717 1485 1782 quam
1532 1695 1845 1761 voluntas
1896 1693 2118 1779 aliquo
2178 1695 2373 1762 modo
2432 1697 2520 1760 ab
2580 1696 2681 1760 in-

571 1803 608 1829 “
655 1794 1004 1860 ferioribus
1069 1795 1325 1861 viribus
1392 1795 1739 1882 accipiunt,
1805 1815 1953 1880 quae
2029 1796 2291 1882 organis
2358 1795 2681 1882 corporeis

573 1903 610 1930 “
654 1895 1059 1982 alligantur;
1149 1897 1262 1962 sed
1338 1897 1510 1963 circa
1583 1896 1707 1962 hoc
1782 1894 2219 1963 diversimode
2295 1917 2365 1962 se
2431 1895 2681 1962 habent

573 2005 608 2030 “
653 1997 1031 2062 intellectus
1093 2003 1164 2063 et
1208 1996 1538 2063 voluntas.
1655 1995 1835 2061 Nam
1894 1996 2268 2062 intellectus
2328 2017 2415 2062 ex
2460 2018 2679 2062 neces-

573 2106 607 2131 “
654 2098 848 2164 sitate
924 2097 1162 2183 accipit
1233 2098 1320 2164 ab
1395 2097 1819 2163 inferioribus
1864 2097 2119 2162 viribus
2192 2097 2683 2184 apprehensivis

779 2243 798 2262 .
845 2243 862 2264 .
909 2198 1024 2263 sed
1068 2199 1378 2264 voluntas
1420 2220 1558 2264 non
1601 2219 1686 2263 ex
1731 2199 2115 2263 necessitate
2160 2198 2461 2285 sequitur
2498 2197 2685 2264 incli-

577 2307 612 2334 “
657 2299 996 2364 nationem
1041 2299 1372 2384 appetitus
1427 2298 1765 2364 inferioris.
1860 2297 2049 2365 Licet
2108 2299 2285 2364 enim
2345 2299 2683 2385 passiones

575 2407 612 2434 “
659 2421 806 2484 quae
905 2403 1064 2464 sunt
1141 2399 1211 2464 in
1285 2398 1600 2464 irascibili
1675 2405 1744 2464 et
1820 2399 2307 2485 concupiscibili
2394 2399 2685 2465 habeant

579 2508 613 2534 “
661 2499 992 2584 quandam
1041 2499 1178 2564 vim
1236 2501 1322 2564 ad
1382 2498 1827 2565 inclinandam
1862 2499 2291 2578 voluntatem,
2342 2503 2569 2565 tamen
2613 2500 2686 2565 in

581 2609 616 2634 “
663 2604 992 2685 potestate
1038 2599 1404 2665 voluntatis
1448 2605 1746 2666 remanet
1820 2599 2004 2684 sequi
2051 2601 2381 2686 passiones
2424 2600 2534 2666 vel
2578 2621 2687 2665 eas

581 2708 617 2734 “
661 2698 1001 2764 refutare.”
1093 2699 1444 2766 Rationem
1518 2701 1810 2788 suggerit
1876 2699 2177 2786 deinceps
2242 2722 2359 2766 cur
2424 2701 2560 2779 fiat,
2608 2705 2687 2766 ut

579 2799 934 2887 aliquando
996 2820 1154 2866 vera
1217 2801 1444 2866 dicant
1511 2800 1863 2888 astrologi:
1962 2808 1997 2835 “
2022 2800 2251 2866 Plures
2324 2801 2684 2880 hominum,

583 2910 618 2937 ‘¹
663 2901 912 2967 ibidem
941 2901 1275 2967 subnectit
1305 2902 1390 2966 ad
1421 2902 1528 2979 iii„
1563 2908 1930 2988 sequuntur
1958 2902 2303 2988 passiones,
2352 2924 2501 2988 quae
2530 2906 2691 2967 sunt

585 3010 619 3037 ‘⁴
663 3006 888 3067 motus
931 3001 1234 3067 sensitivi
1279 3003 1632 3089 appetitus,
1701 3003 1788 3068 ad
1822 3022 1986 3087 quas
2038 3003 2369 3088 cooperari
2412 3007 2690 3089 possunt

585 3108 624 3138 “
669 3122 940 3189 corpora
981 3101 1316 3183 coelestia3
1393 3104 1585 3189 pauci
1663 3108 1888 3168 autem
1966 3107 2125 3167 sunt
2174 3104 2505 3189 sapientes
2570 3103 2689 3189 qui

587 3211 622 3239 “
667 3202 1040 3289 hujusmodi
1107 3202 1519 3289 passionibus
1573 3203 1902 3269 resistant.
1996 3202 2087 3269 Et
2156 3203 2305 3268 ideo
2351 3203 2685 3289 astrologi,

593 3308 627 3339 ‘⁶
674 3312 750 3367 ut
793 3302 865 3366 in
925 3301 1226 3388 pluribus
1279 3323 1440 3367 vera
1485 3306 1760 3388 possunt
1819 3301 2188 3387 praedicere,
2214 3308 2229 3323 “
2266 3308 2337 3368 et
2402 3304 2689 3369 maxime

589 3410 624 3437 “
671 3402 742 3466 in
772 3402 1124 3481 communi,
1185 3422 1322 3467 non
1394 3408 1618 3467 autem
1689 3402 1763 3465 in
1845 3400 2125 3487 speciali.
2261 3399 2435 3480 Quia
2522 3401 2692 3467 nihil

589 3509 622 3539 “
667 3501 974 3589 prohibet
1049 3502 1335 3588 aliquem
1397 3502 1730 3566 hominem
1798 3524 1915 3587 per
1979 3500 2261 3566 liberum
2337 3502 2691 3569 arbitrium

590 3612 624 3638 ‘⁶
669 3602 1077 3689 passionibus
1127 3602 1442 3667 resistere.
1551 3600 1754 3668 Unde
1799 3606 1868 3667 et
1913 3600 2038 3688 ipsi
2088 3602 2400 3689 astrologi
2444 3604 2690 3682 dicunt,

593 3712 629 3740 “
673 3703 852 3789 quod
895 3702 1154 3789 sapiens
1199 3703 1396 3768 homo
1441 3700 1827 3768 dominatur
1856 3701 2067 3779 astris,
2102 3702 2174 3765 in
2203 3708 2526 3788 quantum
2572 3705 2691 3771 sci·-

614 3805 830 3871 ‘licet
876 3802 1257 3869 dominatur
1315 3804 1450 3869 suis
1493 3802 1963 3889 passionibu8.”
2084 3802 2343 3869 Similia
2386 3804 2579 3871 docet
2620 3805 2695 3869 in

594 3903 920 3973 Secunda
980 3902 1310 3971 secundm
1339 3910 1566 3990 quoeat.
1599 3906 1706 3983 95,
1738 3910 1863 3971 art.
1898 3907 1985 3969 5·
2038 3902 2325 3970 “Plures
2352 3906 2693 3971 hominum

619 4004 1016 4092 ‘passiones
1061 4026 1404 4119 corporum
1447 4008 1858 4090 sequuntur3
1947 4010 2017 4068 et
2060 4003 2209 4070 ideo
2238 4008 2427 4071 actus
2472 4026 2697 4073 eorum

599 4116 634 4143 “
681 4106 1138 4192 disponuntur,
1195 4110 1273 4170 ut
1315 4105 1386 4169 in
1433 4104 1749 4191 pluribus,
1801 4104 2156 4170 secundum
2200 4105 2696 4173 inclinationem

599 4216 635 4244 “
682 4205 1048 4273 coelestium
1109 4226 1450 4292 corporum
1559 4203 1760 4270 Pauci
1822 4208 2045 4269 autem
2073 4209 2249 4285 sunt,
2279 4206 2352 4270 id
2398 4211 2517 4286 est,
2578 4206 2696 4271 soli

601 4317 636 4357 ’ἕ
682 4308 1029 4395 sapienteS,
1092 4306 1209 4391 qui
1282 4305 1541 4371 ratione
1615 4304 1991 4391 hujusmodi
2050 4304 2507 4371 inclinationes
2565 4328 2703 4371 mo-

601 4419 637 4445 “
685 4410 1045 4488 detentum
1090 4412 1160 4471 et
1218 4405 1366 4471 ideo
1426 4406 1743 4491 astrologi
1794 4406 1866 4469 in
1915 4404 2144 4470 multis
2196 4427 2353 4471 vera
2395 4429 2701 4493 praenun-

603 4516 638 4546 “
685 4510 884 4587 ciant,
963 4512 1034 4572 ct
1107 4506 1432 4593 praecipue
1497 4506 1572 4572 in
1647 4504 2103 4571 communibus
2177 4506 2525 4573 eventibus
2587 4510 2703 4593 qui

605 4619 640 4646 “
685 4608 1064 4697 dependent
1131 4627 1218 4672 ex
1263 4604 1747 4673 multitudine,”
1838 4605 1907 4670 N
1907 4627 1979 4671 ec
2022 4626 2195 4671 unus
2238 4611 2339 4673 est
2384 4607 2701 4693 Aquinas,

602 4711 719 4798 qui
762 4709 928 4776 talia
1002 4707 1278 4788 doceat;
1350 4712 1512 4773 sunt
1574 4707 1750 4773 enim
1826 4705 2060 4789 infimi,
2132 4706 2349 4787 medii,
2415 4710 2705 4796 supremi
