3517 5750
607 848 754 935 xx]
1380 865 1556 920 orus
1599 867 1922 918 mamm.
2617 857 2703 923 65

601 1065 644 1108 a
689 1043 1069 1129 juventute,
1131 1049 1199 1108 et
1253 1044 1402 1109 ideo
1471 1039 1856 1128 languemus
1916 1064 2031 1130 per
2090 1047 2303 1109 totam
2362 1043 2575 1110 vitam
2636 1050 2705 1110 et

601 1167 834 1232 parum
881 1147 1137 1214 scimus.
1229 1146 1361 1212 Sed
1407 1147 1465 1212 si
1511 1146 1903 1215 haberemus
1953 1146 2249 1212 doctores
2294 1145 2701 1224 sufficientes,

601 1269 737 1314 non
779 1247 1016 1314 dubito
1044 1248 1207 1334 quin
1249 1249 1399 1335 plus
1442 1252 1750 1319 sciremus
1788 1248 1863 1314 in
1890 1270 2022 1314 uno
2052 1269 2225 1313 anno
2266 1269 2465 1334 quam
2508 1249 2705 1314 modo

603 1349 777 1414 infra
848 1349 1106 1437 viginti.
1227 1350 1405 1418 Nam
1467 1355 1590 1420 hoc
1663 1356 1936 1439 paratus
2010 1371 2155 1416 sum
2229 1351 2507 1445 probare
2587 1372 2706 1437 per

602 1451 923 1530 effectum,
953 1457 1025 1519 et
1052 1451 1224 1519 dabo
1253 1460 1454 1541 caput
1482 1476 1704 1522 meum
1733 1454 1791 1520 si
1823 1451 2141 1519 deficiam.

693 1554 988 1622 Multum
1027 1553 1328 1622 laboravi
1367 1557 1444 1624 in
1487 1556 1780 1624 scientiis
1824 1560 1894 1621 et
1935 1555 2205 1642 linguis,
2234 1561 2305 1621 et
2344 1555 2531 1642 posui
2556 1555 2699 1642 jam
2722 1577 2841 1630 m
2858 1578 2989 1630 him-

603 1655 1044 1744 quadraginta
1124 1677 1334 1726 annos
1411 1664 1760 1746 postquam
1854 1656 2056 1722 didici
2138 1655 2389 1744 primo¹
2478 1657 2702 1744 alpha-
2728 1645 2827 1697 ‘⁰¹¹'
2829 1647 3042 1698 devoted

601 1757 874 1839 betum;
921 1763 992 1824 et
1032 1756 1132 1824 fui
1168 1781 1424 1846 semper
1466 1761 1842 1840 studiosus3
1890 1763 1960 1824 et
2002 1763 2244 1846 praeter
2286 1759 2449 1826 duos
2494 1781 2703 1826 annos
2724 1713 3024 1846 &mxu-a

605 1860 686 1926 de
741 1859 888 1926 istis
942 1860 1386 1950 quadraginta
1433 1861 1536 1928 fui
1601 1881 1855 1949 semper
1918 1860 1989 1926 in
2050 1861 2319 1942 studi03
2368 1865 2439 1927 et
2498 1861 2703 1927 habui
2727 1847 3004 1963 ζῇζτζῗὲξ

605 1983 920 2049 expensas
1011 1962 1274 2045 multas,
1355 1964 1528 2032 sicut
1613 1963 1729 2032 alii
1803 1963 2282 2044 communiter3
2350 1969 2433 2028 et
2479 1969 2703 2029 tamen
2724 1977 2939 2030 tomen

602 2069 820 2131 certus
879 2085 1026 2132 sum
1089 2066 1270 2150 quod
1335 2065 1512 2132 infra
1559 2070 1867 2155 quartam
1934 2063 2111 2144 anni,
2166 2069 2286 2130 aut
2352 2064 2701 2130 dimidium
2726 2045 3011 2172 ξξζὲῖξξθ

601 2167 776 2244 anni,
841 2189 965 2255 ego
1024 2167 1316 2234 docerem
1377 2191 1490 2235 ore
1565 2189 1712 2234 meo
1782 2166 2115 2232 hominem
2192 2165 2552 2232 sollicitum
2632 2172 2702 2233 et
2724 2176 2866 2228 three
2888 2192 2947 2228 or
2960 2178 3042 2229 uix

601 2269 1056 2348 confidentem,
1101 2269 1414 2356 quicquid
1472 2270 1605 2338 scio
1654 2270 1736 2335 de
1781 2272 2114 2355 potestate
2159 2267 2585 2334 scientiarum
2633 2275 2703 2334 et
2724 2243 3045 2362 ssffifzy

601 2373 996 2459 linguarum,
1095 2372 1451 2440 dummodo
1521 2369 2027 2458 composuissem
2095 2369 2307 2455 primo
2391 2369 2699 2456 quiddam
2728 2391 2961 2457 oqmpen-

604 2474 920 2561 scriptum
967 2472 1094 2540 sub
1139 2474 1538 2561 compendio.
1660 2473 1754 2538 Et
1819 2476 2044 2537 tamen
2092 2476 2328 2537 notum
2376 2477 2479 2537 est
2528 2472 2705 2559 quod
2729 2443 2885 2496 dmm.

605 2575 826 2641 nullus
863 2575 938 2640 in
971 2579 1078 2640 tot
1116 2575 1408 2642 scientiis
1439 2582 1509 2642 et
1543 2573 1791 2664 linguis
1838 2573 2188 2656 laboravit,
2221 2595 2342 2640 nec
2370 2579 2637 2640 tantum
2653 2575 2708 2657 3²

607 2677 762 2767 quia
793 2677 1092 2742 homines
1138 2676 1554 2743 mirabantur
1597 2679 1670 2742 in
1717 2675 1849 2742 alio
1900 2681 2082 2742 statu
2134 2678 2314 2763 quod
2341 2675 2487 2742 vixi
2516 2698 2707 2766 prop-

603 2785 710 2846 ter
789 2778 1190 2865 superfluum
1273 2778 1604 2860 laborem3
1675 2782 1744 2846 et
1810 2784 2038 2844 tamen
2113 2783 2345 2866 postea
2413 2779 2514 2846 fui
2601 2780 2709 2846 ita

603 2882 933 2950 studiosus
991 2881 1165 2948 sicut
1209 2886 1384 2947 ante.
1481 2880 1618 2949 Sed
1669 2903 1807 2947 non
1850 2886 2117 2947 tantum
2170 2881 2485 2961 laboravi,
2548 2884 2707 2969 quia

605 3006 740 3051 non
807 2983 938 3049 fuit
995 3005 1256 3049 necesse
1315 2988 1585 3073 propter
1655 2984 2043 3050 exercitium
2120 2984 2479 3072 sapientiae.
2602 2985 2705 3050 De
2730 3002 2853 3053 And
2874 3000 2961 3053 the

603 3086 850 3174 linguis
897 3086 1078 3153 enim
1127 3086 1396 3153 videtur
1440 3107 1581 3153 esse
1639 3086 1835 3151 valde
1896 3084 2173 3167 difficile,
2224 3091 2294 3152 et
2346 3086 2426 3151 de
2473 3086 2705 3173 figuris
2728 3069 3002 3184 {ffssff‘

605 3194 674 3255 et
717 3188 1011 3255 numeris
1057 3191 1138 3253 ut
1179 3188 1496 3276 praedixi3
1549 3188 1664 3255 sed
1699 3193 1953 3255 certum
2009 3193 2111 3253 est
2155 3186 2325 3253 mihi
2374 3188 2554 3274 quod
2598 3188 2705 3253 in-
2726 3200 2839 3253 lem.

603 3288 706 3355 fra
771 3295 906 3357 tres
972 3289 1114 3356 dies
1180 3311 1305 3378 ego
1370 3311 1845 3377 quemcumque
1916 3289 2297 3375 diligentem
2367 3293 2437 3354 et
2502 3289 2703 3356 confi-

605 3393 868 3459 dentem
919 3392 1216 3459 docerem
1278 3392 1658 3471 Hebraeum,
1709 3398 1791 3457 ut
1840 3390 2037 3456 sciret
2093 3389 2306 3476 legere
2350 3394 2420 3455 et
2456 3388 2705 3455 intelli-

603 3516 756 3581 gere
814 3493 1130 3579 quicquid
1176 3493 1391 3559 sancti
1463 3494 1708 3571 dicunt,
1767 3498 1837 3558 et
1889 3490 2221 3578 sapientes
2272 3489 2551 3576 antiqui,
2633 3490 2705 3555 in

606 3595 1016 3681 expositione
1098 3595 1264 3660 sacri
1353 3600 1598 3673 textus,
1679 3599 1750 3661 et
1842 3590 2155 3680 quicquid
2235 3592 2526 3679 pertinet
2618 3592 2709 3657 ad

607 3696 792 3763 illius
847 3700 1074 3762 textus
1136 3696 1603 3763 correctionem
1665 3702 1738 3763 et
1796 3694 2296 3783 expositionem,
2374 3693 2433 3759 si
2502 3692 2709 3761 vellet

607 3819 678 3863 se
708 3798 1066 3865 exercitare
1112 3800 1470 3865 secundum
1509 3798 1878 3867 doctrinam
1933 3797 2174 3865 datam.
2270 3798 2363 3862 Et
2412 3818 2529 3885 per
2572 3801 2709 3863 tres

607 3900 750 3969 dies
813 3899 1008 3967 sciret
1079 3902 1163 3966 de
1238 3900 1468 3968 Graeco
1525 3901 1811 3980 iterum3
1872 3906 1943 3968 et
2016 3921 2153 3966 non
2226 3900 2439 3965 solum
2514 3900 2708 3966 sciret

605 4003 818 4091 legere
881 4008 954 4069 et
1002 4002 1372 4090 intelligere
1442 4003 1759 4090 quicquid
1806 4002 2099 4089 pertinet
2158 4003 2245 4068 ad
2288 4001 2703 4090 theologiam,

607 4106 718 4173 sed
761 4106 850 4171 ad
891 4105 1369 4194 philosophiam
1416 4111 1488 4171 et
1537 4107 1624 4171 ad
1673 4105 1975 4191 linguam
2021 4103 2347 4170 Latinam.

692 4207 874 4274 Nam
923 4206 1284 4274 consideret
1337 4212 1560 4273 vestra
1603 4206 1934 4295 sapientia
1977 4205 2154 4293 quod
2199 4206 2272 4272 in
2331 4206 2710 4295 linguarum
2734 4210 2902 4289 TlJree

607 4310 982 4398 cognitione
1025 4316 1186 4379 sunt
1235 4310 1412 4392 tria3
1459 4309 1710 4377 scilicet
1757 4314 1838 4377 ut
1888 4310 2087 4376 homo
2154 4309 2321 4375 sciat
2367 4308 2582 4395 legere
2640 4313 2712 4374 et
2734 4277 2979 4393 3222?

607 4412 976 4499 intelligere
1050 4434 1145 4493 ea,
1229 4433 1378 4500 quae
1454 4410 1676 4477 Latini
1759 4415 2055 4479 tractant
2131 4412 2205 4476 in
2274 4409 2711 4497 *expositione
2735 4408 2932 4459 siderea
2952 4407 3007 4457 ¹¹²

677 4738 690 4769 ¹
710 4738 898 4805 prino]
933 4752 1034 4793 om.
1067 4736 1131 4791 'l'-
1353 4687 1362 4695 ·
1677 4738 1690 4806 Ι
1778 4738 1799 4769 ²
1822 4754 1907 4789 nec
1930 4736 2139 4804 mutum]
2174 4737 2274 4789 nisi
2294 4744 2504 4801 tantum,
2524 4736 2593 4791 U.

791 4872 944 4923 VOL-
992 4872 1036 4925 1.
2402 4872 2445 4921 E
