3517 5750
894 806 1027 871 334
1656 818 1910 867 nocem
1954 818 2244 869 meone

896 990 1083 1057 illum
1142 996 1415 1077 propter
1474 990 2002 1080 magnitudinem
2061 992 2444 1079 contempti,
2503 997 2578 1057 et
2653 989 2994 1057 adhaerent

894 1092 1065 1157 libro
1154 1092 1685 1159 conclusionum.
1811 1094 1902 1159 Et
1961 1093 2112 1159 ideo
2169 1094 2288 1179 qui
2356 1094 2596 1159 volunt
2675 1090 2994 1178 corrigere

894 1203 1161 1260 textum
1238 1202 1509 1261 mutant
1582 1196 1938 1281 antiquam
2009 1194 2530 1282 grammaticam,
2591 1216 2792 1280 quam
2879 1216 2992 1279 op-

894 1296 1057 1362 time
1104 1297 1303 1363 scivit
1364 1298 1832 1383 Hieronymus,
1887 1298 2004 1383 qui
2063 1298 2430 1375 transtulit,
2497 1318 2576 1363 eo
2619 1296 2799 1382 quod⁴
2855 1296 2994 1359 Do-

890 1406 1094 1465 natus
1142 1422 1441 1487 magnus,
1488 1406 1560 1465 et
1610 1400 1820 1483 major
1863 1399 2236 1465 Priscianus
2297 1399 2427 1463 fuit
2477 1400 2622 1485 ejus
2661 1398 2990 1484 magister.

894 1500 1071 1567 Nam
1132 1502 1207 1567 in
1268 1502 1601 1587 aliquibus
1660 1502 1888 1567 deficit
1939 1502 2314 1567 Priscianus
2363 1501 2484 1567 ubi
2543 1500 2988 1585 Hieronymus

892 1604 1255 1669 rectissime
1307 1604 1525 1667 sensit.
1618 1603 1952 1669 Praeterea
2007 1603 2304 1689 specialis
2351 1624 2550 1669 cansa
2593 1603 2832 1667 erroris
2871 1608 2986 1679 at,

892 1704 1069 1791 quod
1130 1726 1267 1769 non
1334 1705 1699 1771 advertunt
1775 1728 1908 1791 qua
1977 1705 2408 1771 translatione
2463 1705 2682 1771 utitur
2727 1704 2990 1771 ecclesia

894 1807 1301 1873 Latinorum.
1416 1806 1595 1871 Nam
1656 1814 1930 1894 propter
2003 1807 2128 1873 hoc
2185 1808 2364 1892 quod
2419 1806 2656 1873 vident
2727 1806 2988 1871 literam

892 1908 1401 1975 divensificetam
1506 1910 1870 1975 secundum
1959 1909 2179 1995 capita
2265 1908 2694 1987 diversorum,
2783 1908 2992 1975 eredit

890 2010 1131 2099 vulgus
1204 2010 1681 2097 theologorum,
1742 2011 1920 2097 quod
1985 2032 2122 2077 non
2189 2011 2282 2078 sit
2367 2011 2719 2077 translatio
2805 2010 2984 2077 beati

896 2112 1314 2199 Hieronymi,
1376 2112 1495 2179 sed
1554 2113 1691 2179 alia
1750 2114 1972 2179 versio
2051 2112 2270 2179 mixta
2325 2118 2396 2179 et
2473 2112 2829 2199 compilata
2899 2133 2984 2177 ex

888 2215 1181 2283 diversis.
1296 2214 1389 2281 Et
1446 2220 1715 2303 propter
1791 2214 1914 2281 hoc
1983 2236 2133 2281 cum
2191 2214 2423 2299 majori
2479 2214 2790 2280 libertate
2834 2214 2986 2279 mis-

888 2324 1121 2383 centur
1182 2316 1503 2385 vocabula
1562 2338 1709 2403 quae
1771 2316 2026 2383 volunt.
2123 2314 2258 2381 Sed
2323 2316 2508 2381 istud
2563 2316 2982 2381 falsissimum

886 2426 1006 2486 est.
1100 2419 1277 2485 Nam
1308 2420 1451 2484 sola
1486 2418 1926 2485 translatione
1957 2417 2356 2503 Hieronymi
2395 2422 2678 2483 utuntur
2703 2418 2984 2483 ecclesiae

886 2522 1295 2599 Latinorum,
1360 2525 1602 2607 praeter
1676 2519 2093 2601 Psalterium,
2186 2520 2362 2605 quod
2421 2524 2524 2585 est
2601 2521 2682 2587 de
2771 2526 2984 2585 trans-

882 2622 1135 2689 latione
1197 2622 1639 2709 Septuaginta
1684 2622 2146 2710 interpretum,
2225 2622 2402 2705 quod
2453 2620 2604 2687 ideo
2645 2622 2980 2697 remansit,

882 2725 1043 2809 quia
1086 2724 1283 2789 modo
1302 2724 1323 2761 ¹
1368 2724 1499 2789 fuit
1534 2724 1886 2809 vulgatum
1931 2725 2004 2789 in
2051 2723 2318 2789 ecclesia
2361 2722 2492 2787 Dei
2533 2729 2692 2787 ante
2735 2722 2983 2807 quam²

884 2824 1336 2911 Hieronymus
1396 2826 1749 2893 transtulit
1812 2848 2040 2894 eorum
2107 2824 2606 2892 translationem
2663 2824 2736 2890 in
2793 2825 2982 2890 Lati-

880 2947 1061 3006 num,
1118 2931 1189 2992 et
1263 2926 1551 2992 correxit
1610 2927 1796 2994 illam
1894 2949 2044 2994 cum
2123 2928 2450 2994 asteriscis
2537 2932 2606 2992 et
2699 2927 2922 2994 obelis.
2953 2927 2982 2964 ³

880 3025 975 3093 Et
1018 3027 1165 3092 ideo
1210 3031 1559 3112 reputatur
1603 3028 1792 3112 qussi
1837 3029 2188 3096 translatio
2219 3029 2614 3116 Hieronymi
2643 3056 2660 3112 3
2689 3029 2804 3096 sed
2847 3051 2980 3096 non

878 3133 997 3206 est,
1060 3130 1215 3216 quia
1274 3151 1394 3196 sua
1452 3135 1553 3194 est
1606 3131 1988 3196 immediate
2035 3133 2120 3197 de
2180 3131 2483 3198 Hebraeo.

548 3257 784 3312 Am„
972 3229 1297 3312 Quoniam
1364 3253 1523 3298 vero
1596 3231 1972 3318 ignorantia
2037 3233 2488 3300 translationis
2561 3255 2693 3320 qua
2765 3233 2980 3299 utitur

541 3325 773 3444 {ag-eom
874 3335 1140 3401 ecclesia
1182 3334 1383 3400 faciat
1426 3332 1713 3400 multum
1758 3335 1842 3400 de
1883 3356 2102 3400 errore
2161 3336 2235 3400 in
2293 3336 2688 3402 correctione
2731 3340 2976 3415 textus,

546 3459 785 3512 version..
876 3436 1021 3502 ideo
1080 3435 1231 3502 volo
1292 3435 1399 3502 hic
1456 3435 1665 3502 facere
1726 3437 2088 3521 capitulum
2153 3437 2236 3502 de
2291 3437 2414 3502 hac
2460 3459 2548 3518 re,
2604 3443 2683 3503 ut
2740 3443 2976 3504 vestrae

876 3538 1102 3626 gloriae
1166 3539 1486 3606 veraciter
1552 3537 2020 3623 persuadeatur
2081 3537 2257 3624 quod
2323 3539 2680 3604 tenendum
2753 3540 2842 3604 sit
2905 3540 2976 3604 in

878 3639 999 3706 hac
1042 3646 1247 3726 parte.
1362 3638 1557 3721 Quod
1610 3645 1834 3705 autem
1907 3638 1982 3706 in
2055 3641 2334 3706 ecclesiis
2396 3641 2780 3706 Latinorum
2841 3641 2977 3706 sola

878 3741 1223 3806 translatio
1256 3740 1650 3825 Hieronymi
1696 3740 1786 3808 sit
1829 3741 1902 3806 in
1945 3762 2070 3807 usu
2113 3746 2315 3827 patet,
2345 3748 2414 3809 et
2444 3743 2618 3828 quod
2661 3744 2801 3808 haec
2843 3743 2978 3808 sola

878 3843 967 3908 sit
1020 3841 1091 3904 in
1158 3840 1461 3906 omnibus
1526 3840 1764 3906 Bibliis
1825 3841 2212 3909 Latinorum
2270 3849 2510 3929 praeter
2569 3844 2971 3922 Psalterium,

876 3940 1031 4006 licet
1082 3942 1172 4007 sit
1224 3940 1676 4026 multipliciter
1726 3963 1845 4028 per
1891 3944 2236 4031 scriptores
2300 3952 2370 4012 et
2427 3950 2815 4012 correctores
2867 3947 2975 4011 de-

876 4047 1153 4130 pravata
1196 4041 1267 4108 in
1314 4043 1674 4127 exemplari
1726 4045 2096 4126 Parisiensi,
2143 4047 2461 4133 probatur
2511 4048 2974 4132 multipliciter.

878 4143 969 4210 Et
999 4144 1211 4230 primo
1252 4165 1368 4230 per
1399 4143 1739 4224 Isidorum,
1773 4147 1942 4213 libro
1981 4147 2084 4214 De
2116 4147 2362 4214 Officiis
2389 4147 2450 4214 :⁴
2497 4149 2658 4216 “De
2691 4149 2973 4216 Hebraeo

878 4251 913 4284 ‘⁶
960 4246 1032 4312 in
1070 4245 1382 4314 Latinum
1428 4245 1757 4334 eloquium
1802 4249 2252 4337 Hieronymus
2297 4251 2639 4338 presbyter
2683 4257 2974 4318 tantum-

940 4527 953 4560 Ι
980 4525 1138 4592 modo]
1166 4541 1263 4579 om.
1286 4525 1455 4592 Hody.
2033 4528 2053 4557 ¹
2074 4525 2244 4592 obelis]
2281 4527 2494 4588 rebellis,
2517 4527 2629 4584 MS.

874 4607 971 4734 Μέ
982 4613 1096 4656 ante
1117 4607 1281 4670 quam]
1323 4605 1493 4672 Hody.
1553 4601 1716 4670 Atque
1736 4605 1866 4668 quia,
2037 4606 2054 4635 ⁴
2074 4605 2159 4656 De
2185 4605 2406 4674 Officiis]
2435 4607 2468 4658 i.
2493 4611 2570 4660 12.
