3517 5750
569 3209 833 3262 Accentua
843 3238 852 3247 ·

637 3290 692 3329 ιι.

931 847 1064 908 508
1677 863 1937 914 nouam
1984 865 2279 916 mcoms
2852 856 3035 942 [cn.

927 1041 1270 1106 literarum
1313 1039 1388 1104 in
1445 1037 1748 1126 syllabas,
1794 1061 1931 1106 non
1978 1039 2193 1108 solum
2258 1043 2617 1109 secundum
2682 1045 3025 1130 Latinum,

921 1143 1040 1208 sed
1083 1142 1442 1208 secundum
1490 1140 1809 1208 Graecum.
1928 1141 2109 1208 Nam
2168 1164 2317 1230 quae
2378 1142 2751 1213 Priscianus
2810 1150 3030 1217 deter-

919 1245 1135 1310 minat
1179 1245 1466 1309 multum
1509 1249 1668 1310 sunt
1711 1242 2071 1310 conformia
2112 1245 2603 1331 syllabicationi
2634 1249 3027 1318 Graecorum.

919 1343 1194 1430 Syllaba
1252 1367 1413 1413 vero
1471 1347 1891 1434 componitur
1950 1367 2039 1412 ex
2088 1368 2227 1434 syn
2271 1346 2501 1416 Grzeca
2542 1353 3025 1439 praepositione,

917 1469 1066 1532 quae
1097 1447 1276 1515 valet
1307 1469 1486 1526 cum,
1517 1453 1588 1514 et
1631 1447 1800 1527 labo,
1830 1448 2007 1536 quod
2052 1456 2155 1514 est
2194 1450 2443 1538 accipio
2470 1475 2489 1532 ;
2532 1453 2708 1520 unde
2752 1455 3025 1541 syllaba,

913 1549 984 1615 id
1029 1556 1132 1616 cst
1177 1549 1536 1638 conceptio,
1587 1549 1837 1616 scilicet
1876 1550 2217 1616 literarum
2268 1551 2341 1617 in
2392 1575 2642 1634 unum;
2686 1577 2821 1622 non
2866 1559 3027 1644 quia

913 1653 1127 1718 omnis
1169 1653 1424 1739 syllaba
1465 1653 1708 1718 habeat
1751 1651 1973 1740 plures
2012 1652 2256 1735 literas,
2288 1655 2405 1722 sed
2435 1656 2593 1743 quia
2620 1657 2693 1722 in
2722 1658 3025 1746 pluribus

911 1759 1012 1820 est
1085 1753 1476 1840 hujusmodi.
1611 1752 2060 1840 Syllabicatur
2132 1761 2357 1822 autem
2430 1779 2791 1839 consonans
2830 1831 2841 1840 ,
2872 1783 3023 1827 cum

907 1863 1310 1923 consonante
1373 1857 1575 1922 variis
1635 1856 1867 1936 modis,
1938 1861 2077 1924 tam
2146 1858 2323 1946 apud
2384 1881 2506 1926 nos
2574 1883 2771 1946 quam
2840 1865 3022 1950 apud

911 1960 1209 2040 Graecos3
1275 1959 1358 2025 de
1404 1957 1643 2045 quibus
1685 1959 1874 2024 nulla
1921 1959 2027 2024 vis
2070 1960 2533 2028 constituenda
2574 1969 2677 2028 est
2719 1963 2807 2030 ad
2852 1987 3021 2052 prae—

907 2084 1077 2143 sens,
1121 2061 1254 2128 nisi
1297 2062 1477 2148 quod
1519 2064 1676 2126 ante
1721 2060 1886 2140 vita,
1936 2066 2005 2128 et
2039 2061 2151 2150 pi,
2196 2067 2269 2130 et
2302 2063 2454 2150 phi,
2484 2069 2555 2132 et
2596 2065 2721 2144 mi,
2764 2087 3023 2155 semper

907 2165 1153 2230 debent
1219 2162 1416 2230 scribi
1490 2161 1613 2242 mi,
1661 2167 1732 2230 et
1800 2185 1935 2230 non
1988 2163 2092 2243 ni,
2140 2170 2223 2229 ut
2284 2165 2681 2254 symbobam,
2728 2167 3021 2256 lampae,

905 2287 1165 2345 amnos,
1211 2287 1450 2345 arena,
1495 2263 1749 2352 ampho
1778 2289 1809 2346 ;
1874 2269 1945 2331 et
2006 2265 2111 2332 mi
2165 2268 2478 2354 praecedit
2520 2269 2739 2356 ipsum
2788 2269 2892 2348 ni,
2940 2277 3021 2338 ut

902 2388 1197 2450 romnos,
1263 2367 1570 2455 hymnos,
1617 2387 1866 2444 omme,
1934 2369 2112 2453 quod
2188 2373 2293 2435 est
2363 2371 2701 2458 proprium
2774 2394 3019 2440 nomen

901 2471 1080 2559 apud
1127 2471 1400 2538 Graecos.
1493 2469 1671 2535 Nam
1741 2468 2185 2536 Callimachus
2248 2471 2433 2559 cujus
2498 2474 2855 2540 auctoritas
2916 2483 3019 2542 est

901 2573 1078 2661 apud
1111 2573 1388 2650 Graeoos,
1421 2592 1550 2658 quo
1593 2575 1666 2638 ct
1709 2593 1831 2658 pro
1875 2575 2141 2639 auctore
2186 2573 2403 2640 utitur
2448 2575 2838 2658 Priscianus,
2870 2578 3017 2643 bre-

903 2676 1050 2742 viat
1095 2697 1344 2754 omncs,
1392 2675 1550 2761 quia
1593 2695 1631 2740 o
1673 2673 1899 2740 brevis
1942 2679 2047 2741 est
2090 2675 2220 2757 hic,
2266 2680 2336 2743 et
2378 2681 2483 2744 est
2534 2677 2793 2765 syllaba
2836 2680 3018 2762 sola3

903 2783 972 2844 et
1016 2778 1102 2844 ‘ni
1145 2785 1297 2865 post
1341 2777 1466 2858 mi,
1509 2798 1626 2843 seu
1669 2775 1779 2844 mi
1838 2781 1997 2843 ante
2040 2777 2131 2844 ‘ni
2190 2800 2395 2866 quum
2461 2780 2783 2867 liquescit,
2843 2781 3017 2848 sicut

899 2881 974 2947 in
1017 2880 1142 2947 hoc
1185 2882 1486 2969 exemplo
1533 2879 1781 2961 omnic,
1815 2886 1883 2947 et
1926 2881 2073 2948 ideo
2117 2902 2253 2947 non
2306 2888 2409 2950 est
2470 2882 2689 2949 brevis
2748 2885 3009 2971 positio·

901 2982 996 3049 Et
1053 2983 1146 3049 sic
1189 2982 1451 3049 circiter
1503 2982 1662 3049 xlvi.
1709 2982 2129 3050 diversitates
2176 3005 2293 3051 seu
2354 2984 2532 3051 modi
2575 2986 3012 3073 syllabicandi

901 3090 1060 3153 sunt
1103 3084 1176 3151 in
1219 3086 1540 3153 universo.

995 3188 1284 3277 Syllabae
1329 3188 1572 3255 accidit
1615 3186 1942 3276 prosodia,
2000 3210 2197 3276 quam
2244 3188 2469 3257 Latini
2516 3189 2748 3259 dicunt
2787 3214 3011 3259 accen·

903 3296 1065 3360 tum.
1159 3292 1308 3360 Hoc
1351 3313 1488 3359 non
1530 3292 1698 3358 bene
1741 3290 2204 3358 manifestatur
2260 3292 2393 3359 nisi
2458 3294 2533 3360 in
2594 3292 2895 3373 dictione,
2942 3301 3011 3361 et

901 3396 1182 3463 debetur
1247 3396 1518 3483 syllabae
1579 3395 1837 3461 ratione
1896 3393 2175 3480 alicujus
2230 3396 2515 3477 vocalis3
2576 3396 2753 3463 unde
2810 3397 3007 3485 origi·-

897 3501 1139 3567 naliter
1183 3499 1458 3566 debetur
1502 3497 1726 3564 vocali.
1796 3495 1931 3563 Sed
1972 3502 2293 3583 tanquam
2338 3498 2479 3584 ejus
2522 3498 2816 3586 subjecto
2860 3522 3007 3586 pro-

895 3603 1040 3689 prio
1087 3603 1363 3669 debetur
1405 3600 1678 3687 syllabas
1707 3600 1895 3666 velut
1938 3600 2252 3679 accidens,
2284 3605 2366 3666 ut
2408 3602 2585 3667 color
2624 3602 3005 3689 superficiei.

897 3704 1073 3783 Quia
1117 3706 1190 3769 in
1237 3702 1514 3771 diversis
1557 3700 1830 3789 syllabis
1858 3706 1959 3767 cst
1989 3701 2211 3790 dispar
2254 3708 2605 3783 accentus3
2649 3708 2720 3768 et
2746 3703 3009 3769 diversa

883 3806 1088 3892 juxta
1131 3828 1200 3872 se
1263 3806 1480 3893 posita
1547 3805 1760 3893 magis
1822 3810 2157 3891 apparent.
2272 3804 2367 3870 Et
2409 3805 2559 3871 ideo
2602 3804 2676 3871 in
2718 3806 3005 3871 dictione

891 3909 1009 3977 ubi
1077 3908 1480 3993 syllabarum
1549 3912 1650 3979 est
1726 3906 2079 3973 diversitas
2150 3908 2617 3974 manifestatur
2682 3913 3005 3974 accentus.

893 4010 1210 4075 Prosodia
1279 4032 1432 4077 vere
1477 4010 1723 4076 dicitur
1777 4033 1821 4075 a
1878 4009 2242 4097 prosodia,
2306 4011 2485 4097 quod
2529 4016 2633 4077 est
2698 4012 3004 4091 cantu-03

745 4108 760 4119 ⁶
891 4112 1048 4199 quia
1083 4136 1252 4201 pros
1297 4113 1674 4201 praepositio
1733 4118 1837 4178 est
1901 4112 2076 4178 idem
2122 4113 2301 4199 quod
2363 4112 2461 4180 ad
2522 4113 2699 4201 apud
2742 4135 2879 4193 nos,
2932 4120 3004 4179 et

887 4215 1014 4281 odo
1059 4220 1159 4281 est
1201 4222 1450 4282 cantus.
1541 4214 1742 4280 Unde
1798 4213 2043 4280 dicitur
2086 4214 2387 4303 prosodia
2436 4216 2623 4301 quasi
2668 4219 3005 4294 accentus,

887 4324 1158 4407 propter
1232 4317 1408 4405 quod
1504 4316 1750 4382 dicitur
1825 4322 2147 4399 accentus,
2237 4316 2323 4382 ab
2414 4316 2659 4398 accino,
2734 4318 2996 4398 accinis,

885 4422 1061 4509 quod
1127 4426 1228 4488 est
1285 4419 1716 4537 compositum
1761 4420 1846 4485 de
1888 4419 1987 4486 ad
2046 4427 2117 4486 et
2159 4418 2241 4485 de
2288 4440 2476 4500 cano,
2524 4419 2673 4502 433,
2656 4445 2672 4460 ·
2734 4426 2807 4486 et
2850 4419 2999 4486 ideo

884 4525 1130 4591 dicitur
1171 4512 1476 4591 accentus
1520 4522 1708 4610 quasi
1753 4525 2081 4601 accantus,
2130 4522 2288 4610 quia
2330 4522 2453 4587 uni
2523 4522 2801 4609 syllabae
2844 4522 2995 4589 alias

883 4633 1324 4695 accantantur.
1419 4625 1738 4708 Quamvis
1780 4624 1921 4692 haec
1964 4624 2169 4691 dictio
2214 4624 2525 4712 calefacio
2567 4626 2659 4691 sit
2702 4624 2995 4712 quinque

881 4732 1298 4820 syllabarum,
1329 4752 1524 4819 super
1567 4752 1769 4795 uuam
1812 4734 2039 4795 tamen
2068 4728 2309 4795 residet
2350 4750 2549 4795 sonus
2592 4728 2990 4816 principalis,
