3517 5750
538 888 613 975 1.]
1209 901 1671 955 conrnunmn
1714 901 1966 955 srunn.
2507 887 2636 953 395

534 1083 604 1145 et
662 1078 1053 1164 apparentia
1109 1076 1249 1163 ejus
1323 1076 1703 1163 procedunt,
1767 1078 1838 1141 et
1903 1074 2138 1143 saltem
2211 1074 2336 1141 sub
2403 1075 2643 1144 umbra

533 1185 604 1245 et
660 1180 874 1267 figura
930 1178 1271 1267 sapientiae
1330 1178 1613 1265 palliant
1673 1178 1898 1247 omnia
1941 1198 2088 1265 quae
2132 1183 2640 1265 prosequuntur,

532 1282 633 1347 ita
706 1281 885 1367 quod
958 1281 1195 1349 saltem
1268 1280 1510 1347 volunt
1583 1281 1797 1349 videri
1871 1284 1944 1349 et
2001 1280 2234 1349 dicunt
2307 1301 2378 1347 se
2449 1300 2642 1367 agere

534 1383 879 1471 sapienter.

622 1485 1053 1550 Pulchritudo
1110 1488 1335 1550 tamen
1372 1489 1466 1554 ,et
1506 1483 1768 1552 utilitas
1833 1488 1905 1553 et
1947 1484 2450 1571 magnificentia,
2497 1506 2640 1573 spe-
2666 1495 2778 1547 The
2793 1498 2978 1577 beauty

534 1587 790 1653 cialiter
830 1588 907 1653 in
947 1586 1241 1674 quinque
1290 1588 1587 1655 relucent
1615 1613 1633 1671 ;
1690 1586 2002 1656 videlicet
2030 1592 2228 1674 prout
2271 1588 2638 1655 ventilatur
2665 1566 2960 1683 323¹ss

534 1691 607 1757 in
667 1690 907 1770 studim
970 1690 1509 1777 occupationibus
1568 1689 1777 1759 studii
1821 1690 2170 1760 doctoralis
2215 1690 2508 1757 utilibus
2567 1696 2639 1761 et
2663 1696 2718 1745 in
2741 1696 2828 1747 the
2959 1668 2974 1693 ²

534 1792 917 1879 magnificis,
986 1793 1061 1858 in
1126 1792 1305 1858 omni
1370 1792 1687 1861 facultate
1760 1792 2038 1881 legendo
2107 1796 2178 1859 et
2221 1792 2640 1880 disputando,
2665 1763 2904 1825 S⁰h⁰⁰¹⁸‘

532 1905 601 1966 et
645 1900 897 1965 coeteris
940 1898 1272 1965 exercitiis
1312 1898 1713 1967 scholasticae
1766 1898 2140 1985 disciplinae„
2817 1930 2828 1939 ·

626 2002 924 2068 Secundo
970 2002 1255 2087 qualiter
1316 2000 1647 2087 sapientia
1717 2000 2002 2069 eoelesiae
2062 2000 2193 2069 Dei
2257 2006 2636 2087 comparata
2663 2016 2718 2060 to
2739 2008 2826 2061 the

535 2127 678 2171 eam
748 2106 1029 2183 ordinat,
1104 2108 1467 2192 promovet,
1530 2110 1599 2170 et
1674 2103 1906 2190 dirigit
1985 2104 2062 2169 in
2130 2125 2324 2171 omne
2390 2104 2638 2171 bonum
2663 2075 2906 2137 chureh3

534 2206 895 2293 spirituale,
942 2212 1022 2273 ut
1064 2206 1291 2273 fideles
1333 2204 1575 2273 futurae
1618 2204 2054 2273 beatitudinis
2097 2205 2442 2291 praemium
2485 2227 2636 2273 con·-

534 2315 907 2396 sequantur.

624 2412 919 2477 Tertium
972 2415 1089 2492 est,
1142 2420 1223 2477 ut
1281 2410 1673 2497 disponatur
1734 2408 2100 2497 respublica
2141 2410 2436 2477 fidelium
2487 2432 2635 2479 cum
2661 2424 2716 2468 to
2737 2418 2824 2471 the

532 2512 1023 2600 temporalibus,
1076 2519 1147 2579 et
1204 2512 1431 2579 omnia
1472 2512 1669 2579 utilia
1726 2512 2020 2598 personis
2082 2518 2154 2581 et
2219 2512 2639 2582 multitudini
2663 2484 2843 2548 5³⁸⁸*

533 2637 651 2703 pro
730 2616 1017 2681 sanitate
1072 2636 1421 2703 corporum
1473 2616 1936 2695 conservanda,
2005 2620 2078 2683 et
2137 2615 2640 2703 prolongatione

534 2720 695 2785 vitae
739 2717 1046 2796 mirabili,
1092 2718 1165 2783 in
1215 2718 1409 2783 bonis
1452 2717 1741 2785 fortunae
1807 2738 1886 2783 ac
1941 2739 2219 2797 morum,
2273 2723 2343 2783 et
2403 2718 2640 2785 discre-

534 2821 751 2902 tioniS,
799 2824 869 2886 et
933 2820 1113 2907 pacis
1172 2842 1249 2885 ac
1300 2818 1589 2906 justitiae
1649 2820 1840 2903 fiant,
1900 2824 1972 2888 et
2015 2820 2251 2888 horum
2311 2820 2642 2892 contraria

533 2923 879 3011 magnifice
922 2923 1349 3010 repellantur.

623 3026 893 3106 Quarto,
940 3031 1021 3090 ut
1082 3045 1305 3090 omnes
1362 3024 1671 3090 nationes
1730 3024 2097 3093 infidelium
2149 3025 2640 3112 praedestinatae
2661 3026 2743 3106 fpr
2759 3043 2972 3082 eonver-

533 3129 619 3194 ad
692 3129 905 3194 vitam
981 3132 1303 3195 aeternam
1363 3132 1835 3194 convertantur
1908 3149 2152 3216 magna
2225 3128 2512 3197 efficacia
2569 3133 2638 3197 et
2661 3096 2956 3226 ffldfflffe

532 3230 743 3318 gloria
792 3229 951 3296 fidei
1016 3229 1431 3298 Christianae.
1636 3239 1642 3244 '

623 3332 895 3412 Quinte,
962 3337 1041 3398 ut
1108 3333 1228 3418 qui
1280 3331 1578 3399 converti
1651 3352 1788 3398 non
1851 3335 2143 3418 possunt,
2203 3332 2432 3419 praesci
2441 3333 2492 3402 ti
2550 3331 2638 3398 ad
2663 3338 2768 3390 Not
2787 3347 2844 3390 to
2864 3341 2928 3390 be

532 3435 881 3515 infernum,
936 3435 1385 3520 reprimantur
1450 3434 1643 3520 longe
1694 3433 1908 3520 magis
1955 3455 2074 3520 per
2118 3433 2264 3500 viae
2311 3438 2382 3500 et
2439 3455 2638 3521 opera
2660 3421 2858 3535 {ffi‘ffii
2877 3473 2948 3538 by

530 3537 887 3623 sapientiae,
919 3558 1117 3623 quam
1162 3559 1281 3623 per
1321 3535 1499 3602 bella
1534 3536 1757 3602 civilia
1795 3536 2126 3605 laicorum.
2221 3535 2416 3617 Quod
2459 3537 2638 3602 enim
2662 3537 2784 3588 civil
2802 3553 2922 3594 nr.

528 3639 746 3706 laicali
788 3639 1085 3706 ruditate
1128 3639 1449 3726 turgescit
1506 3659 1645 3706 non
1702 3636 1910 3710 habet
1965 3638 2273 3708 effectum
2331 3637 2464 3706 nisi
2507 3637 2636 3708 for-

533 3742 728 3821 tuit0,
790 3741 963 3808 sicut
1028 3739 1331 3806 videmus
1390 3739 1468 3804 in
1529 3739 1837 3806 omnibus
1903 3739 2094 3806 bellis
2160 3761 2386 3808 eorum
2459 3740 2639 3808 ultra

530 3863 708 3910 mare
752 3847 824 3908 et
866 3843 1079 3923 citra3
1138 3842 1255 3908 sed
1313 3863 1512 3929 opera
1561 3842 1904 3929 eapientiae
1961 3848 2144 3912 certa
2184 3843 2330 3930 lege
2385 3844 2636 3912 vallan-

529 3950 659 4026 tur,
714 3949 783 4012 et
841 3945 917 4010 in
958 3945 1160 4010 finem
1212 3945 1514 4012 debitum
1574 3945 1922 4014 efficaciter
1979 3946 2406 4033 diriguntur3
2463 3947 2637 4014 sicut

530 4047 791 4134 antiqui
824 4047 1153 4134 principes
1184 4069 1303 4134 per
1340 4047 1669 4135 sapientes
1709 4048 2128 4138 philosophos
2167 4049 2420 4138 operati
2460 4055 2638 4119 sunt.

532 4145 709 4216 Nam
759 4149 1041 4236 legimus
1088 4149 1267 4236 quod
1317 4149 1701 4216 Alexander
1746 4151 2034 4238 Magnus
2083 4151 2354 4220 consilio
2406 4156 2476 4218 et
2533 4175 2636 4218 ea-

530 4249 785 4339 pientia
850 4249 1235 4320 Aristotelis
1299 4251 1651 4332 destruxit,
1712 4254 1926 4339 magis
1999 4273 2200 4339 quam
2275 4252 2638 4323 debellavit

534 4353 747 4420 decies
808 4359 1089 4421 centena
1130 4353 1343 4422 millia
1402 4352 1766 4433 hominum,
1816 4355 1891 4420 in
1940 4355 2198 4422 duabus
2241 4355 2473 4441 primis
2519 4376 2636 4423 ex-

530 4457 981 4542 peditionibus
1056 4461 1291 4525 contra
1344 4477 1530 4544 reges
1592 4455 1930 4538 Orientisg
1989 4477 2140 4526 cum
2213 4461 2441 4526 tamen
2497 4477 2636 4523 non

528 4557 771 4624 habuit
826 4559 903 4626 in
960 4581 1081 4626 suo
1148 4559 1445 4628 exercitu
1516 4557 1649 4626 nisi
1722 4558 1857 4624 tria
1929 4562 2001 4626 et
2072 4557 2356 4646 triginta
2427 4558 2642 4626 millia

528 4660 847 4747 peditum,
900 4665 973 4728 et
1036 4665 1325 4747 quatuor
1388 4660 1604 4728 millia
1674 4661 1974 4748 equitum
2045 4661 2466 4760 guingentoa
2535 4661 2638 4730 ita
