3517 5750
563 1368 675 1419 The
698 1369 854 1420 refor-

564 1436 753 1485 mation
776 1436 837 1486 of

558 1502 645 1552 the
666 1503 833 1553 calen-

561 1570 665 1619 dar.

902 858 977 920 21
993 858 1033 921 2
1620 867 1880 919 Roosm
1925 866 2218 919 mcoms
2823 848 2999 937 [οΑΡ.

898 1064 1167 1132 vespere
1214 1048 1283 1111 et
1325 1064 1521 1110 mane
1566 1043 1706 1110 dies
1748 1064 1938 1110 unus.
2031 1044 2208 1131 Ergo
2273 1044 2395 1107 hoc
2460 1062 2696 1129 vesper
2753 1048 2824 1107 et
2883 1040 3006 1107 hoc

897 1170 1091 1213 mane
1134 1151 1292 1212 sunt
1335 1150 1555 1233 partes
1598 1145 1798 1213 unius
1842 1146 1974 1213 diei
2017 1146 2381 1224 naturalis3
2425 1150 2496 1210 et
2541 1166 2775 1231 vesper
2823 1145 3006 1231 prius

898 1250 1183 1339 ponitur,
1231 1256 1303 1316 et
1346 1250 1494 1317 ideo
1539 1250 1856 1338 praecedit
1899 1251 2076 1316 diem
2121 1248 2552 1315 artificialem.
2789 1244 2800 1255 ⁰

988 1354 1155 1421 Haec
1228 1354 1437 1441 igitur
1510 1354 1802 1440 quinque
1875 1352 2201 1419 notabilia
2267 1350 2448 1418 volui
2521 1372 2760 1437 ponere
2833 1351 3001 1415 circa

896 1462 1158 1544 tempus
1248 1456 1729 1522 consideratum
1819 1453 2178 1521 secundum
2289 1454 2434 1539 ejus
2541 1453 2998 1518 substantiam.

898 1560 1097 1627 Nunc
1142 1559 1295 1626 volo
1338 1563 1611 1645 tangere
1656 1580 1750 1636 ea,
1783 1578 1934 1643 quae
1979 1557 2208 1645 scripsi
2255 1557 2338 1622 de
2381 1556 2794 1643 passionibus
2837 1561 3004 1621 tem-

898 1684 1149 1750 porum.
1241 1660 1335 1727 Et
1378 1681 1540 1728 voco
1586 1661 1918 1747 passiones
1961 1660 2070 1725 hic
2113 1660 2558 1746 primationes,
2604 1658 2994 1737 lunationes,

898 1770 969 1831 et
996 1764 1431 1841 embolismos,
1465 1768 1535 1829 et
1579 1762 1976 1849 hujusmodi,
2009 1784 2156 1849 quae
2199 1764 2274 1827 in
2317 1766 2628 1849 computo
2673 1767 2742 1827 et
2771 1762 3000 1827 kalen-

896 1868 1083 1933 dario
1125 1866 1636 1933 considerantur.
1727 1864 1820 1930 Et
1863 1865 1972 1931 hic
2017 1865 2230 1931 oritur
2297 1886 2470 1930 unus
2515 1864 2596 1929 de
2641 1865 3000 1949 majoribus

892 1970 1215 2037 fructibus
1280 1968 1715 2047 astronomiae‚
1763 1968 1882 2055 qui
1941 1967 2242 2035 consistit
2285 1968 2358 2032 in
2403 1967 2887 2055 compositione,
2933 1971 3002 2034 et

894 2074 1309 2153 correctione,
1356 2077 1427 2139 et
1472 2072 1827 2152 intellectu,
1873 2076 1946 2137 et
1989 2092 2114 2136 usu
2157 2070 2528 2136 kalendarii
2571 2075 2642 2136 et
2685 2070 2996 2157 computi.

898 2178 991 2242 Et
1034 2176 1167 2244 duo
1212 2174 1663 2264 principaliter
1726 2174 2122 2239 considerari
2197 2178 2516 2260 possunt:
2583 2194 2796 2239 unum
2855 2194 3000 2260 per-

896 2280 1071 2345 tinet
1116 2278 1201 2344 ad
1248 2278 1715 2344 correctionem
1790 2275 2179 2354 kalendarii,
2256 2276 2434 2362 quod
2523 2280 2626 2341 est
2713 2276 3000 2341 maxime

894 2382 1264 2448 notandum
1309 2384 1461 2469 post
1510 2378 1978 2446 correctionem
2025 2378 2207 2445 Sacri
2253 2378 2526 2459 Textus,
2571 2384 2652 2443 ut
2695 2400 2814 2443 suo
2858 2378 2997 2443 loco

893 2484 1173 2549 inferius
1248 2487 1633 2573 exponetur.
1756 2481 1937 2546 Nam
1997 2480 2349 2546 horribiles
2413 2485 2482 2546 et
2526 2480 2688 2546 viles
2747 2502 2998 2546 errores

894 2589 1053 2652 sunt
1098 2584 1244 2665 hic;
1302 2584 1463 2672 quia
1506 2606 1591 2649 ex
1637 2584 2018 2671 ignorantia
2085 2577 2409 2670 computi‚'
2442 2582 2793 2649 secundam
2858 2583 2999 2649 vias

893 2688 1331 2765 astronomiae,
1364 2687 1771 2775 permittunt
1800 2686 2065 2774 praelati
2109 2686 2280 2752 hanc
2323 2686 2812 2773 corruptionem
2855 2708 2997 2773 reg-

893 2812 1062 2856 nare.
1157 2788 1475 2870 Quamvis
1548 2789 1725 2855 enim
1841 2790 2205 2857 astronomi
2285 2790 2439 2869 sint,
2519 2788 2636 2876 qui
2733 2793 3000 2876 possent

894 2893 1269 2979 hujusmodi
1312 2892 1798 2980 corruptionem
1845 2892 2074 2958 tollere
2097 2889 2155 2974 ;ι
2205 2898 2433 2958 tamen
2481 2913 2618 2958 non
2645 2897 2804 2956 sunt
2831 2893 2994 2973 ausi,

888 2996 1031 3062 sine
1076 2995 1471 3062 auctoritate
1516 2996 1757 3060 summi
1819 2994 2169 3082 pontificis,
2217 2995 2574 3060 secundum
2621 2995 2798 3081 quod
2841 3016 2996 3060 con-

890 3097 1119 3164 cilium
1159 3098 1465 3184 generale
1516 3097 1864 3164 ordinavit.
1957 3097 2090 3164 Sed
2135 3098 2218 3163 de
2263 3097 2384 3163 hoc
2443 3097 2760 3178 inferius3
2821 3119 2998 3164 nunc

889 3223 1027 3288 prae
1095 3201 1401 3266 manibus
1468 3205 1627 3266 sunt
1693 3201 1864 3281 alia3
1925 3201 2102 3265 inter
2164 3221 2312 3285 quae
2377 3221 2512 3265 una
2559 3199 2643 3264 de
2687 3200 2996 3265 maximis

889 3302 1391 3370 difficultatibus
1436 3303 1831 3381 continetur,
1877 3308 1948 3368 et
1991 3302 2296 3367 similiter
2340 3303 2519 3389 quod
2569 3323 2704 3367 non
2769 3304 2996 3368 termi-

888 3409 1163 3474 nabitur
1204 3407 1335 3472 nisi
1402 3429 1517 3494 per
1584 3406 1910 3471 auxilium
1977 3405 2224 3492 papale,
2272 3405 2432 3490 quia
2495 3425 2618 3470 nec
2675 3405 2991 3470 certifica-

550 3515 663 3567 The
676 3519 790 3569 date
812 3521 873 3572 of
888 3511 1072 3576 bitur
1159 3510 1425 3588 veritas,
1504 3529 1623 3574 nec
1712 3507 1969 3573 falsitas
2057 3507 2488 3588 excludetur3
2579 3511 2650 3572 et
2723 3513 2823 3572 est
2910 3508 2991 3572 de

548 3583 635 3634 the
656 3584 817 3636 cruci-

548 3649 721 3703 fixion.

888 3613 1197 3678 Pas-sione
1242 3610 1529 3677 Domini.
1622 3609 1735 3674 Ad
1781 3611 1903 3675 hoc
1945 3631 2104 3674 vero
2147 3609 2668 3696 intelligendum,
2701 3614 2772 3674 et
2817 3631 2992 3696 quae-

888 3715 1043 3780 dam
1088 3715 1237 3794 alia,
1286 3733 1435 3799 quae
1479 3712 1625 3778 volo
1672 3713 1779 3777 hic
1821 3718 2112 3800 tangere,
2160 3715 2423 3798 oportet
2489 3733 2610 3778 nos
2653 3713 2990 3778 revolvere

886 3815 1442 3882 considerationes
1488 3814 1924 3880 Hebraeorum
1993 3815 2066 3879 in
2133 3803 2600 3892 astronomicis,
2649 3819 2719 3880 et
2763 3815 2836 3879 in
2896 3817 2991 3881 eis

883 3939 1031 4002 quae
1076 3917 1164 3982 ad
1206 3916 1665 3982 kalendarium
1712 3923 1782 3981 et
1825 3921 2225 4004 computum,
2273 3921 2546 4004 propter
2587 3917 2798 4004 legem
2861 3919 2989 3984 Dei

882 4019 1229 4096 sciendam,
1308 4019 1747 4105 requiruntur.
1859 4019 2036 4086 Nam
2099 4020 2256 4084 licet
2329 4018 2402 4082 in
2447 4019 2518 4083 M
2520 4019 2686 4105 ajori
2731 4019 2946 4107 Opere
2963 4021 2990 4058 2

884 4121 1075 4208 plura
1147 4119 1372 4209 scripsi
1448 4119 1530 4186 de
1606 4121 1729 4186 hac
1803 4122 2100 4202 materia,
2163 4126 2387 4186 tamen
2455 4121 2678 4210 aliqua
2743 4123 2986 4189 certius

882 4229 1173 4310 tangam,
1220 4227 1491 4310 propter
1550 4223 1888 4289 infinitam
1953 4223 2430 4290 difficultatem.
2523 4225 2700 4292 Gens
2759 4229 2983 4292 autem

883 4325 1322 4394 Hebraeorum
1410 4324 1851 4394 consideravit
1925 4347 2180 4414 semper
2267 4331 2528 4414 tempus
2594 4329 2838 4408 lunare,
2915 4335 2986 4396 et

2507 4547 2734 4554 -...--—-——
2764 4547 2856 4554 κ..
2884 4547 2958 4554 *-

912 4681 1001 4808 f⁸T
994 4677 1178 4746 tollere]
1205 4681 1428 4740 emedio,
1444 4681 1605 4732 added
1627 4679 1683 4731 in
1702 4693 1862 4747 marg.
1969 4757 1992 4822 j
2043 4681 2064 4710 ⁸
2090 4677 2276 4747 Opere]
2315 4697 2412 4732 om.
2439 4681 2500 4733 Τ.
2581 4681 2676 4733 See
2697 4681 2838 4747 Opus
2861 4683 2977 4733 Ma-

878 4774 909 4808 o
988 4795 1015 4808 ..
1997 4775 2069 4820 us,
2093 4773 2140 4826 p.
2174 4764 2283 4810 122.
