3517 5750
862 838 950 900 48
1607 849 1863 900 noomu
1908 848 2203 900 mcoms
2786 833 2962 924 [car.

860 1023 1355 1111 distinguantur
1414 1023 1562 1088 duae
1636 1027 1874 1109 partes,
1930 1021 2219 1108 practica
2276 1026 2347 1086 et
2404 1019 2825 1108 speculativa,
2886 1027 2966 1088 ut

859 1126 1048 1191 docet
1091 1125 1434 1191 Avicenna
1476 1124 1690 1211 primo
1734 1124 1923 1190 Artis
1967 1121 2353 1203 Medicinae,¹
2413 1128 2640 1190 tamen
2692 1125 2963 1190 moralis

859 1227 1271 1314 philosophia
1319 1225 1459 1292 sola
1515 1226 1758 1292 dicitur
1802 1225 2286 1292 antonomatice
2336 1231 2406 1291 et
2462 1225 2725 1313 proprie
2779 1247 2963 1313 prac-

857 1330 1034 1394 tica:
1083 1329 1242 1415 quia
1265 1326 1583 1416 pmctica
1625 1328 1871 1394 dicitur
1913 1349 1957 1392 a
1994 1324 2229 1413 prm,
2260 1327 2437 1413 quod
2482 1333 2583 1394 est
2612 1327 2917 1414 operatio
2934 1351 2965 1408 ,-

859 1437 930 1496 et
971 1452 1107 1496 non
1149 1451 1194 1496 a
1250 1451 1650 1518 quacunque,
1700 1429 1817 1495 sed
1860 1429 1946 1494 ab
1998 1430 2375 1516 operatione
2426 1434 2668 1509 nostra,
2716 1429 2965 1496 scilicet

863 1531 946 1597 de
992 1533 1241 1598 virtute
1289 1537 1360 1598 et
1406 1532 1590 1610 vitio,
1643 1531 1763 1596 de²
1812 1530 2127 1597 felicitate
2174 1536 2243 1598 et
2286 1552 2498 1619 poena.
2592 1531 2683 1596 Et
2740 1551 2964 1598 omnes

863 1634 1012 1700 aliae
1073 1635 1384 1700 dicuntur
1448 1632 1887 1720 speculativae,
1944 1653 2093 1718 quae
2156 1653 2291 1698 non
2350 1632 2767 1700 considerant
2796 1632 2964 1700 ‘haec

863 1757 1060 1821 opera
1100 1735 1263 1802 vitae
1305 1735 1646 1822 praesentis
1707 1739 1778 1800 et
1838 1733 2098 1815 futurae,
2144 1733 2385 1820 quibus
2428 1735 2627 1800 homo
2670 1733 2965 1800 salvatur

864 1836 971 1901 vel
1013 1835 1380 1902 damnatur.
1473 1833 1716 1900 Omnia
1744 1856 1903 1902 vero
1946 1855 2145 1921 opera
2186 1835 2348 1900 artis
2382 1840 2452 1900 et
2492 1840 2747 1901 naturae
2790 1836 2963 1901 ordi-

861 1943 1108 2003 nantur
1149 1937 1236 2002 ad
1285 1937 1426 2004 haec
1470 1957 1666 2024 opera
1708 1935 2001 2016 moralia,
2046 1942 2118 2004 et
2160 1942 2317 2002 sunt
2360 1940 2625 2024 propter
2667 1957 2785 2017 ea;
2844 1957 2965 2002 nec

860 2039 1107 2105 habent
1149 2038 1506 2105 utilitatem
1551 2039 1682 2103 nisi
1725 2039 2082 2104 secundum
2127 2038 2307 2125 quod
2357 2038 2661 2124 operibus
2703 2059 2962 2104 morum

863 2141 1281 2221 deserviunt3
1327 2146 1397 2206 et
1440 2140 1590 2206 ideo
1649 2138 1953 2226 practicae
1998 2145 2069 2206 et
2118 2139 2472 2227 operativae
2515 2139 2823 2220 scientiae,
2883 2145 2964 2204 ut

863 2242 1392 2329 experimentalis
1435 2242 1716 2308 alkimia
1758 2245 1829 2307 et
1886 2245 2138 2322 coetera,
2186 2241 2498 2308 dicuntur
2542 2242 2961 2328 speculativas

863 2349 1160 2430 respectu
1187 2343 1657 2429 operationum,
1689 2363 1839 2429 quae
1884 2347 2041 2408 sunt
2084 2343 2157 2407 in
2200 2342 2434 2408 morali
2478 2364 2593 2409 seu
2636 2341 2742 2408 in³
2784 2342 2963 2408 civili

864 2445 1149 2510 scientia.
1226 2445 1318 2510 Et
1359 2443 1501 2511 haec
1544 2441 1820 2510 scientia
1860 2449 1963 2509 est
2006 2443 2273 2510 domina
2300 2445 2591 2531 partium
2637 2443 2961 2510 omnium⁴

862 2545 1311 2634 philosophiae,
1357 2551 1428 2612 et
1469 2545 1686 2613 utitur
1729 2546 1826 2613 eis
1868 2551 1939 2612 et
1980 2545 2281 2633 imperat,
2325 2550 2595 2633 propter
2636 2545 2962 2613 utilitates

865 2648 1212 2714 civitatum
1271 2653 1342 2714 et
1397 2669 1763 2735 regnorum.
1884 2646 2061 2713 Nam
2113 2667 2229 2734 per
2287 2647 2456 2714 hanc
2514 2647 2757 2714 debent
2808 2647 2961 2734 eligi

864 2749 1161 2814 homines
1205 2749 1321 2835 qui
1381 2749 1692 2815 studeant
1747 2749 1821 2813 in
1880 2748 2155 2816 diversis
2216 2747 2502 2815 scientiis
2558 2753 2628 2814 et
2688 2747 2957 2829 artibuS,

865 2855 1132 2939 propter
1175 2851 1422 2917 bonum
1465 2873 1838 2934 commun03
1869 2856 1939 2918 et
1981 2873 2206 2918 omnes
2250 2851 2321 2917 in
2350 2849 2618 2919 civitate
2648 2856 2717 2918 et
2758 2873 2962 2941 regno

862 2955 954 3019 sic
999 2953 1277 3032 ordinat,
1307 2957 1388 3019 ut
1429 2952 1650 3019 nullus
1693 2959 2033 3021 remaneat
2076 2955 2335 3022 otiosus,

531 3068 627 3121 nin
646 3069 728 3121 six
748 3072 825 3123 ‹li-
951 3055 1042 3121 Et
1103 3054 1244 3121 haec
1307 3054 1508 3121 habet
1567 3076 1683 3121 sex
1749 3060 1971 3142 partes
2031 3076 2341 3143 magnas:
2423 3056 2639 3142 prima
2701 3056 2962 3122 ordinat

529 3137 818 3269 ζξξξῇἶζξ
861 3156 1190 3223 hominem
1237 3156 1324 3223 ad
1368 3155 1603 3236 Deum,
1650 3157 2008 3223 secundum
2054 3156 2232 3243 quod
2274 3177 2414 3223 esse
2457 3156 2710 3243 posset⁶
2752 3157 2961 3245 philo-

528 3269 737 3335 loeophy
757 3289 838 3322 ι-
861 3257 1126 3345 sophiae‚
1173 3264 1243 3325 et
1292 3256 1608 3325 certificat
1651 3280 1803 3345 quae
1844 3263 2065 3345 potest
2109 3258 2190 3324 de
2234 3258 2397 3337 Dec,
2458 3264 2527 3325 et
2570 3260 2653 3325 de
2696 3259 2960 3347 angelis,

523 3334 777 3466 ffmffiw
862 3365 932 3425 ct
975 3358 1401 3442 daemonibus,
1451 3365 1521 3426 et
1569 3360 1716 3427 vita
1772 3360 2015 3441 futura,
2062 3364 2203 3425 tam
2255 3359 2338 3425 de
2380 3360 2591 3447 gloria
2633 3382 2833 3446 quam
2877 3361 2959 3426 dc

859 3484 1099 3549 poena3
1158 3468 1229 3529 et
1269 3484 1404 3528 non
1447 3462 1660 3529 solum
1720 3463 1803 3528 de
1854 3462 2000 3528 vita
2056 3462 2310 3542 anime,
2354 3462 2469 3527 sed
2513 3461 2598 3527 de
2640 3460 2963 3550 corporis⁶

858 3564 1341 3632 resurrectione.
1463 3564 1555 3630 Et
1613 3565 1785 3629 mira
1832 3564 2229 3651 scripserunt
2285 3562 2655 3651 philosophi
2706 3564 2781 3629 in
2836 3564 2959 3630 hac

859 3672 1062 3751 parte.
1182 3665 1360 3731 Nam
1404 3687 1612 3752 usque
1654 3666 1742 3731 ad
1797 3664 2134 3731 Christum
2178 3670 2249 3731 et
2294 3664 2571 3731 Beatam
2617 3664 2957 3753 Virginem

859 3766 1441 3833 considerationem
1486 3788 1672 3832 suam
1712 3767 2191 3845 exaltaverunt,
2222 3766 2393 3833 sicut
2429 3767 2639 3835 scribo
2666 3770 2739 3833 in
2774 3772 2961 3855 parte

857 3868 1074 3956 prima
1140 3866 1410 3932 Moralis
1478 3868 1935 3955 Philosophiae.
2060 3868 2152 3934 Et
2218 3867 2415 3955 hujus
2482 3870 2654 3937 ratio
2718 3891 2963 3956 magna

858 3972 974 4043 est,
1023 3967 1182 4052 quia
1224 3968 1580 4055 patriarchi
1637 3976 1708 4035 et
1749 3969 2087 4058 prophetae
2130 3990 2268 4035 non
2310 3969 2521 4036 solum
2566 3971 2960 4058 scripserunt

855 4069 937 4135 de
975 4068 1118 4135 Deo
1162 4068 1234 4135 in
1278 4069 1503 4135 Veteri
1535 4070 1971 4154 Testamento,
2017 4070 2132 4139 sed
2175 4072 2249 4139 in
2292 4072 2521 4138 multis
2562 4072 2711 4139 aliis
2754 4071 2958 4151 libris,

929 4486 944 4516 ¹
978 4484 1121 4538 Artis
1141 4484 1432 4552 Medicina]
1471 4484 1605 4537 circa
1625 4484 1730 4537 init.
1756 4485 1793 4540 f.
1812 4492 1859 4537 4.
2028 4486 2047 4515 ⁴
2059 4486 2279 4551 partim
2308 4484 2539 4552 omnium]
2588 4483 2809 4537 omnium
2844 4498 2959 4550 pu-

859 4566 938 4618 ed.
968 4571 1112 4618 1522.
1960 4564 2103 4626 tium,
2136 4564 2198 4617 T.

924 4644 1052 4711 'deJ
1089 4652 1154 4706 et,
1189 4644 1250 4697 B.
2028 4642 2374 4711 ἐυεροωεε]
2412 4642 2644 4708 possibile
2674 4649 2768 4705 ott,
2800 4642 2862 4694 T.

927 4722 1048 4790 ἰη
1085 4738 1184 4776 om.
1220 4722 1282 4775 T.
2026 4722 2311 4789 ‘carpos-in]
2348 4736 2629 4787 corporum,
2660 4720 2722 4774 B.
