3517 5750
1378 886 1553 937 orus
1596 886 1832 937 mnus,
2523 870 2650 935 851

550 1064 839 1130 cundum
867 1068 939 1129 et
968 1060 1241 1129 lamech.
1336 1062 1427 1127 Et
1463 1062 1537 1127 in
1576 1062 1678 1127 his
1720 1062 1813 1129 sic
1856 1061 2330 1149 congeminatis
2371 1065 2658 1127 utuntur

550 1188 689 1232 una
743 1188 865 1253 pro
924 1165 1057 1231 alia
1114 1163 1419 1245 maxime,
1464 1186 1668 1249 quum
1728 1165 1967 1231 volunt
2013 1164 2280 1250 aliquod
2331 1168 2654 1229 secretum

552 1268 893 1335 occultam.
986 1267 1079 1333 Et
1122 1266 1269 1332 ideo
1314 1288 1463 1332 cum
1508 1267 1630 1333 em
1672 1271 1743 1333 et
1797 1264 1938 1333 both
1989 1267 2126 1331 sint
2179 1266 2654 1353 congeminata,

552 1370 745 1458 ponit
794 1370 928 1435 duo
976 1367 1097 1435 sim,
1146 1390 1267 1455 pro
1319 1369 1575 1434 duobus
1626 1367 1786 1449 beth,
1833 1372 1904 1434 et
1951 1369 2180 1434 eadem
2226 1370 2488 1435 ratione
2537 1390 2656 1455 pro

557 1472 813 1540 lamech
854 1473 1075 1589 posuit
1120 1469 1293 1558 cwph
1336 1473 1732 1552 secundum3
1779 1476 1850 1537 et
1893 1493 1928 1537 8
1977 1476 2282 1537 nostrum
2327 1470 2512 1537 valet
2555 1492 2660 1535 eo-

554 1598 704 1641 rum
748 1575 867 1641 sim
908 1575 983 1640 in
1026 1575 1405 1662 proposito;
1449 1579 1521 1641 et
1564 1597 1599 1639 c
1640 1578 1937 1640 nostrum
1965 1575 2152 1641 valet
2187 1572 2357 1661 caph
2396 1596 2662 1653 eorum3

556 1678 689 1743 nisi
741 1678 919 1764 quod
969 1677 1166 1743 debet
1212 1678 1503 1764 asperari
1548 1698 1583 1741 c
1632 1682 1950 1757 nostrum,
2002 1676 2170 1743 sicut
2217 1676 2476 1745 sesach.
2571 1676 2663 1740 Et

560 1782 653 1847 sic
705 1781 788 1846 de
840 1780 987 1845 aliis
1047 1780 1364 1867 exemplis
1414 1779 1699 1845 infinitis
1754 1779 1876 1845 ubi
1926 1779 2198 1867 ponitur
2255 1780 2472 1867 ipsum
2523 1778 2663 1844 He·

559 1884 831 1964 braeum,
886 1889 1027 1949 tam
1070 1884 1145 1949 in
1186 1883 1469 1972 prologis
1514 1888 1583 1949 et
1626 1883 1699 1947 in
1742 1886 1940 1949 textu
1993 1904 2194 1969 quam
2237 1882 2310 1947 in
2356 1881 2662 1969 originali

558 1992 629 2051 et
716 1986 917 2052 108818.

652 2009 783 2155 Sged
826 2088 1019 2174 longe
1061 2088 1273 2175 magis
1316 2088 1399 2154 de
1446 2086 1673 2153 Graeco
1720 2086 1960 2153 accidit
1997 2087 2138 2153 haec
2177 2086 2469 2173 quaestio,
2512 2086 2664 2171 quia
2686 2110 2966 2177 Ignoranee

560 2191 709 2278 plus
753 2194 857 2257 est
900 2191 981 2256 de
1025 2190 1249 2256 Graeco
1294 2190 1369 2255 in
1410 2190 1715 2277 prologiS,
1752 2188 1826 2253 in
1867 2194 2060 2255 textu
2107 2194 2176 2255 et
2217 2188 2662 2275 originalibus,
2687 2178 2748 2228 Οἳ
2763 2178 2949 2231 Goeek.

562 2299 635 2359 et
662 2294 735 2357 in
761 2292 1022 2379 glossis3
1065 2292 1222 2379 quia
1252 2293 1471 2377 plures
1512 2292 1722 2357 sancti
1758 2291 2094 2357 sciverunt
2132 2292 2282 2379 plus
2323 2293 2404 2357 de
2437 2291 2664 2357 Graeco

562 2416 762 2481 quam
808 2396 890 2461 de
920 2394 1207 2460 Hebraeo
1233 2418 1252 2474 ;
1296 2398 1499 2481 atque
1538 2394 1840 2460 Graecum
1874 2416 2131 2482 semper
2173 2394 2304 2459 fuit
2343 2395 2556 2482 magis
2595 2396 2668 2457 in

560 2518 689 2562 usu
749 2496 1137 2562 Latinorum
1202 2518 1401 2583 quam
1464 2496 1840 2574 Hebraeum,
1903 2501 2173 2583 propter
2246 2497 2386 2583 ejus
2459 2496 2666 2561 facili-

560 2604 777 2665 tatem
851 2604 1051 2684 atque
1126 2598 1653 2663 convenientiam
1714 2600 2113 2679 nationum3
2181 2600 2356 2665 unde
2427 2621 2670 2685 magna

561 2722 717 2789 pars
770 2700 989 2767 Italiae
1038 2701 1377 2766 dicebatur
1437 2702 1810 2786 antiquitus
1871 2702 2116 2787 Magna-
2173 2700 2440 2767 Graecia.
2532 2702 2670 2765 Au·-

564 2805 869 2892 gustinus
927 2826 1087 2869 vero
1146 2804 1325 2884 dicit,
1375 2804 1659 2869 secundo
1721 2803 1826 2867 De
1877 2802 2199 2869 Doctrina
2245 2802 2664 2882 Christiana,¹

570 2908 827 2972 Latinae
888 2907 1135 2994 linguae
1208 2907 1511 2972 homines
1586 2906 1842 2972 duabus
1917 2907 2066 2971 aliis
2139 2906 2225 2971 ad
2277 2907 2669 2972 'divinarum

570 3009 1055 3097 Scripturarum
1132 3009 1574 3096 cognitionem
1650 3031 1816 3096 opus
1873 3010 2136 3075 habent.
2239 3009 2332 3074 Et
2391 3011 2669 3096 ipsemet

568 3113 756 3200 ponit
816 3112 1118 3199 exempla
1174 3112 1247 3177 in
1311 3111 1535 3177 Graeco
1595 3111 1692 3176 ibi
1752 3117 1824 3176 et
1881 3113 2044 3177 alibi
2105 3113 2379 3199 copiose.
2483 3113 2668 3177 Dicit

566 3216 773 3302 igitur
818 3216 993 3300 quod
1035 3215 1201 3280 illud
1246 3214 1330 3278 ad
1361 3207 1960 3280 Thessalonicenses
2007 3214 2077 3301 [i.
2112 3219 2171 3292 3,
2216 3215 2306 3301 7.]
2339 3239 2354 3278 :
2406 3222 2443 3251 “
2465 3215 2666 3300 Prop-

569 3325 609 3354 “
652 3324 833 3384 terea
900 3317 1213 3382 consolati
1287 3337 1513 3381 sumus
1586 3316 1823 3381 fiatres
1881 3317 1956 3380 in
2015 3317 2261 3382 vobisss'
2369 3317 2669 3382 Dubium

570 3426 670 3485 est
712 3426 939 3484 utrum
1000 3420 1090 3484 sit
1138 3419 1191 3484 O
1232 3417 1507 3504 fratres,
1562 3419 1671 3483 vel
1720 3441 1834 3484 vos
1869 3417 2144 3504 fratrea.
2255 3418 2390 3484 Sed
2440 3419 2670 3504 lingua

572 3521 799 3587 Graeca
834 3522 953 3586 hos
992 3543 1175 3586 casus
1212 3543 1399 3607 pares
1439 3542 1575 3586 non
1614 3520 1832 3585 habet.
1925 3521 2017 3585 Et
2045 3520 2192 3586 ideo
2233 3520 2350 3584 illa
2376 3521 2672 3607 inspecta

568 3624 960 3688 enunciatur
1010 3645 1193 3688 casus
1244 3623 1588 3689 vocativus
1644 3623 1697 3688 0
1735 3623 2018 3708 fratres.
2127 3631 2162 3658 “
2194 3621 2261 3687 N
2265 3644 2352 3687 on
2399 3633 2498 3688 est
2557 3623 2673 3687 ab-

572 3735 608 3762 “
652 3726 1027 3792 sconditum
1088 3747 1131 3791 a
1194 3747 1299 3790 me
1360 3747 1433 3790 os
1498 3731 1688 3791 tuum
1736 3726 1914 3812 quod
1964 3724 2234 3803 fecisti‚”
2279 3746 2416 3790 non
2461 3725 2673 3791 elucet

570 3829 817 3915 legenti
874 3833 1102 3894 utrum
1162 3833 1461 3915 correpta
1518 3851 1587 3894 οε
1647 3829 1850 3894 dictio
1902 3829 2318 3917 producatur,
2373 3849 2462 3894 an
2523 3849 2674 3916 pro-

572 3932 928 3997 nunciatur
987 3953 1059 3997 os
1110 3933 1441 4017 producta.
1559 3931 1692 3996 Sed
1738 3931 1904 3996 talia
1949 3932 2194 4018 linguae
2252 3931 2678 4018 praecedentis

572 4033 979 4120 inspectione
1042 4033 1501 4118 dijudicantur.
1596 4033 1776 4098 Nam
1836 4035 1909 4098 in
1969 4035 2200 4100 Graeco
2261 4056 2397 4100 non
2459 4033 2678 4116 στόμα,

575 4137 690 4201 sed
738 4137 937 4202 ὀστέον
979 4137 1267 4224 positum
1312 4143 1429 4214 est,
1484 4137 1661 4222 quod
1712 4142 1812 4200 est
1863 4157 1951 4214 os,
2001 4137 2212 4217 088i8;
2261 4142 2334 4202 et
2377 4137 2679 4204 similiter

574 4243 677 4303 est
733 4239 831 4304 ibi
876 4239 1236 4304 Hebraeum
1280 4260 1398 4326 pro
1444 4259 1595 4317 osse,
1643 4259 1778 4303 non
1837 4261 1957 4326 pro
2015 4259 2137 4303 ore.
2229 4239 2322 4303 Et
2375 4239 2680 4303 similiter

576 4365 727 4411 cum
779 4345 945 4410 dicit
987 4345 1383 4432 Apostolus:
1443 4351 1477 4381 “
1511 4343 1729 4432 Ipsius
1795 4345 2052 4409 factura
2117 4344 2399 4421 sumus,''
2445 4344 2676 4430 Ephes,

575 4447 643 4512 ii.
679 4447 847 4534 [10].
939 4447 1357 4534 Augustinus
1400 4447 1602 4512 habet
1613 4447 1970 4532 flymenta,
2005 4453 2074 4512 et
2106 4446 2371 4513 Graecus
2392 4453 2676 4533 poem,-

1089 4771 1102 4802 ¹
1126 4769 1212 4822 De
1232 4771 1481 4822 Doctrina
1509 4768 1822 4836 Christiana]
1859 4767 1912 4821 ii.
1936 4768 1966 4836 ξ
1989 4773 2071 4834 22,
2095 4775 2178 4821 2³.
