3517 5750
32 5 125 14 ---——
146 5 369 14 *ὴν-ἿἮ
392 7 435 11 ή-

556 911 674 998 rv.]
1392 925 1749 978 APPENDIX
1794 929 1837 976 1.
2528 915 2657 980 533

552 1100 806 1188 magica
865 1103 1155 1188 potestas
1222 1101 1314 1166 sit
1379 1101 1646 1168 inferior
1707 1103 1811 1168 his
1876 1101 2180 1190 operibus
2239 1105 2308 1166 et
2369 1101 2657 1187 indigna.

552 1201 647 1267 Et
688 1203 902 1290 primo
946 1225 1062 1291 per
1127 1203 1408 1292 figuram
1455 1209 1525 1270 et
1569 1205 1897 1271 rationem
1946 1205 2144 1271 solius
2205 1205 2383 1269 artis.
2480 1203 2659 1269 Nam

549 1305 994 1373 instrumenta
1063 1307 1425 1393 navigandi
1499 1313 1777 1396 possunt
1850 1307 1995 1373 fieri
2067 1309 2207 1374 sine
2282 1305 2661 1372 hominibus

551 1408 1044 1496 remigantibuS,
1107 1414 1188 1475 ut
1254 1431 1457 1475 naves
1501 1407 1830 1488 maximae,
1876 1409 2177 1475 fluviales
2238 1414 2306 1474 et
2364 1408 2573 1474 marin
2582 1431 2655 1488 ae,

549 1511 848 1577 ferantur
897 1513 1090 1578 unico
1135 1512 1398 1578 homine
1443 1517 1730 1600 regente,
1786 1511 2020 1597 majori
2064 1511 2413 1578 velocitate
2460 1533 2659 1598 quam

551 1613 610 1678 si
652 1614 864 1702 plenae
924 1619 1140 1680 essent
1197 1614 1591 1680 hominibus,
1687 1614 1864 1680 Item
1910 1635 2137 1679 currus
2197 1618 2471 1701 possunt
2516 1613 2659 1679 fieri

551 1722 631 1783 ut
677 1718 818 1784 sine
883 1718 1156 1784 animali
1209 1722 1604 1784 moveantur
1655 1739 1806 1784 eum
1866 1717 2121 1806 impetu
2167 1717 2659 1796 inaeetimabili3

550 1824 631 1886 ut
682 1820 1095 1888 aestimamus
1139 1843 1369 1888 currus
1415 1821 1642 1886 falcati
1662 1817 1681 1856 ¹
1729 1820 1950 1901 fuisse,
1998 1819 2240 1906 quibus
2284 1820 2659 1905 antiquitus

553 1925 988 2011 pugnabatur.
1089 1925 1266 1991 Item
1325 1929 1602 2012 possunt
1661 1924 1805 1990 fieri
1866 1923 2311 1990 instrumenta
2368 1923 2657 2004 volandi,

553 2032 634 2093 ut
679 2028 874 2095 homo
937 2028 1164 2095 sedeat
1229 2029 1304 2094 in
1362 2027 1578 2094 medio
1641 2026 2073 2094 instrumenti
2133 2026 2478 2092 revolvens
2540 2025 2661 2090 ali-

555 2129 731 2216 quod
775 2130 1133 2217 ingenium,
1179 2152 1298 2216 per
1359 2130 1540 2216 quod
1601 2129 1724 2196 alae
1786 2129 2221 2195 artificialiter
2282 2129 2661 2216 compositae

553 2238 771 2298 aerem
839 2233 1206 2313 verberent,
1253 2233 1340 2298 ad
1399 2233 1669 2298 modum
1733 2233 1881 2297 avie
1938 2231 2247 2298 volantis·
2338 2231 2513 2296 Item
2556 2232 2659 2297 in—

555 2339 1014 2416 strumentum,
1079 2357 1359 2424 parvum
1419 2335 1494 2400 in
1559 2336 1937 2421 quantitate
1998 2335 2086 2400 ad
2148 2335 2537 2401 elevandum
2592 2339 2662 2401 et

556 2437 1056 2524 deprimendum
1122 2437 1412 2524 pondera.
1473 2438 1664 2522 quasi
1707 2437 1993 2518 infinita,
2040 2459 2171 2524 quo
2214 2437 2386 2502 nihil
2428 2437 2661 2502 utilius

556 2545 658 2606 est
701 2540 776 2606 in
817 2563 988 2608 casu.
1081 2539 1152 2606 N
1153 2563 1262 2606 am
1313 2562 1431 2627 per
1473 2541 1990 2607 instrumentum
2035 2540 2413 2606 altitudinis
2456 2541 2662 2606 trium

557 2642 934 2729 digitorum,
982 2647 1051 2708 et
1110 2641 1488 2708 latitudinis
1547 2643 1940 2722 eorumdem,
1998 2647 2069 2709 et
2126 2643 2398 2718 minoris
2458 2663 2663 2728 quan-

557 2745 796 2826 titatis,
860 2750 1080 2832 posset
1141 2746 1337 2812 homo
1398 2745 1686 2832 seipsum
1753 2753 1825 2812 et
1891 2746 2093 2812 socios
2155 2767 2307 2812 suos
2350 2745 2436 2812 ab
2481 2747 2664 2811 omni

557 2847 844 2935 periculo
923 2848 1198 2915 carceris
1271 2847 1538 2935 eripere,
1615 2853 1686 2915 et
1759 2849 2034 2929 elevare,
2114 2853 2186 2915 et
2259 2847 2665 2916 descendere.

559 2951 793 3017 Posset
857 2951 1058 3017 etiam
1123 2952 1204 3017 de
1269 2950 1446 3017 facili
1505 2951 1650 3017 fieri
1715 2952 2237 3018 instrumentum
2300 2972 2431 3037 quo
2492 2970 2665 3017 unus

558 3055 754 3121 homo
817 3055 1110 3121 traheret
1155 3054 1242 3119 nd
1313 3076 1385 3119 se
1451 3054 1634 3119 mille
1699 3054 1996 3121 homines
2075 3076 2191 3142 per
2256 3054 2664 3137 violentiam,

553 3157 737 3225 mala.
803 3178 1027 3223 eorum
1090 3157 1482 3237 voluntate;
1551 3161 1622 3221 et
1684 3156 1778 3223 sio
1842 3158 1923 3243 de
1988 3156 2185 3223 rebus
2250 3157 2397 3223 aliis
2460 3163 2667 3224 attra-

559 3259 805 3325 hendin
935 3258 1220 3325 Possunt
1281 3258 1482 3324 etiam
1557 3257 2004 3324 instrumenta
2057 3259 2201 3325 fieri
2274 3259 2668 3325 ambulandi

559 3363 636 3427 in
679 3364 868 3443 mari,
900 3361 1009 3428 vel
1051 3362 1458 3441 fluminibuS,
1491 3382 1699 3445 usque
1751 3362 1839 3425 ad
1882 3360 2163 3427 fundum
2208 3362 2455 3449 absque
2497 3364 2666 3450 peri-

560 3466 708 3531 culo
753 3466 1089 3553 corporali.
1177 3464 1246 3529 N
1245 3486 1356 3529 am
1401 3463 1781 3529 Alexander
1839 3484 2115 3551 magnus
2165 3464 2270 3529 his
2329 3486 2485 3531 usus
2547 3470 2665 3545 est,

561 3573 644 3634 ut
687 3574 934 3635 secreta
987 3567 1184 3633 maris
1227 3567 1502 3647 videret,
1546 3566 1903 3633 secundum
1964 3567 2141 3653 quod
2184 3566 2460 3633 Ethicus
2518 3590 2671 3634 nar-

561 3677 668 3737 rat
719 3675 1146 3739 astronomus.
1239 3669 1405 3737 Haec
1448 3675 1671 3735 autem
1709 3668 1903 3740 ‚faeta
1960 3673 2118 3734 sunt
2162 3670 2551 3757 antiquitus,
2598 3676 2669 3737 et
2762 3658 2770 3665 ’

563 3774 807 3841 nostris
853 3773 1261 3860 temporibus
1303 3772 1481 3839 facta
1525 3777 1703 3853 sunt,
1749 3775 1832 3837 ut
1874 3776 2127 3837 eertum
2172 3777 2311 3853 est3
2372 3772 2503 3838 nisi
2546 3771 2669 3839 sit²

561 3878 1078 3943 instrumentum
1139 3874 1431 3956 volandi,
1483 3874 1660 3961 quod
1723 3895 1861 3941 non
1926 3874 2086 3957 vidi,
2154 3898 2275 3941 nec
2336 3875 2671 3941 hominem

564 3978 680 4065 qui
725 3978 1002 4044 vidisset
1045 3979 1363 4065 eognovi3
1423 3979 1538 4043 sed
1579 3977 1941 4064 sapientem
1990 3979 2107 4063 qui
2150 3978 2272 4044 hoo
2316 3978 2670 4045 artificium

565 4081 976 4169 excogitavit
1038 4080 1301 4168 explere
1365 4100 1694 4169 cognosco.
1806 4078 1897 4145 Et
1940 4080 2209 4147 infinita.
2271 4082 2457 4169 quasi
2508 4084 2673 4149 talia.

563 4183 710 4251 fieri
755 4190 1074 4271 possunt3
1138 4189 1218 4249 ut
1268 4188 1502 4270 pontes
1559 4182 1738 4249 ultra
1798 4183 2077 4250 flumina
2140 4184 2283 4251 sine
2345 4184 2667 4265 columna,

563 4286 674 4353 vel
733 4286 958 4373 aliquo
1023 4285 1488 4365 sustentaquO,
1533 4291 1604 4353 et
1665 4284 2201 4369 machinationes,
2270 4292 2338 4353 et
2406 4289 2673 4375 ingenia

565 4389 882 4456 inaudita.

633 4780 878 4860 *file-ati]
917 4790 1145 4856 falcares,
1166 4788 1282 4845 MS.
1612 4788 1624 4860 Ι
1716 4788 1738 4822 ⁸
1758 4792 1857 4843 nisi
1882 4790 1973 4860 sit]
2010 4798 2206 4857 praeter,
2240 4792 2329 4859 11„
