3517 5750
534 882 722 972 v111.]
1209 899 1674 952 comm-smmi
1717 899 1969 952 srunn.
2504 887 2636 954 495

535 1073 651 1140 fiet
693 1071 1048 1142 diminutio
1075 1073 1582 1162 eomputationis
1609 1075 1865 1142 circiter
1910 1073 2262 1141 dimidium
2304 1075 2480 1156 anni,
2528 1075 2639 1142 vel

532 1177 696 1262 plus,
743 1177 920 1264 quod
963 1181 1066 1244 est
1114 1177 1445 1256 vitiosum,
1491 1182 1562 1244 et
1601 1177 1752 1244 ideo
1816 1177 2017 1244 debet
2059 1177 2315 1245 cautius
2374 1177 2635 1244 evitari.

533 1277 708 1359 Quia
735 1279 943 1366 igitur
971 1279 1114 1347 haee
1139 1285 1506 1368 sequuntur
1535 1301 1622 1346 ex
1663 1279 2045 1366 ignorantia
2072 1280 2400 1347 mensium
2446 1280 2631 1348 Grae-

531 1399 756 1446 eorum
800 1386 872 1448 et
902 1382 1354 1464 Hebraeorum,
1401 1388 1472 1449 et
1513 1384 1861 1448 nominum
1904 1403 2147 1464 eorum,
2180 1387 2251 1450 et
2292 1387 2511 1465 terrae,
2541 1385 2636 1450 sic

533 1505 650 1570 per
677 1487 892 1552 totam
921 1484 1352 1572 scripturam,
1381 1491 1652 1573 propter
1676 1485 2127 1573 ignorantiam
2174 1487 2459 1552 istarum
2510 1483 2646 1552 lin-4

531 1603 827 1669 guarum,
875 1588 1220 1669 ponuntur
1275 1583 1634 1672 positiones
1675 1583 2043 1651 falsissimoe
2102 1589 2175 1650 et
2234 1585 2638 1671 periculosae,

533 1689 605 1750 et
647 1684 1064 1752 celebrantur
1106 1707 1226 1774 pro
1253 1688 1556 1766 veritate,
1603 1692 1674 1754 et
1715 1687 2152 1776 negliguntur
2194 1688 2641 1774 expositiones

535 1788 940 1874 dignissimae
1000 1791 1072 1855 et
1136 1790 1588 1858 veracissimae.
1681 1789 1818 1856 Sed
1892 1789 1981 1856 ed
2054 1811 2341 1877 praesens
2414 1811 2641 1878 super-

535 1891 897 1957 sedendum
961 1901 1082 1974 est,
1145 1893 1306 1979 quia
1367 1895 1632 1980 oportet
1692 1911 1815 1958 nos
1880 1892 1971 1958 ad
2029 1892 2162 1958 alia
2226 1893 2641 1980 pertransire.

534 1993 746 2060 Tenui
801 1999 1028 2061 temen
1087 1995 1340 2062 diutius
1387 1995 1558 2062 hanc
1607 1999 1866 2082 partem
1912 1993 2105 2060 istius
2162 1998 2509 2074 tractatus,
2572 2000 2643 2060 et

533 2097 727 2182 plura
787 2097 1100 2184 loquutus
1157 2119 1324 2180 sum,
1386 2098 1544 2184 quia
1592 2097 1702 2162 hic
1759 2097 1931 2164 latet
1988 2095 2119 2182 maj
2126 2119 2199 2163 or
2242 2097 2639 2184 ignorantia,

534 2204 606 2265 et
669 2219 849 2266 error
913 2199 1308 2268 Latinorum
1376 2199 1801 2288 periculosior
1844 2205 1913 2268 et
1976 2199 2195 2266 vilior.
2287 2200 2465 2281 Quia
2520 2219 2643 2266 nec

533 2303 752 2368 sciunt
794 2303 1091 2384 seribere,
1136 2323 1260 2371 nec
1300 2304 1588 2390 proferre
1629 2303 1972 2383 voeabula,
2016 2321 2139 2368 nee
2196 2301 2637 2389 interpretati,

533 2425 656 2470 nee
740 2405 1066 2472 rationem
1155 2405 1586 2493 philosophiae
1673 2427 1799 2473 nec
1904 2403 2254 2494 theologiae
2342 2405 2633 2485 reddere,

534 2513 804 2594 propter
845 2509 1292 2597 ignorantiam
1335 2508 1695 2576 infinitam.

1415 2836 1580 2905 CAP.
1627 2833 1751 2904 IX.

628 3024 926 3091 HAnms
982 3024 1192 3089 causis
1245 3027 1516 3111 propter
1576 3046 1742 3113 quas
1800 3043 2058 3093 neeesse
2116 3030 2219 3091 est
2276 3029 2355 3090 ut
2406 3022 2635 3092 Latini
2660 3038 2773 3091 The
2796 3038 2967 3092 Greek

537 3128 750 3193 sciant
791 3125 956 3193 satis
1001 3126 1084 3193 de
1127 3128 1560 3215 grammatica
1619 3129 1899 3194 aliarum
1956 3129 2351 3217 linguarum,
2400 3129 2634 3209 saltem
2660 3106 2799 3223 :ff
2779 3108 2895 3224 ἓξ*

535 3230 760 3312 trium,
851 3230 1100 3296 scilieet
1174 3230 1437 3310 Graecoe,
1519 3230 1884 3311 Hebraieae‚
1954 3236 2025 3298 et
2087 3231 2405 3311 Arabiooe,
2480 3232 2635 3299 volo
2658 3254 2867 3304 powers.

534 3332 818 3419 incipere
891 3353 934 3397 a
1009 3330 1254 3411 (ΞΜ,
1324 3333 1483 3419 quia
1554 3332 1813 3400 facilior
1882 3338 1987 3399 est
2060 3338 2131 3399 et
2202 3334 2414 3421 magis
2486 3354 2639 3399 0011-

535 3436 726 3501 venit
783 3454 935 3501 eum
979 3435 1242 3502 Latino.
1338 3434 1574 3502 Omnis
1632 3436 1813 3502 enim
1870 3435 2105 3524 lingua
2161 3436 2377 3523 primo
2420 3436 2641 3503 utitur

535 3536 886 3623 alphabeto
971 3538 1044 3602 in
1115 3558 1247 3623 quo
1309 3537 1521 3605 literae
1587 3544 1931 3625 ponuntur
1998 3538 2321 3604 ordinate.
2416 3538 2641 3603 Litera

537 3660 696 3705 vero
735 3638 1094 3707 secundum
1123 3640 1534 3707 Priscianum
1580 3646 1684 3706 est
1727 3640 2005 3729 proprie,
2036 3640 2251 3727 figura
2276 3640 2351 3706 in
2378 3641 2640 3727 scripte,

538 3748 610 3809 et
683 3740 1082 3809 elementum
1172 3743 1419 3810 dicitur
1505 3744 1580 3808 in
1667 3742 2227 3831 pronuntiatione.
2364 3740 2644 3808 Utimur

538 3866 676 3911 uno
717 3866 838 3933 pro
905 3844 1036 3911 alio
1082 3845 1559 3913 indifferenter.
1653 3846 1909 3913 Ponam
1968 3866 2127 3913 vero
2172 3846 2435 3913 Graecas
2494 3845 2645 3912 lite—

535 3970 644 4015 ras
727 3968 880 4014 cum
962 3948 1194 4036 figuris
1261 3953 1332 4015 et
1403 3949 1783 4017 nominibus
1866 3948 2017 4029 suis,
2082 3955 2153 4015 et
2218 3948 2497 4036 majores
2574 3954 2647 4016 et

534 4050 820 4117 minores
861 4050 1107 4140 figuras
1149 4051 1437 4138 ejusdem
1483 4052 1696 4120 literae
1757 4050 2076 4140 figurabO,
2098 4051 2119 4089 ¹
2174 4058 2377 4140 atque
2420 4074 2645 4139 super·

535 4154 816 4220 scribam
856 4154 1100 4241 figuras
1160 4153 1507 4221 literarum
1560 4154 1971 4236 Latinarum,
2016 4158 2097 4221 ut
2140 4156 2387 4222 sciatur
2446 4177 2643 4242 quem

535 4278 787 4337 sonum,
833 4260 906 4322 et
949 4278 1148 4343 quam
1193 4261 1594 4345 potestatem
1639 4258 1933 4325 habeant
1982 4258 2193 4325 literae
2243 4258 2639 4337 Groeeorum,

533 4364 617 4425 ut
679 4380 800 4445 per
857 4365 1114 4426 nostras
1159 4358 1242 4425 de
1300 4358 1476 4426 facili
1521 4359 1863 4426 videamus
1930 4382 2081 4447 quae
2146 4366 2219 4426 et
2280 4364 2447 4446 quot
2504 4360 2643 4425 sint

531 4462 790 4527 vocales
863 4469 934 4529 et
1007 4468 1456 4543 consonantes,
1535 4482 1686 4549 quae
1768 4462 1973 4529 etiam
2047 4468 2269 4543 mutae,
2346 4466 2419 4528 et
2493 4482 2643 4549 quae

533 4564 821 4652 liquidae.
945 4565 1140 4648 Item,
1218 4567 1380 4653 quia.
1465 4564 1680 4632 Graeci
1766 4568 2125 4631 numerant
2208 4584 2331 4652 per
2416 4565 2642 4631 literas

859 4814 1143 4882 ’,ἣρω-0110]
1184 4814 1279 4869 See
1301 4812 1390 4867 the
1411 4814 1545 4867 table
1568 4820 1622 4867 at
1642 4813 1730 4867 the
1751 4814 1852 4866 end
1872 4812 1935 4866 of
1949 4812 2035 4866 the
2056 4811 2272 4869 volume.
