3517 5750
502 1658 615 1713 'rho
630 1660 817 1727 pruina

502 1730 752 1779 bestowed
768 1744 835 1780 on

502 1796 641 1846 these
662 1796 761 1845 sci-

502 1876 649 1913 ences
681 1862 753 1927 by

504 1928 815 1980 theFathers.
860 1960 874 1977 .

508 2686 666 2743 Their

508 2758 679 2823 utility
700 2756 756 2806 in

508 2823 717 2890 helping
738 2832 791 2876 to

506 2889 747 2955 interpret

508 2955 721 3010 difficult

510 3091 779 3155 senptnre.

861 854 995 918 200
1604 866 1866 919 noosm
1911 866 2204 919 mcoms
2787 856 2961 943 [cn.

860 1040 1065 1106 cendo
1110 1040 1293 1118 alios,
1326 1044 1395 1107 et
1440 1042 1832 1129 exponendo
1863 1040 2289 1129 Scripturam,
2323 1048 2392 1109 et
2435 1040 2768 1109 laudando
2820 1065 2964 1110 eam

856 1164 1057 1229 super
1100 1164 1325 1208 omnes
1384 1143 1551 1209 alias
1596 1142 1924 1211 scientias.
2045 1142 2140 1207 Et
2197 1144 2354 1209 licet
2415 1144 2488 1209 in
2555 1144 2770 1230 Opere
2823 1145 2967 1210 Ma-

850 1242 987 1330 jori
1047 1244 1329 1331 probavi
1398 1244 1519 1312 hoc
1581 1268 1699 1333 per
1774 1246 2018 1311 multas
2091 1246 2520 1311 auctoritates
2573 1250 2964 1325 sanctorum,

861 1344 1117 1411 tamen¹
1190 1346 1299 1412 hic
1360 1347 1515 1413 volo
1578 1368 1786 1413 unam
1850 1370 2078 1415 earum
2123 1348 2382 1427 referre,
2429 1370 2579 1435 quae
2623 1353 2724 1415 est
2767 1370 2966 1435 gene-

862 1448 1017 1513 ralis
1063 1448 1149 1514 ad
1194 1454 1409 1516 totam
1472 1450 2010 1517 mathematicam
2055 1455 2126 1516 et
2169 1456 2456 1537 quatuor
2513 1451 2658 1537 ejus
2723 1456 2964 1538 pat-tw,

860 1571 1007 1635 quae
1074 1556 1234 1617 sunt
1293 1552 1672 1637 geometria,
1736 1552 2168 1630 arithmetica,
2234 1554 2650 1634 astronomia,
2695 1553 2962 1619 musica.

860 1650 1047 1719 Dicit
1098 1674 1249 1719 eum
1310 1654 1753 1731 Cassiodorus,
1769 1653 1797 1692 ²
1858 1654 2087 1721 doctor
2136 1654 2426 1723 famosus
2488 1654 2562 1721 in
2615 1654 2958 1743 theologia,

858 1756 980 1821 has
1022 1755 1329 1822 scientias
1373 1761 1659 1843 quatuor
1702 1755 1862 1822 dum
1907 1757 2192 1823 sollicita
2251 1762 2478 1824 mente
2541 1758 2960 1835 revolvimus,

858 1878 1124 1923 sensum
1182 1864 1448 1936 acuunt,
1495 1859 1860 1945 limumque
1903 1858 2300 1947 ignorantiae
2345 1860 2718 1947 detergunt,
2765 1865 2833 1925 et
2877 1860 2964 1925 ad

854 1960 1037 2027 illam
1110 1960 1583 2049 speculativam
1662 1961 2330 2049 contemplationem?
2408 1961 2700 2027 Domino
2773 1962 2968 2048 largi-

854 2068 1025 2143 ente,
1072 2064 1459 2152 perducunt.
1552 2064 1733 2145 Quas
1778 2064 2016 2131 merito
2077 2064 2292 2130 sancti
2339 2068 2562 2151 patres
2624 2061 2966 2151 legendas*

856 2167 1302 2253 persuadent3
1348 2167 1506 2254 quia
1550 2189 1635 2233 ex
1678 2188 1923 2255 magna
1963 2172 2152 2253 parte
2215 2189 2334 2255 per
2375 2189 2486 2233 eas
2547 2166 2880 2253 appetitus
2923 2188 2966 2231 a

857 2270 1233 2337 carnalibus
1277 2272 1477 2337 rebus
1522 2269 1978 2349 abstrahitur3
2023 2274 2094 2336 et
2123 2270 2379 2337 faciunt
2423 2270 2788 2335 desiderare
2817 2292 2966 2356 quse

858 2374 1011 2452 sole,
1046 2374 1335 2441 Domino
1379 2373 1723 2460 largiente,
1756 2370 1987 2438 corde⁵
2015 2394 2358 2459 possumus
2401 2372 2732 2459 respicere.
2791 2372 2964 2453 Quo-

857 2478 1053 2543 modo
1082 2482 1307 2543 autem
1338 2475 1613 2543 laudant
1640 2474 1855 2541 sancti
1899 2474 2195 2562 singulas
2225 2480 2447 2562 partes
2479 2474 2965 2541 mathematicas

862 2580 1221 2645 secundum
1266 2601 1353 2658 se,
1401 2584 1471 2644 et
1515 2578 1587 2643 in
1632 2577 2032 2665 particulari,
2079 2582 2268 2664 patet
2312 2598 2400 2641 ex
2446 2577 2662 2664 Opere
2709 2576 2964 2663 Majori.

954 2682 1217 2749 Deinde
1262 2681 1579 2749 descendo
1624 2682 1711 2747 ad
1755 2678 2134 2747 utilitatem·
2150 2679 2634 2747 mathematicae
2673 2684 2970 2766 respectu

864 2782 1214 2871 theologiae
1258 2784 1469 2871 magis
1512 2782 1901 2869 specialiter,
1946 2788 2016 2848 et
2060 2781 2336 2849 ostendo
2381 2780 2558 2867 quod
2601 2781 2675 2846 in
2718 2787 2970 2867 septem

864 2886 1195 2952 radicibus
1238 2887 1497 2973 magnis
1550 2886 1915 2952 necessaria
1975 2891 2078 2951 est
2143 2885 2612 2951 mathematica
2671 2889 2972 2972 respectu

862 2988 1229 3076 theologius.
1322 2989 1415 3054 Et
1472 2993 1635 3055 sunt
1690 2987 1868 3056 haeo:
1941 2988 2248 3070 coelestia,
2293 2988 2437 3053 loca
2493 2986 2744 3066 mundi,
2806 2991 2973 3053 tem-

862 3113 1043 3178 pora,
1112 3090 1445 3177 passiones
1510 3095 1898 3177 temporum,
1963 3089 2238 3167 numeri,
2301 3089 2551 3177 figam,
2613 3088 2969 3156 musicalia·

868 3194 1175 3276 Quatuor
1280 3192 1495 3280 prima
1586 3192 1925 3278 pertinent
2017 3191 2104 3258 ad
2197 3191 2708 3272 astronomiam3
2815 3213 2972 3256 nam

861 3297 1004 3364 haec
1047 3296 1189 3363 sola
1235 3294 1319 3362 de
1363 3295 1497 3362 illis
1542 3295 1876 3361 certificat.
1969 3293 2062 3360 Et
2127 3293 2403 3362 ostendo
2465 3293 2692 3359 multis
2757 3293 2972 3360 modis

862 3400 1043 3486 quod
1118 3399 1409 3487 cognitio
1484 3397 1850 3464 coelestium
1927 3401 2031 3462 est
2103 3397 2372 3464 omnino
2445 3396 2824 3474 necessaria,
2901 3398 2976 3461 et

862 3509 1133 3590 propter
1207 3507 1475 3568 textum
1550 3505 1619 3568 et
1694 3503 1966 3586 propter
2041 3499 2416 3566 sententias.
2508 3498 2687 3564 Nam
2761 3499 2974 3564 multa

862 3605 1209 3692 disputant
1252 3603 1546 3691 theologi
1591 3603 1674 3668 de
1717 3602 1823 3668 his
1851 3625 1868 3683 ;
1931 3607 2000 3668 et
2043 3603 2259 3670 multa
2303 3603 2376 3666 in
2419 3605 2618 3668 textu
2661 3605 2732 3668 et
2775 3623 2976 3689 expo-

862 3707 1107 3772 sitione
1182 3706 1326 3791 ejus
1400 3705 1474 3770 in
1563 3703 1753 3770 libris
1827 3711 2204 3772 sanctorum
2293 3705 2750 3785 inveniuntur,
2827 3725 2974 3790 quae

860 3807 1115 3873 habent
1156 3829 1430 3894 magnas
1476 3805 1908 3874 difficultates.
1973 3806 2151 3874 Nam
2193 3807 2486 3894 theologi
2529 3807 2876 3894 disputant
2904 3807 2974 3873 in

864 3909 1215 3976 sententiis
1288 3909 1371 3974 de
1422 3908 1864 3976 continuitate
1909 3913 1980 3976 et
2033 3909 2114 3976 de
2159 3908 2594 3977 multitudine
2639 3909 2974 3989 coelorum,

862 4011 947 4076 de
990 4012 1207 4098 figura
1250 4032 1496 4090 eorum,
1542 4015 1613 4077 et
1688 4012 1772 4077 de
1831 4012 2086 4078 circulis
2149 4012 2524 4080 eccentricis
2588 4014 2660 4081 et
2721 4011 2976 4098 epicyc-

864 4113 1031 4193 licis,
1108 4117 1179 4180 et
1248 4113 1438 4195 aliis3
1537 4112 1619 4182 de
1692 4113 1985 4184 motibus
2061 4116 2396 4196 coelorum,
2471 4113 2554 4180 de
2627 4113 2980 4181 influentia

864 4216 1180 4284 coelorum
1226 4216 1299 4282 in
1344 4217 1487 4282 hoec
1546 4215 1874 4296 inferiora,
1925 4217 2006 4284 de
2072 4217 2230 4296 fate,
2293 4223 2364 4284 et
2424 4217 2801 4304 hujusmodi
2863 4238 2982 4303 per

859 4319 1155 4388 eoelestia
1196 4323 1495 4407 respectu
1537 4318 1840 4402 hominis,
1889 4326 1958 4387 et
1988 4321 2072 4386 de
2114 4319 2343 4388 multis
2385 4320 2533 4387 aliis
2585 4343 2662 4387 ac
2705 4320 2977 4408 magnis.

928 4552 943 4584 ¹
979 4549 1161 4618 tamen]
1190 4565 1301 4616 quae
1318 4556 1500 4610 tamen,
1532 4548 1596 4600 B.
2017 4549 2036 4580 ⁴
2069 4550 2232 4600 sancti
2237 4557 2411 4616 patres
2445 4547 2694 4619 leyendas]
2731 4547 2970 4614 legendas

930 4635 951 4664 ¹
988 4628 1327 4697 Cassiodorus]
1364 4629 1581 4682 DeArt.
1606 4643 1713 4693 cap.
1736 4625 1806 4678 iii.
1953 4629 2114 4681 sancti
2133 4635 2313 4693 patres.
2370 4621 2434 4681 Τ.

927 4713 948 4743 ⁸
978 4708 1439 4777 contemplationem]
1476 4707 1673 4761 written
1706 4708 1866 4760 above
2020 4709 2041 4740 ⁸
2066 4706 2233 4774 corde]
2261 4723 2360 4760 om.
2389 4707 2453 4760 Τ.

861 4789 1309 4852 εωωὶᾰσαείοηεηις
1340 4789 1413 4840 in.
1438 4787 1499 4840 Τ.
