3517 5750
888 838 1020 915 274
1658 854 1916 905 soom
1961 854 2253 909 BAcoms
2816 843 2993 935 [cn.

888 1024 959 1085 et
1002 1017 1270 1085 correxi.
1362 1016 1455 1083 Et
1511 1018 1637 1085 hoc
1678 1018 1829 1085 ideo
1872 1021 2058 1099 facio,
2104 1028 2185 1088 ut
2235 1020 2790 1090 certitudinaliter
2847 1044 2999 1090 con-

890 1120 1175 1189 siderare
1220 1125 1290 1187 et
1332 1120 1625 1189 conferre
1668 1124 1938 1210 possitis
1997 1124 2082 1191 de
2142 1125 2266 1192 hac
2308 1126 2588 1193 materia
2637 1148 2787 1194 cum
2832 1149 2993 1214 quo-

890 1244 1149 1312 cunque
1191 1224 1435 1291 velitis.

1692 1506 1854 1576 Cu».
1903 1504 2228 1573 LXVIII.

547 1720 661 1771 The
679 1734 845 1771 error·
972 1700 1116 1768 SED
1161 1701 1301 1769 haec
1343 1698 1677 1767 hactenus.
1801 1696 2002 1764 Nunc
2043 1719 2204 1764 vero
2247 1696 2523 1764 inferam
2567 1697 2748 1765 istud
2791 1722 2992 1789 nego-

546 1786 781 1905 gigig„
879 1803 1053 1870 tium
1099 1802 1182 1870 de
1224 1802 1631 1883 kalendario,
1679 1800 1860 1889 quod
1917 1821 2054 1866 non
2099 1800 2311 1867 solum
2370 1801 2642 1887 expedit
2687 1802 2990 1883 ecclesiae,

546 1934 687 1984 grou
708 1921 809 1971 and
878 1906 995 1975 sed
1058 1908 1235 1994 quod
1255 1905 1274 1944 ¹
1338 1907 1628 1973 maxime
1703 1904 1892 1971 decet
1953 1926 2118 1985 eam,
2181 1909 2251 1970 et
2317 1903 2493 1991 quod
2553 1904 2693 1971 sine
2751 1906 2992 1993 grandi

546 1987 813 2041 notorious.
876 2010 1165 2099 periculo
1240 2014 1310 2076 et
1326 2006 1354 2045 ⁹
1428 2006 1805 2075 confusione
1881 2005 2086 2073 vitari
2155 2027 2294 2071 non
2369 2009 2632 2093 potest3
2691 2009 2993 2095 quamvis

876 2118 1103 2178 tamen
1176 2135 1219 2179 a
1306 2110 1522 2199 longis
1594 2108 2002 2197 temporibus
2079 2107 2224 2195 jam
2309 2108 2547 2175 accidit
2635 2110 2992 2199 multiplex

878 2214 1135 2281 abusus.
1232 2213 1325 2279 Et
1368 2212 1683 2301 quoniam
1727 2215 1914 2279 totus
1967 2208 2075 2276 hic
2119 2231 2298 2276 error
2340 2210 2639 2299 procedit
2693 2234 2780 2279 ex
2823 2235 2992 2300 pura

878 2316 1255 2405 ignorantia
1283 2321 1352 2383 et
1398 2314 1808 2404 negligentia
1842 2312 2398 2393 considerationis,
2429 2318 2621 2381 tanto
2665 2319 2768 2405 est
2795 2314 2992 2381 vilior

879 2441 1098 2487 coram
1143 2418 1287 2486 Deo
1332 2423 1402 2486 et
1446 2417 1751 2485 omnibus
1769 2414 1796 2454 ³
1841 2416 2106 2509 sanctis,
2170 2421 2241 2482 et
2284 2416 2464 2505 apud
2493 2438 2734 2485 omnes.
2832 2417 2902 2485 Ν
2904 2441 2990 2485 on

878 2522 1093 2589 solum
1138 2522 1465 2608 sapientes
1526 2518 1907 2599 astronomi,
1955 2519 2070 2585 sed
2133 2524 2203 2585 et
2269 2519 2686 2608 computistae
2731 2520 2989 2608 vulgati

876 2626 1097 2691 sciunt
1137 2622 1571 2711 multiplicem
1614 2643 1918 2703 errorem,
1961 2626 2029 2687 et
2075 2619 2372 2687 scribunt
2415 2644 2612 2710 super
2654 2624 2777 2689 hoe
2819 2624 2992 2693 sicut

876 2732 948 2793 et
991 2726 1365 2805 astronomi,
1401 2747 1683 2813 quorum
1727 2730 2156 2811 utrorumque
2197 2725 2440 2811 scripta
2481 2748 2600 2812 per
2629 2726 2760 2791 Dei
2793 2726 2988 2793 eccle-

874 2828 1041 2896 siam
1082 2828 1361 2916 vulgata.
1412 2832 1585 2908 sunt,
1633 2826 1707 2894 in
1769 2826 2012 2914 quibus
2055 2848 2300 2894 errores
2321 2823 2348 2864 ⁴
2389 2826 2462 2894 hi
2521 2832 2858 2910 notantur,
2916 2834 2988 2899 et

879 2931 1076 2998 datur
1120 2931 1476 2998 consilium.
1554 2929 1690 2996 Sed
1731 2929 1954 2995 nullus
1995 2934 2265 3018 propter
2293 2929 2641 2998 concilium
2684 2931 2986 3020 generale

878 3055 1071 3100 ausus
1117 3036 1216 3099 est
1261 3033 1472 3100 facere
1516 3032 1639 3100 hoc
1684 3032 2064 3099 remedium.
2183 3031 2406 3100 Julius
2451 3032 2720 3119 quidem
2767 3034 2988 3102 Oaesar

874 3137 950 3204 in
1011 3137 1415 3204 astronomia
1482 3136 1749 3202 edoctus
1817 3135 2172 3224 complevit
2246 3134 2546 3202 ordinem
2619 3135 2988 3204 kalendarii

541 3256 654 3308 The
676 3258 851 3311 merita
874 3241 1235 3308 secundum
1279 3238 1457 3327 quod
1519 3237 1741 3327 potuit
1785 3243 2080 3324 tempore
2125 3258 2245 3303 suo
2270 3262 2289 3318 3
2374 3243 2459 3318 et,
2492 3239 2663 3305 sicut
2713 3244 2986 3305 narrant

540 3326 795 3443 ffgfi‘ise'of
875 3345 1187 3426 historiae,
1242 3349 1471 3410 contra
1536 3342 1870 3407 Achorum
1949 3343 2420 3424 astronomum,
2481 3344 2551 3407 et
2623 3339 2985 3408 Eudoxum

539 3457 626 3507 the
646 3457 824 3511 Julian
876 3447 1019 3533 ejus
1082 3447 1429 3524 doctorem,
1509 3443 1881 3531 disputavit
1945 3443 2020 3507 in
2079 3441 2375 3530 AEgypto
2451 3442 2532 3509 de
2607 3443 2985 3529 quantitate

540 3533 796 3642 ssiffipm‘
876 3549 1037 3616 anni
1098 3549 1342 3630 solaris,
1412 3569 1605 3636 super
1672 3566 1868 3631 quem
1943 3545 2296 3612 fundatum
2363 3551 2463 3612 est
2524 3545 2982 3614 kalendarium

875 3659 1193 3720 nostrum.
1327 3649 1547 3731 Unde,
1625 3649 1795 3714 sicut
1870 3647 2174 3714 Lucanus
2247 3647 2466 3727 refert,
2544 3647 2686 3740 ipse
2758 3647 2982 3718 Julius

877 3755 1097 3820 dixit:

1052 3882 1092 3912 “
1112 3874 1183 3942 N
1182 3895 1271 3940 on
1313 3896 1497 3942 meus
1540 3873 1810 3942 Eudoxi
1851 3874 2156 3942 vincetur
2211 3873 2492 3944 fastibus
2535 3875 2804 3944 annusfl
2818 3873 2849 3914 ⁶

962 4025 1096 4092 Sed
1138 4046 1273 4091 non
1316 4025 1623 4114 pervenit
1652 4025 1878 4091 Julius
1923 4026 2012 4091 ad
2041 4046 2268 4092 veram
2313 4025 2472 4092 anni
2517 4028 2979 4115 quantitatem,

871 4151 1071 4217 quam
1130 4127 1323 4216 ponit
1380 4129 1455 4193 in
1513 4127 1898 4193 kalendario
1937 4133 2182 4224 ‘nostro
2241 4133 2572 4196 trecentos
2631 4132 2982 4220 sexaginta

869 4234 1159 4320 quinque
1220 4231 1359 4298 dies
1418 4241 1486 4299 et
1546 4237 1852 4316 quartam
1903 4231 2036 4297 diei
2101 4232 2428 4320 integram
2464 4257 2481 4313 ;
2537 4255 2684 4320 quae
2743 4241 2981 4321 quarta

869 4335 1201 4425 colligitur
1274 4357 1392 4422 per
1466 4338 1753 4423 quatuor
1826 4355 2051 4413 annos,
2134 4338 2216 4399 ut
2289 4335 2363 4400 in
2437 4357 2612 4402 anno
2687 4337 2979 4404 bisextih'

934 4591 949 4622 ¹
972 4591 1123 4657 quod]
1161 4605 1262 4642 om.
1286 4589 1349 4640 Τ.
2039 4588 2059 4617 ⁸
2079 4585 2324 4656 omnibus]
2361 4585 2668 4654 hominibus,
2691 4587 2754 4641 Τ.

934 4671 955 4700 ²
976 4671 1080 4720 sine
1120 4668 1301 4736 yrandi
1346 4667 1566 4735 periculo
1634 4667 1709 4736 et]
1760 4667 1872 4720 sine
2039 4668 2056 4696 ⁴
2078 4667 2290 4733 etv-ores]
2327 4683 2426 4718 om.
2452 4667 2515 4718 Τ.
2537 4667 2602 4720 Β.

866 4749 1090 4813 periculo
1112 4757 1163 4801 et
1184 4749 1381 4815 grandi,
1405 4749 1467 4799 Τ.
2038 4747 2058 4777 ⁶
2079 4746 2267 4814 annus]
2295 4747 2472 4800 th-
2493 4761 2546 4802 Χ.
2575 4751 2684 4802 187.
