3517 5750
806 792 936 859 348
1568 804 1828 853 nouam
1871 802 2166 855 nacor-us

804 978 1003 1045 nibus
1046 974 1341 1043 recitatis
1385 976 1459 1040 in
1490 974 1920 1061 originalibus
1969 984 2360 1055 sanctorm,
2408 977 2523 1042 sed
2553 1000 2594 1043 a
2623 978 2669 1043 J
2675 978 2909 1067 osepho

806 1082 877 1145 in
922 1078 1420 1163 Antiquitatum
1494 1077 1702 1159 libris,
1750 1080 1866 1165 qui
1931 1081 2210 1167 exponit
2268 1085 2548 1161 textum,
2611 1086 2682 1146 et
2724 1082 2915 1167 ponit

804 1206 1069 1251 sensum
1113 1183 1406 1249 historiae
1436 1204 1653 1265 sacrae,
1702 1188 1774 1248 et
1815 1188 2040 1249 mutat
2087 1185 2285 1250 verba
2313 1184 2485 1251 sicut
2513 1186 2598 1251 -ei
2642 1186 2911 1272 placuit.

808 1287 1007 1353 Unde
1076 1286 1374 1353 moderni
1442 1286 1784 1371 corrigunt
1841 1287 2070 1364 multa,
2119 1293 2190 1352 et
2227 1292 2496 1353 mutant
2541 1308 2660 1373 per
2719 1310 2911 1371 eum3

802 1410 951 1455 cum
982 1394 1208 1455 tamen
1256 1389 1381 1455 hoe
1427 1409 1563 1453 non
1604 1388 1834 1454 deceat
1877 1388 2021 1455 fieri
2061 1389 2435 1475 aliquandO,
2481 1389 2612 1455 nisi
2655 1390 2910 1455 inveni-

804 1497 987 1557 retur
1052 1491 1125 1557 in
1188 1490 1423 1556 Bibliis
1486 1490 1792 1577 antiquis.
1887 1490 2146 1557 Deinde
2203 1492 2290 1557 ab
2359 1490 2567 1557 officio
2627 1492 2911 1558 ecclesiae

806 1594 1019 1659 multa
1076 1592 1413 1679 accipiunt
1478 1596 1549 1659 et
1624 1596 1884 1679 ponunt
1949 1592 2024 1657 in
2081 1597 2294 1659 textu.
2417 1592 2551 1659 Sed
2624 1592 2723 1658 illi
2795 1595 2910 1679 qui

803 1699 1189 1761 statuerunt
1234 1692 1537 1769 officium,
1582 1694 1797 1759 multa
1856 1699 2302 1771 mut-averunt,
2367 1698 2449 1761 ut
2493 1694 2910 1781 competebat

802 1797 1011 1864 officio
1086 1802 1353 1884 propter
1414 1794 1821 1861 intellectum
1895 1795 2275 1883 planiorem,
2335 1795 2423 1862 ad
2490 1796 2908 1863 devotionem

802 1899 1239 1966 excitandam.
1332 1897 1425 1962 Et
1484 1896 1754 1963 ecclesia
1801 1896 2102 1965 Romana
2159 1896 2364 1965 habet
2423 1898 2509 1963 ad
2561 1898 2686 1963 hoc
2757 1919 2910 1967 auc-

802 2003 1167 2077 toritatem,
1212 2004 1283 2065 et
1328 2002 1583 2065 ooeterae
1650 2021 1768 2087 per
1835 2021 2001 2065 eam.
2118 1998 2226 2065 Ex
2285 1998 2390 2065 his
2447 1999 2659 2085 igitur
2701 2001 2910 2067 causis

802 2126 1029 2171 omnes
1074 2103 1305 2169 dicunt
1336 2101 1551 2167 varias
1600 2122 1739 2167 esse
1791 2101 2018 2167 literas
2057 2100 2130 2167 in
2175 2106 2384 2167 textu.
2476 2101 2652 2167 Nam
2682 2102 2910 2172 dicunt

802 2227 1058 2293 semper
1104 2204 1283 2290 quod
1326 2203 1458 2269 alia
1499 2204 1599 2269 ita
1640 2208 1755 2275 est.
1849 2202 1942 2267 Et
1985 2203 2430 2291 multiplicant
2474 2204 2636 2269 istas
2687 2204 2909 2271 literas

801 2310 875 2375 in
918 2308 1101 2375 omni
1128 2308 1345 2373 verbo.
1438 2306 1530 2372 Et
1576 2305 1669 2372 sic
1712 2326 1782 2371 se
1836 2312 2176 2385 excusant,
2211 2306 2370 2391 quia
2413 2328 2552 2371 una
2578 2306 2908 2373 sententia

798 2411 1103 2498 pluribus
1160 2407 1573 2478 sermonibus
1648 2408 2076 2495 exprimatur.
2167 2406 2235 2473 N
2240 2428 2312 2473 ec
2386 2408 2627 2473 volunt
2692 2409 2906 2475 dicere

802 2515 979 2601 quod
1022 2516 1194 2579 sunt'
1209 2511 1357 2577 alite
1394 2510 1881 2591 translationeS,
1913 2510 2072 2595 quia
2102 2532 2303 2576 unam
2349 2510 2586 2576 volunt
2616 2512 2910 2577 confiteri

801 2616 1184 2702 simplicem,
1231 2613 1428 2681 aliam
1505 2611 1982 2699 compositam3
2059 2618 2130 2679 et
2189 2633 2398 2676 unum
2461 2617 2722 2680 textum
2769 2634 2907 2679 esse

801 2718 1167 2803 vulgatum,
1202 2716 1360 2801 quia
1410 2714 1609 2779 nimis
1662 2712 2204 2791 scandalizarent,
2245 2713 2422 2800 quod
2465 2735 2638 2779 unus
2682 2720 2910 2782 textus

800 2819 875 2886 in
936 2837 1070 2884 uno
1128 2816 1469 2884 volumine
1528 2816 1802 2884 haberet
1877 2816 2169 2884 diversas
2243 2816 2724 2884 translationes
2817 2818 2912 2886 Et

798 2923 947 2990 ideo
1012 2921 1246 2986 dicunt
1306 2919 1483 3004 quod
1544 2919 1838 3006 ejusdem
1899 2918 2361 2986 translationes
2431 2919 2705 2986 diversae
2748 2925 2911 2988 sunt

796 3025 1023 3092 literae.
1144 3021 1236 3091 Et
1278 3043 1413 3086 non
1472 3025 1789 3108 reputant
1835 3021 1956 3088 hoc
2015 3043 2154 3087 esse
2206 3043 2322 3108 per
2381 3043 2681 3088 errorem.
2773 3021 2906 3088 Sed

797 3147 1131 3213 nunquam
1180 3123 1439 3202 accidit,
1486 3125 1664 3212 quod
1718 3145 1888 3190 unus
1933 3124 2292 3200 translator
2333 3124 2406 3188 in
2449 3124 2908 3190 transferendo

796 3229 1089 3318 posuerit
1134 3229 1207 3297 in
1255 3230 1453 3293 textu
1506 3226 1737 3293 eodem
1782 3247 2110 3292 sermones
2165 3227 2454 3292 diversos
2499 3247 2618 3313 pro
2677 3228 2906 3294 eadem

796 3332 1142 3400 sententia.
1250 3329 1431 3396 Nam
1490 3329 1562 3394 in
1607 3327 2024 3415 philosophia
2085 3349 2204 3394 nec
2275 3327 2438 3394 alibi
2489 3333 2710 3416 potest
2781 3329 2906 3394 hoc

796 3437 957 3503 fieri.
1048 3433 1421 3500 Translatio
1482 3432 1661 3498 enim
1710 3430 2026 3516 quaelibet
2073 3430 2272 3496 debet
2300 3430 2542 3498 habere
2587 3453 2707 3498 sua
2757 3454 2905 3518 pro-

794 3540 941 3625 pria
1014 3538 1232 3616 verba,
1301 3534 1416 3602 sed
1491 3533 1952 3600 diversimodae
2017 3531 2268 3598 habent
2342 3532 2608 3600 diversa
2679 3534 2901 3600 verba.

799 3641 998 3708 Unde
1027 3641 1175 3708 istae
1206 3640 1415 3704 literae
1446 3636 1727 3702 diversae
1760 3655 1925 3720 quas
1970 3635 2280 3721 allegant,
2311 3640 2471 3700 sunt
2500 3636 2584 3701 de
2629 3635 2903 3702 diversis

793 3741 1357 3820 translationibus,
1434 3759 1595 3822 quas
1672 3737 1885 3804 sancti
1963 3737 2247 3804 recitant
2312 3738 2385 3801 in
2459 3738 2902 3826 originalibuS,

795 3870 995 3933 quam
1040 3847 1086 3912 J
1091 3845 1371 3930 osephus
1416 3843 1671 3920 recitat,
1726 3849 1795 3909 et
1855 3842 2123 3910 ecclesia
2168 3847 2590 3922 transmutat,
2639 3849 2709 3910 et
2751 3845 2904 3913 ideo

793 3947 1033 4016 accidit
1084 3945 1413 4031 corruptio
1450 3945 1735 4010 infinita.
1831 3944 1942 4010 Ex
1981 3966 2108 4032 quo
2157 3951 2497 4032 peccatum
2555 3946 2900 4013 infinitum

793 4052 866 4117 in
904 4049 1128 4116 studio
1167 4045 1540 4135 pullulavit.
1634 4046 2088 4134 Hieronymus
2127 4047 2328 4114 etiam
2367 4069 2562 4136 super
2593 4048 2898 4128 Genesin,

793 4159 863 4220 et
910 4173 1105 4240 super
1156 4149 1569 4230 Psalterium,
1616 4154 1685 4215 et
1730 4150 1804 4213 in
1847 4149 2078 4217 multis
2122 4150 2297 4229 locis,
2329 4152 2634 4238 exposuit
2681 4155 2895 4218 trans-

793 4257 1105 4324 lationem
1152 4252 1591 4340 Septuaginta
1635 4252 2097 4340 interpretum,
2129 4275 2328 4340 quam
2358 4259 2552 4320 vocat
2581 4258 2896 4334 nostram,

793 4361 951 4448 quia
1008 4365 1172 4424 tunc
1234 4377 1460 4422 omnes
1528 4355 1808 4421 ecclesiae
1868 4375 2003 4421 usae
2061 4364 2222 4423 sunt
2279 4356 2410 4421 illa.
2503 4355 2658 4422 Non
2718 4356 2894 4422 enim

792 4461 1225 4529 transtulerat
1270 4464 1429 4524 tunc
1492 4479 1579 4524 ex
1644 4455 1952 4538 Hebraeo,
2007 4478 2129 4522 nec
2189 4457 2392 4522 etiam
2437 4463 2732 4546 tempore
2775 4479 2898 4524 suo
2917 4501 2934 4514 -

790 4565 919 4630 fuit
963 4565 1105 4650 ejus
1150 4560 1500 4628 translatio
1564 4564 1825 4646 recepta
1885 4559 2336 4626 communiter.
2429 4559 2520 4626 Et
2573 4559 2721 4626 ideo
2765 4559 2897 4626 viri

788 4666 1101 4732 aestimati
1159 4664 1353 4730 valde
1419 4661 1647 4749 magni
1713 4668 1784 4727 et
1829 4662 2106 4727 maximi
2151 4661 2402 4744 dicunt,
2465 4662 2640 4748 quod
2699 4662 2896 4728 litera
