3517 5750
1297 915 1652 968 Arraxmx
1698 921 1769 969 11.
2462 904 2589 968 565

490 1096 726 1169 oratur,
772 1097 842 1158 et
884 1092 1162 1157 liberum
1227 1091 1512 1158 hominis
1573 1092 1923 1161 arbitrium
1970 1099 2233 1158 strenue
2278 1093 2591 1160 defendit.

495 1193 688 1275 Quod
755 1193 813 1257 si
857 1193 1018 1278 quid
1078 1195 1390 1261 concessit
1449 1195 1809 1282 astrologia,
1872 1196 1995 1263 hoc
2056 1201 2159 1260 est
2223 1217 2447 1278 unum,
2510 1200 2593 1261 ut

493 1295 658 1360 velit
723 1295 1081 1383 astrologos
1148 1296 1448 1362 divinare
1511 1298 1777 1383 quidem
1840 1319 2025 1385 posse
2088 1297 2357 1364 effeetus
2424 1297 2591 1378 illos,

493 1419 656 1483 quos
700 1397 834 1462 suis
877 1398 949 1462 in
992 1398 1204 1464 causis
1248 1399 1614 1480 cernimus3
1674 1406 1748 1466 at
1792 1421 1950 1465 vero
2009 1421 2145 1466 non
2216 1419 2401 1486 posse
2446 1398 2593 1464 illos

493 1519 893 1585 praenoscere
936 1501 1052 1586 qui
1082 1501 1292 1566 solum
1321 1501 1848 1588 contemplantur
1891 1501 1964 1566 in
2008 1500 2249 1588 seipsis.
2320 1499 2593 1566 Generis

493 1599 606 1686 huj
615 1621 690 1665 us
752 1606 910 1667 sunt
971 1623 1050 1668 ea
1137 1623 1283 1688 quae
1349 1601 1521 1667 Baco
1589 1607 2052 1668 commemorat
2111 1601 2381 1667 laudato
2444 1601 2589 1688 jam

493 1700 650 1779 loeo,
719 1707 790 1768 et
862 1725 1011 1788 quae
1088 1703 1360 1768 minime
1435 1703 1910 1769 animadvertit
1984 1724 2223 1770 censor.
2344 1702 2591 1768 Annon

493 1802 769 1883 dixerat,
816 1803 1215 1892 astrologum
1261 1825 1344 1869 ex
1389 1804 1602 1872 natali
1666 1805 1773 1870 die
1840 1805 2189 1891 praedicere
2258 1825 2443 1890 posse
2504 1802 2589 1870 de

495 1905 816 1972 omnibus
855 1905 1321 1986 naturalibus,
1353 1904 1533 1972 sicut
1577 1905 1660 1974 de
1703 1905 2245 1993 infirmitatibus
2292 1913 2352 1972 et
2396 1904 2589 1972 sani-

494 2013 644 2087 tate,
705 2014 766 2074 et
823 2006 1240 2092 hujusmodi,
1292 2007 1841 2096 quandocumque
1901 2007 2134 2075 debent
2180 2007 2483 2074 accidere
2530 2013 2589 2074 et

494 2109 792 2196 qualiter
865 2109 1288 2176 terminari?
1405 2109 1502 2174 Hi
1576 2132 1770 2197 porro
1844 2110 2112 2176 effectus
2178 2132 2263 2176 ex
2326 2109 2591 2175 illorum

493 2217 651 2277 sunt
710 2233 1000 2290 numero,
1048 2211 1178 2298 qui,
1245 2217 1324 2276 ut
1391 2217 1614 2278 monet
1656 2212 1973 2298 AquinaS,
2018 2212 2172 2277 licet
2213 2211 2589 2291 necessario,

493 2335 570 2378 ac
635 2318 950 2400 perpetuo
1012 2335 1148 2380 non
1208 2313 1525 2393 oriantur,
1585 2317 1664 2378 ut
1729 2315 2089 2400 plurimum
2150 2319 2375 2380 tamen
2442 2335 2595 2380 eve-

495 2417 706 2481 niunt.
785 2415 878 2480 Et
921 2436 1003 2481 ne
1046 2413 1193 2502 quis
1239 2415 1503 2480 dubitet
1535 2414 1859 2480 Baconem
1905 2415 2079 2481 hisce
2124 2416 2207 2482 de
2253 2415 2593 2487 effectibus

492 2518 784 2584 locutum
845 2515 1056 2594 fuisse,
1135 2514 1475 2601 adjicimus
1541 2516 1874 2603 integrum
1953 2517 2227 2583 Baconis
2300 2515 2595 2582 testimo·

495 2619 700 2696 nium,
776 2619 951 2705 quod
1014 2617 1324 2684 mutilum
1391 2622 1460 2683 et
1535 2618 1720 2703 quasi
1798 2617 2211 2684 decurtatum
2284 2618 2592 2684 recitavit

494 2741 736 2786 censor.
849 2720 960 2788 Sic
1019 2719 1266 2784 ibidem
1333 2741 1481 2784 cum
1557 2719 1827 2785 medicis
1878 2719 2334 2804 conqueritur:
2402 2725 2438 2757 “
2457 2719 2590 2786 Sed

497 2831 533 2857 “
579 2821 816 2889 medici
858 2821 1056 2908 hujus
1099 2821 1414 2907 temporis
1477 2821 1670 2907 pauci
1729 2821 1947 2887 sciunt
1990 2821 2474 2900 astronomiam,
2522 2825 2592 2887 et

497 2931 534 2959 ‘²
579 2924 728 2990 ideo
771 2946 892 2990 nec
933 2928 1232 2990 auctores
1276 2944 1427 2989 suos
1473 2922 1674 2989 multi
1723 2924 2109 3009 intelligunt
2152 2945 2273 2989 nec
2316 2928 2596 3011 possunt

496 3032 535 3062 “
579 3025 962 3113 intelligere,
1011 3030 1082 3091 et
1124 3026 1272 3091 ideo
1316 3025 1663 3111 negligunt
1701 3024 2039 3090 meliorem
2084 3031 2340 3111 partem
2384 3024 2591 3091 medi·

498 3134 534 3165 “
579 3125 802 3196 cinae.''
921 3126 1068 3192 Hoc
1157 3149 1310 3214 ergo
1401 3126 1740 3193 contendit
1816 3126 2006 3205 Bam,
2082 3133 2163 3192 ut
2250 3127 2591 3195 medicinae

495 3229 705 3295 cultor
767 3228 1182 3293 astronomiae
1247 3228 1530 3305 studeat,
1597 3248 1730 3312 qua
1792 3226 2135 3292 hominum
2201 3229 2470 3292 morbos
2522 3234 2592 3293 et

495 3331 848 3397 sanitatem
893 3350 980 3394 ex
1023 3329 1108 3392 iis
1153 3349 1321 3417 quae,
1353 3349 1501 3391 cum
1545 3326 1620 3391 in
1664 3326 1847 3404 eoe10‚
1897 3334 2041 3392 tum
2090 3328 2158 3391 in
2202 3333 2354 3392 ae'rc
2399 3329 2589 3405 fiunt,

495 3432 637 3516 conj
645 3432 810 3497 icere
854 3429 1076 3516 possit.
1169 3428 1359 3493 Nihil
1425 3428 1548 3493 hoc
1614 3428 2100 3514 superstitionis
2163 3427 2469 3508 involvit,
2516 3452 2593 3494 eo

497 3534 676 3618 quod
723 3532 1014 3597 humana
1071 3550 1342 3616 corpora
1388 3535 1714 3594 astrorum
1782 3530 2073 3595 motibus
2140 3530 2592 3617 subjiciantur.

496 3636 683 3712 Vide,
730 3635 788 3699 si
831 3634 951 3713 vie,
1000 3654 1148 3717 quae
1193 3632 1276 3697 de
1319 3651 1391 3696 re
1435 3630 1558 3696 hac
1602 3630 1913 3695 disseruit
1956 3631 2271 3716 Aquinas.

585 3736 655 3802 N
655 3758 728 3803 ec
783 3740 1102 3823 praeterea
1167 3733 1434 3799 dubitat
1495 3732 1692 3812 BaoO,
1737 3732 1899 3817 quin
1975 3738 2386 3798 astronomus
2448 3754 2593 3820 cog-

495 3845 722 3905 noscat
783 3859 862 3904 ea
905 3859 1052 3924 quae
1093 3836 1298 3902 libere
1359 3834 1596 3900 facturi
1663 3834 1914 3900 simus:
1976 3856 2115 3899 non
2176 3834 2355 3921 quod
2396 3834 2594 3901 istam

495 3940 974 4007 divinationem
1081 3942 1411 4025 acceptam
1501 3935 1742 4002 referat
1846 3936 2057 4017 astriS,
2148 3936 2264 4002 sed
2352 3942 2595 4004 nostrae

495 4042 948 4130 complexioni,
1047 4040 1234 4126 cujus
1337 4038 1712 4125 frequentes
1810 4042 2029 4103 motus
2127 4038 2304 4103 haud
2395 4038 2598 4105 inviti

496 4144 961 4282 prosequimur.
1070 4142 1162 4208 Et
1219 4162 1386 4219 cum,
1451 4139 1787 4207 subnectit
1848 4139 2111 4217 ibidem,
2182 4140 2597 4205 “secundum

499 4242 1584 4333 “complexioneS,infi1-mitate8‚
1677 4246 1748 4307 et
1836 4240 2169 4321 sanitates,
2255 4241 2597 4306 varientur

497 4354 537 4385 “
580 4348 955 4414 voluntates
1006 4346 1365 4424 hominum,
1413 4348 1483 4410 et
1527 4341 1865 4422 desideria,
1913 4345 1985 4406 et
2029 4340 2595 4419 considerationes,

497 4456 533 4488 “
578 4451 734 4516 licet
775 4471 911 4515 non
955 4452 1287 4537 cogantur,
1333 4445 1449 4511 sed
1492 4444 1752 4511 fortiter
1796 4443 2208 4524 induantur,
2270 4449 2349 4509 ut
2391 4444 2601 4509 mani·

499 4558 536 4587 “
582 4552 824 4618 festum
899 4556 1022 4631 est,
1095 4555 1256 4615 tunc
1329 4546 1618 4635 prudens
1707 4550 2119 4611 astronomus
2207 4550 2427 4631 potest
2514 4546 2599 4611 de

500 4662 537 4689 “
581 4654 840 4720 actibus
884 4652 1243 4719 moralibus
1295 4648 1644 4736 singularis
1687 4668 1983 4734 personae
2027 4646 2385 4732 prudenter
2416 4646 2603 4735 judi-⁴

497 4760 538 4792 “
583 4777 746 4836 care,
793 4753 986 4825 salva
1031 4760 1262 4823 tamem
1321 4748 1644 4820 omnibus
1695 4748 1961 4816 arbitrii
2004 4746 2309 4815 libertate
2332 4746 2399 4816 :''
2452 4770 2596 4817 sex-
