3517 5750
574 844 719 931 mr]
1378 862 1555 915 orus
1598 864 1918 915 rmum.
2543 851 2668 917 199

1442 1162 1603 1229 Off.
1653 1160 1803 1227 LII.

664 1338 845 1407 Hm
888 1340 1099 1427 igitur
1142 1360 1291 1426 quae
1341 1340 1487 1427 jam
1550 1342 1667 1407 diu
1726 1340 2028 1429 protraxi
2072 1340 2154 1407 de
2197 1362 2427 1421 vacum
2475 1345 2547 1406 et
2591 1342 2672 1408 de
2697 1362 2922 1415 Bessons
2933 1360 3016 1412 for

572 1441 1038 1508 immobilitate
1092 1447 1165 1509 et
1229 1442 1563 1509 localitate
1623 1442 2148 1510 substantiarum
2207 1442 2670 1530 spiritualium,
2695 1429 2944 1561 {ggessgss

570 1547 642 1611 et
685 1542 769 1609 de
810 1566 973 1624 aevo,
1018 1548 1364 1612 annectere
1405 1544 1605 1625 volui,
1652 1549 1920 1633 propter
1962 1546 2087 1613 hoc
2131 1544 2308 1632 quod
2349 1549 2511 1613 sunt
2553 1568 2674 1611 an·-
2696 1564 2842 1613 vicus
2863 1562 2940 1612 di-

570 1666 746 1712 nexa
804 1646 1147 1733 prioribus,
1212 1647 1527 1733 quoniam
1598 1648 2008 1715 reducuntur
2071 1650 2158 1715 ad
2225 1650 2674 1735 quantitatem
2699 1628 2994 1749 fflss‘gssssn

571 1771 721 1837 quae
763 1750 1187 1837 consequitur
1228 1750 1317 1818 sd
1378 1754 1689 1817 naturam
1748 1751 2062 1831 materiae,
2109 1756 2182 1817 et
2225 1751 2675 1838 quantitatem

572 1874 770 1939 quam
830 1852 1193 1941 geometria
1252 1852 1640 1921 considerat
1749 1852 1844 1921 Et
1889 1854 2046 1941 quia
2107 1854 2248 1921 haec
2291 1853 2676 1921 difficillima

571 1959 746 2035 sunt,
816 1955 1105 2044 cogitavi
1168 1955 1345 2043 quod
1410 1956 1483 2022 in
1548 1956 1770 2044 aliquo
1817 1978 2088 2045 operum
2149 1954 2293 2023 haec
2357 1961 2674 2023 notarem.

570 2056 703 2123 Sed
746 2057 818 2123 in
860 2057 1074 2145 primo
1130 2062 1203 2125 et
1266 2060 1550 2126 secundo
1592 2064 1715 2125 aut
1755 2078 1894 2125 non
1935 2058 2224 2124 multum
2269 2058 2556 2145 cogitavi
2593 2059 2675 2125 de

571 2160 681 2240 eis,
712 2164 793 2227 ut
820 2160 1142 2227 excitarer
1168 2160 1257 2227 ed
1299 2161 1735 2243 scribendum,
1781 2164 1904 2227 aut
1932 2166 2201 2248 propter
2229 2162 2674 2246 quantitatem

570 2283 841 2349 operum
904 2262 1191 2330 libenter
1252 2264 1461 2344 omisi,
1508 2268 1579 2329 et
1640 2268 1910 2351 propter
1974 2263 2100 2329 hoc
2143 2262 2321 2349 quod
2385 2262 2674 2329 multum

568 2364 641 2429 in
684 2364 815 2429 illis
857 2364 1187 2434 festinavi.
1270 2366 1470 2434 Nunc
1512 2371 1739 2433 autem
1783 2364 1936 2433 volo
1977 2366 2284 2455 prosequi
2326 2368 2672 2433 materiem

572 2466 779 2533 Primi
824 2466 1076 2556 Operis.

1420 2646 1579 2718 cir.
1628 2648 1822 2717 LIII.

659 2786 1033 2869 POSTQUAM
1074 2786 1283 2880 igitur
1324 2788 1557 2858 habita
1597 2796 1703 2858 est
1740 2789 2142 2879 comparatio
2186 2786 2670 2859 mathemati-w
2693 2807 2808 2865 The
2830 2808 2919 2866 aa.

569 2895 656 2961 sd
698 2915 803 2962 res
846 2899 919 2962 et
960 2895 1271 2962 scientias
1313 2893 1764 2982 philosophiae,
1809 2895 2194 2962 secundario
2249 2899 2670 2984 comparatur
2692 2891 2908 2947 vaninge
2921 2879 2982 2932 ⁰¹¹

570 2997 657 3063 ad
700 2997 1043 3064 scientiam
1085 2995 1433 3086 theologiae
1460 2997 1517 3077 3²
1560 3002 1634 3064 et
1676 2997 1775 3063 ibi
1833 2995 2048 3086 primo
2115 2999 2388 3065 docetur
2429 2998 2556 3065 hoc
2597 2997 2668 3064 in
2692 2949 2972 3066 &atium

570 3097 945 3182 universali,
990 3097 1276 3167 secundo
1321 3097 1395 3165 in
1436 3099 1837 3188 particulari.
2695 3080 2950 3148 theology.

658 3202 1109 3270 Consideratio
1150 3221 1311 3269 vero
1376 3203 1450 3268 in
1492 3202 1855 3270 universali
1898 3202 2028 3269 erit
2069 3221 2188 3291 per
2229 3204 2352 3270 hoc
2381 3225 2399 3285 3
2459 3201 2672 3292 primo

569 3323 685 3392 per
756 3305 1217 3372 necessitatem
1282 3303 1711 3372 scientiarum
1777 3309 1849 3372 et
1913 3325 2150 3372 rerum.
2269 3304 2340 3372 N
2341 3327 2450 3372 am
2525 3327 2676 3372 cum

570 3407 859 3475 scientiae
920 3407 1069 3474 alise
1142 3411 1303 3474 sunt
1366 3409 1745 3476 necessariae
1809 3407 2175 3494 theolog-ise,
2251 3412 2322 3474 et
2385 3407 2678 3493 cognitio

573 3531 795 3576 rerum
868 3515 1259 3592 matarum,
1306 3529 1458 3598 quae
1520 3514 1862 3599 ponuntur
1925 3509 1998 3575 in
2048 3508 2246 3575 Sacra.
2321 3507 2679 3594 Scriptura,

570 3613 871 3680 similiter
912 3611 1277 3681 necessaria
1332 3617 1452 3693 est,
1514 3619 1679 3680 tunc
1735 3615 1926 3700 patet
1974 3611 2150 3698 quod
2210 3609 2681 3678 mathematica

568 3714 933 3782 necessaria
974 3721 1079 3783 est
1124 3715 1483 3805 Scriptum
1530 3715 1770 3796 Saarae,
1801 3713 1960 3803 quia
2003 3715 2144 3781 sine
2173 3713 2292 3780 illa
2333 3734 2438 3780 res
2481 3713 2680 3799 hujus

570 3819 805 3886 mundi
846 3823 919 3886 et
962 3818 1255 3886 scientiae
1314 3839 1453 3886 non
1518 3821 1800 3907 possunt
1859 3817 2176 3907 cognosci,
2222 3821 2303 3883 ut
2343 3820 2678 3885 ostensum

570 3925 688 3988 est.
762 3913 1067 3988 Secundo
1112 3921 1387 3988 ostendo
1415 3921 1539 3989 hoc
1580 3941 1701 4010 per
1744 3927 2022 3988 sanctos,
2099 3919 2168 3986 N
2169 3941 2278 3986 am
2323 3918 2536 3986 sancti
2577 3919 2681 3985 in·

568 4027 898 4090 venerunt
960 4027 1031 4090 et
1090 4023 1587 4111 compleverunt
1647 4023 1820 4090 hanc
1887 4023 2230 4090 scientiam
2273 4044 2316 4088 a
2357 4021 2680 4110 principio

568 4127 818 4207 mundi,
864 4125 1111 4194 scilicet
1152 4125 1278 4191 filii
1321 4123 1511 4208 Adae,
1558 4129 1631 4192 et
1674 4123 1828 4192 Noe
1871 4131 1944 4192 et
1985 4125 2110 4190 filii
2155 4123 2316 4211 ejus,
2353 4129 2424 4192 et
2466 4123 2682 4190 Abra-

570 4227 743 4308 ham,
788 4229 907 4315 qui
958 4229 1322 4296 docuerunt
1364 4227 1579 4316 primo
1613 4225 1961 4296 Chaldaeos
2007 4231 2078 4294 et
2111 4227 2467 4315 AEgyptios
2509 4225 2682 4292 hanc

570 4331 931 4410 scientiam,
978 4331 1151 4397 sicut
1208 4331 1417 4418 probo
1480 4330 1844 4397 evidenter.
1934 4329 2196 4397 Deinde
2257 4329 2472 4395 sancti
2531 4333 2682 4415 post

574 4433 917 4500 Christum
962 4437 1450 4521 occupaverunt
1491 4454 1561 4499 se
1605 4433 1814 4520 magis
1857 4433 1931 4498 in
1976 4432 2099 4499 hac
2143 4431 2420 4497 scientia.
2480 4449 2680 4514 quam

571 4534 649 4602 in
688 4535 855 4620 aliie,
900 4535 1073 4604 sicut
1118 4535 1342 4626 probo,
1385 4541 1527 4602 tam
1594 4535 1936 4602 scribendo
2003 4534 2088 4600 de
2151 4532 2258 4598 his
2303 4551 2504 4618 quam
2565 4528 2682 4594 do·

1374 4785 1388 4820 ¹
1427 4787 1567 4853 opus
1588 4785 1772 4851 Maius,
1793 4800 1842 4848 p.
1869 4787 1979 4834 108.
