3517 5750
1418 892 1591 943 orus
1633 894 1866 943 mmm
2559 879 2682 949 371

590 1062 721 1127 nisi
794 1064 1095 1128 sumatur
1160 1062 1503 1148 aequalitas
1568 1064 1665 1129 ibi
1731 1064 1804 1129 in
1880 1069 2195 1151 respectu,
2261 1064 2440 1149 quali
2515 1086 2686 1131 oom-

591 1164 808 1250 plexio
852 1164 1140 1231 humana
1198 1164 1441 1229 dicitur
1508 1164 1780 1249 aequalis
1841 1170 2136 1251 respectu
2197 1166 2478 1231 aliorum
2545 1169 2686 1233 ani-

589 1266 879 1348 malium,
956 1271 1026 1333 et
1098 1270 1422 1351 quantum
1520 1267 1798 1332 debetur
1871 1265 2174 1333 humanae
2249 1268 2502 1353 speciei,
2572 1269 2686 1334 sed

588 1366 892 1433 absoluta.
934 1387 1071 1432 non
1112 1367 1336 1453 potuit
1378 1387 1529 1433 esse.
1620 1367 1715 1432 Et
1756 1368 1898 1433 haeo
1942 1369 2282 1455 aequalitas
2324 1370 2689 1455 respectiva

588 1469 987 1552 qualitatum
1064 1469 1430 1535 antivarum
1482 1468 1725 1534 dicitur
1775 1490 1912 1534 esee
1955 1492 1998 1535 a
2055 1470 2322 1535 medicis
2369 1476 2439 1536 et
2499 1471 2688 1536 theo-

588 1568 755 1655 logis
811 1570 1154 1656 aequalitas
1203 1569 1509 1657 justitiae.
1628 1569 1764 1635 Sed
1821 1570 1961 1637 haec
2003 1591 2140 1641 non
2188 1576 2291 1637 est
2335 1572 2682 1657 aequalitas

590 1692 751 1737 vera
792 1694 913 1741 neo
954 1672 1256 1738 absoluta
1300 1672 1382 1737 de
1427 1693 1557 1756 qua
1600 1671 1942 1757 loquimur.

682 1772 858 1841 Item
924 1775 998 1839 in
1073 1773 1292 1837 Adam
1366 1792 1504 1837 non
1576 1771 1705 1837 fuit
1769 1774 2110 1859 aequalitas
2183 1775 2490 1841 humanm
2571 1795 2684 1839 na-
2711 1800 2822 1852 The
2845 1809 2946 1853 tor-

590 1878 779 1954 turae,
842 1896 998 1939 nam
1056 1874 1197 1940 haeo
1264 1873 1403 1939 sola
1461 1878 1564 1939 est
1620 1879 1772 1959 post
1831 1876 2380 1942 resurrectionem.
2499 1876 2686 1942 Tunc
2709 1875 2871 1918 ments
2893 1869 2952 1918 ⁰¹²

680 1976 695 1991 .
1844 1976 1858 1990 ‚
2707 1934 2792 1984 the
2805 1936 3018 1987 damned

590 1996 769 2041 emm
840 1976 1131 2042 humana
1213 1982 1452 2042 natura.
1543 1975 1979 2062 complebitur
2061 1984 2385 2063 quantum
2459 1997 2684 2063 cepere
2709 2001 2975 2063 explained

588 2080 809 2163 potest
881 2078 965 2143 de
1039 2076 1465 2163 aequalitate3
1555 2097 1712 2163 ergo
1786 2078 2126 2163 aequalitae
2199 2080 2338 2144 haec
2400 2077 2685 2165 justitiae
2707 2066 2810 2131 phy
2811 2066 3000 2133 sioauy.

588 2198 725 2242 non
766 2176 899 2243 fuit
941 2179 1015 2243 in
1058 2200 1152 2243 eo.
1248 2177 1419 2245 Cum
1477 2176 1685 2262 igitur
1742 2178 1974 2247 dicunt
2035 2180 2214 2265 quod
2279 2180 2354 2243 in
2419 2200 2497 2244 eo
2554 2178 2686 2246 fuit

590 2280 935 2365 aequalitas
994 2278 1379 2366 simpliciter
1451 2282 1521 2342 et
1596 2278 1898 2344 absoluta
1971 2286 2092 2346 aut
2157 2280 2440 2366 justitiae
2514 2280 2682 2345 mul-

588 2384 736 2444 tum
796 2380 1169 2446 detrahitur
1219 2378 1507 2443 veritati.
1628 2379 1733 2445 De
1784 2379 2008 2447 fructu
2072 2402 2231 2447 vero
2283 2382 2398 2447 illo
2468 2386 2687 2469 potest

588 2480 723 2547 dici
797 2482 975 2567 quod
1030 2502 1168 2546 non
1232 2479 1363 2545 fuit
1430 2480 1701 2565 aequalis
1791 2482 2257 2568 complexionis
2331 2483 2688 2548 secundum

588 2588 873 2667 quatuor
947 2582 1353 2670 qualitates5
1440 2601 1599 2645 nam
1673 2580 2064 2647 alimentum
2139 2584 2577 2670 corrumpitur
2651 2604 2692 2647 a

588 2688 831 2749 natura
880 2704 1002 2748 sua,
1058 2682 1400 2769 specificam
1472 2685 1544 2746 et
1602 2682 1695 2746 sio
1738 2704 1887 2748 caro
1941 2687 2010 2747 et
2056 2682 2156 2748 os¹
2213 2689 2280 2749 et
2323 2684 2398 2747 in
2457 2689 2690 2749 caetera

588 2783 885 2849 membra.
942 2783 1363 2861 convertitur,
1428 2783 1786 2848 secundum
1849 2783 2292 2850 Aristotelem.
2385 2784 2478 2850 Et
2540 2785 2690 2850 ideo

588 2907 723 2951 non
784 2891 885 2951 eet
945 2885 1059 2950 ille
1120 2885 1373 2950 fructus
1416 2907 1533 2971 per
1594 2886 2043 2971 aequalitatem
2089 2887 2498 2973 compositue,
2575 2887 2690 2952 sed

589 3007 787 3073 prope
869 2985 1019 3052 fuit.
1144 2986 1435 3072 Corpora
1524 3007 1681 3050 vero
1773 2988 1844 3050 in
1932 2989 2396 3054 resurrectione
2493 2992 2688 3052 erunt

588 3088 987 3155 immortalia.
1058 3093 1328 3175 propter
1420 3087 1870 3174 aequalitatem
1941 3094 2083 3153 tam
2159 3089 2230 3153 in
2297 3090 2686 3154 damnandis

589 3210 787 3274 quam
859 3189 1317 3275 glofifioandis,
1394 3194 1464 3254 et
1538 3194 1764 3253 tamen
1833 3189 1910 3253 in
1969 3209 2168 3276 poena
2225 3189 2686 3256 damnatorum

588 3291 715 3358 erit
754 3287 989 3375 ‘aliqua
1045 3289 1226 3356 loesio
1285 3289 1691 3354 naturalium
1756 3309 1902 3354 cum
1957 3289 2309 3355 afflictione
2367 3289 2688 3355 ineffabili

587 3396 659 3456 et
708 3396 1041 3478 perpetua.
1153 3389 1220 3456 N
1222 3412 1329 3455 am
1392 3390 1880 3476 perpetrabitur
1923 3389 2206 3468 afflictio,
2255 3391 2414 3476 quia
2455 3412 2686 3476 corpus

587 3493 715 3556 erit
768 3491 1151 3556 immortale.
1244 3491 1335 3556 Et
1402 3491 1530 3556 erit
1590 3489 2036 3569 intolerabilia,
2108 3493 2266 3576 quia
2311 3513 2506 3577 super
2576 3493 2686 3557 vel

586 3597 815 3658 contra
872 3599 1178 3658 naturam
1252 3593 1419 3673 erit3
1510 3593 1667 3679 quia
1709 3593 1884 3679 ignis
1927 3593 2041 3678 qui
2099 3597 2254 3679 aget
2313 3592 2387 3656 in
2453 3613 2685 3679 corpus

584 3695 973 3760 damnatum
1002 3716 1138 3760 non
1180 3695 1308 3760 erit
1351 3694 1527 3781 ignis
1572 3693 1894 3758 naturalis
1924 3693 2138 3779 qualis
2182 3699 2281 3759 eet
2325 3694 2500 3780 apud
2545 3714 2680 3774 noe,

584 3796 699 3862 sed
756 3796 896 3862 sine
956 3795 1443 3882 comparatione
1495 3795 1783 3875 excedet,
1846 3800 1916 3860 et
1977 3795 2104 3860 erit
2169 3796 2684 3860 instrumentum

584 3897 829 3963 divinae
865 3897 1166 3983 justitiae,
1198 3918 1275 3962 ac
1317 3897 1515 3962 faciet
1574 3897 1851 3984 speciem
1887 3897 2125 3963 fortem
2179 3919 2327 3983 quae
2374 3897 2684 3962 continue

584 3997 850 4085 affliget.
944 3999 1037 4064 Et
1079 4002 1307 4064 tamen
1349 4019 1484 4063 non
1535 3999 1725 4063 tollet
1785 3998 2228 4083 aequalitatem
2272 3998 2388 4064 sed
2431 3997 2684 4086 aliquid

584 4101 665 4166 de
738 4099 1115 4166 substantia
1207 4100 1447 4185 aequali
1531 4099 1751 4181 laedet,
1833 4121 1966 4186 qua
2036 4101 2300 4167 laesione
2374 4101 2493 4166 fiet
2565 4101 2684 4164 ina

580 4201 863 4270 afflictiO.

671 4305 765 4370 Et
793 4308 895 4369 est
924 4303 1134 4369 simile
1164 4304 1237 4368 in
1267 4301 1653 4368 coelestibus,
1746 4300 1928 4366 Nam
1973 4303 2130 4368 licet
2163 4303 2324 4368 luna.
2353 4307 2422 4366 et
2469 4303 2678 4368 steuae

581 4408 719 4474 sint
756 4407 1206 4500 incorporales,
1237 4410 1465 4472 tamen
1492 4408 1773 4498 possunt
1802 4403 2070 4469 alterari
2104 4425 2221 4491 per
2263 4404 2474 4469 lucem
2503 4402 2673 4482 solie,

1294 4757 1546 4828 {siccare
1566 4763 1613 4808 et
1633 4753 1712 4821 οε]
1756 4753 1960 4810 SoMS.

2181 4861 2230 4912 Α
2272 4859 2321 4912 Α
2365 4847 2406 4910 2
