3517 5750
813 844 947 912 403
1568 858 1825 909 11081181
1869 854 2164 911 81001118
2761 843 2936 929 [cAr.

820 1036 1115 1115 virtute;
1172 1034 1289 1099 sed
1354 1038 1515 1099 tunc
1562 1034 1778 1101 Deum
1847 1034 2061 1121 ipsum
2123 1034 2398 1115 videret,
2445 1038 2513 1099 et
2579 1056 2804 1099 causas
2867 1040 2936 1099 et

824 1136 1115 1203 rationes
1189 1158 1411 1201 rerum
1478 1142 1548 1202 et
1612 1136 2040 1203 scientiarum
2101 1137 2174 1202 in
2241 1158 2318 1203 eo
2393 1136 2714 1201 veraciter
2787 1159 2936 1202 con-

826 1239 1299 1324 templaretur3
1344 1237 1515 1303 sicut
1558 1238 1709 1303 vult
1754 1238 1988 1304 beatus
2033 1238 2446 1327 Augustinus
2489 1238 2661 1305 libro
2703 1244 2936 1305 octavo

830 1340 934 1405 De
980 1340 1273 1405 Civitate
1319 1338 1491 1418 Dei,¹
1538 1344 1607 1405 et
1652 1340 1768 1405 alii
1811 1346 2054 1427 praeter
2097 1341 2332 1428 ipsum.

494 1464 583 1515 An
606 1466 786 1517 morus
922 1441 1133 1509 0111118
1186 1442 1363 1508 enim
1414 1447 1751 1529 peccatum
1811 1444 2090 1509 mortale
2151 1450 2255 1510 est
2317 1466 2404 1509 ex
2462 1466 2586 1510 sua
2651 1441 2936 1530 proprie-

492 1530 711 1661 ζιζὲξω
832 1549 977 1611 tate
1020 1544 1425 1611 contrarium
1482 1541 1844 1631 sapientiae.
1939 1541 2118 1610 Nam
2163 1546 2482 1633 superbus
2525 1568 2660 1611 non
2707 1544 2938 1629 digna-

496 1664 709 1728 impedi·
835 1650 948 1711 tur
990 1668 1177 1711 suam
1222 1645 1519 1712 confiteri
1563 1646 2024 1733 ignorantiam,
2073 1668 2193 1713 nec
2251 1669 2320 1713 se
2381 1647 2728 1712 humiliare
2773 1645 2937 1725 aliis,

496 1796 721 1850 mom·
836 1748 1012 1834 quod
1058 1752 1319 1834 oportet
1362 1748 1507 1812 fieri
1536 1746 1611 1812 in
1641 1746 1976 1835 discipula
2055 1748 2229 1829 Quia
2279 1770 2556 1835 praeesse
2588 1749 2939 1827 desiderat,

836 1850 918 1914 fit
962 1850 1225 1915 odiosus
1270 1848 1592 1928 omnibus,
1640 1871 1759 1916 nec
1807 1850 2125 1937 recipitur
2183 1852 2252 1915 in
2303 1850 2590 1937 gratiam
2639 1851 2936 1916 aliorum.

836 1951 971 2018 Sed
1016 1952 1211 2017 homo
1264 1972 1378 2038 per
1422 1972 1491 2016 se
1536 1972 1671 2016 non
1720 1956 1942 2036 potest
1988 1952 2298 2038 proficere
2349 1974 2392 2015 a
2444 1952 2820 2037 juventute,
2873 1956 2944 2016 et

832 2053 982 2119 ideo
1028 2075 1176 2118 cum
1222 2052 1371 2117 aliis
1414 2051 1757 2139 displiceat
1803 2076 1922 2119 nec
1969 2058 2190 2141 potest
2239 2055 2312 2118 in
2357 2053 2580 2119 studio
2633 2054 2942 2141 proficere

832 2156 968 2221 ullo
1030 2156 1237 2221 modo,
1330 2154 1422 2219 Et
1483 2153 1854 2241 specialiter
1917 2154 2198 2241 impedit
2259 2156 2578 2241 superbia,
2625 2158 2782 2241 quia
2831 2178 2939 2220 811-

832 2260 1073 2345 perbus
1132 2256 1410 2345 despicit
1482 2256 1659 2334 111108,
1724 2266 1794 2321 et
1859 2256 2138 2322 aliorum
2201 2256 2520 2339 scientias,
2587 2262 2660 2322 et
2721 2258 2944 2323 omnia

832 2361 1139 2447 reprobat
1184 2378 1332 2445 quae
1376 2358 1655 2445 ignorat.
1749 2357 2029 2424 Invidus
2071 2358 2376 2425 similiter
2415 2358 2532 2445 qui
2571 2359 2734 2425 alios
2779 2360 2940 2439 odit,

834 2468 903 2527 et
964 2462 1145 2527 dolet
1206 2462 1287 2527 de
1354 2461 1651 2526 utilitate
1719 2460 2024 2547 proximi,
2089 2461 2448 2527 necessario
2515 2467 2616 2527 est
2683 2464 2940 2528 odiosus

832 2564 1021 2644 aliis;
1082 2568 1153 2630 et
1196 2563 1344 2629 ideo
1389 2584 1509 2629 nec
1552 2562 1994 2628 communicat
2035 2562 2200 2641 aliis,
2247 2584 2369 2629 nec
2413 2563 2527 2629 alii
2581 2565 2940 2631 communi-

836 2670 991 2731 cant
1042 2666 1123 2746 ei,
1170 2670 1440 2752 propter
1498 2664 1677 2751 quod
1736 2665 2048 2753 proficere
2111 2687 2246 2731 non
2309 2670 2548 2783 potest,
2617 2668 2944 2753 praecipue

834 2790 985 2833 cum
1030 2768 1175 2853 ipsa
1216 2767 1469 2832 invidia
1512 2788 1597 2831 ex
1642 2789 1792 2833 sua
1802 2768 2203 2854 proprietate
2239 2768 2398 2833 facit
2431 2769 2727 2834 animum
2771 2791 2944 2833 mar-

834 2891 1095 2948 cescere,
1146 2873 1216 2935 et
1274 2869 1619 2951 tabescere,
1682 2876 1755 2936 et
1799 2870 2139 2957 putrefieri
2199 2870 2646 2958 spiritualiter,
2703 2877 2772 2938 et
2831 2872 2941 2938 de-

834 2974 1034 3038 ficere·
1091 2973 1165 3036 in
1239 2993 1309 3036 se
1382 2970 1577 3058 ipso;
1652 2977 1721 3038 et
1793 2971 1942 3037 ideo
2015 2973 2191 3038 vires
2251 2993 2387 3038 non
2453 2973 2658 3040 habet
2720 2973 2946 3040 anima

835 3074 1181 3155 invidiosa,
1228 3094 1349 3138 nec
1410 3078 1629 3159 potest
1673 3073 1761 3138 ad
1825 3074 2031 3140 ardua
2097 3097 2296 3162 opera
2355 3077 2698 3162 sapientiae
2751 3098 2943 3163 pene-

837 3182 1031 3244 trare.
1126 3176 1575 3261 Similiterque
1638 3175 1810 3242 sicut
1853 3177 2132 3263 superbo
2195 3199 2332 3243 non
2391 3178 2654 3264 placent
2711 3179 2944 3257 aliena,

837 3281 951 3346 sed
1012 3279 1119 3345 his
1171 3278 1482 3359 detrahit,
1536 3285 1605 3344 et
1662 3279 1972 3364 reprobat
2033 3299 2112 3344 ea
2171 3284 2750 3368 quantumcunque
2807 3281 2948 3346 sint

838 3381 1238 3470 dignissima,
1301 3386 1568 3469 propter
1636 3381 1814 3466 quod
1888 3380 2157 3446 invidus
2217 3403 2303 3447 ex
2369 3403 2489 3448 sua
2545 3385 2947 3470 proprietate

839 3506 1295 3571 quamcunque
1339 3481 1733 3570 sapientiam
1795 3481 1869 3545 in
1929 3481 2078 3546 aliis
2139 3483 2416 3570 despicit
2467 3489 2538 3549 et
2597 3485 2946 3565 annihilat,

838 3593 910 3654 et
951 3588 1099 3654 ideo
1146 3585 1406 3652 malitia
1464 3607 1584 3650 sua
1636 3605 1772 3649 non
1835 3583 2164 3670 permittit
2207 3607 2360 3650 eum
2407 3586 2630 3652 lumen
2689 3587 2947 3674 sapien-

839 3691 955 3756 tiae
998 3689 1298 3774 recipere,
1346 3687 1461 3752 sed
1506 3685 1916 3773 blasphemat
1971 3685 2194 3750 omnia
2245 3709 2393 3773 quae
2438 3688 2721 3775 ignorat.
2815 3689 2946 3756 Sed

838 3792 942 3856 ira
985 3789 1378 3855 furiosorum
1430 3787 1649 3853 brevis
1710 3792 1826 3864 est,
1874 3792 1955 3852 ut
2003 3787 2102 3853 ait
2160 3793 2377 3874 poeta,
2425 3811 2573 3875 quae
2631 3813 2780 3857 cum
2825 3793 2948 3858 fiat

838 3892 1248 3976 fiequentius
1293 3891 1577 3954 vertitur
1620 3889 1695 3954 in
1744 3889 2006 3971 furiam,
2051 3895 2120 3954 et
2165 3891 2611 3973 continuatur,
2657 3899 2728 3959 et
2777 3895 2946 3959 mul-

841 3993 1185 4080 tiplicatur
1228 3991 1443 4078 passio
1486 3990 1663 4056 mala
1713 3990 1788 4054 in
1835 3992 2073 4073 anima,
2125 4015 2274 4077 quae
2329 3999 2432 4059 est
2479 3995 2749 4060 omnino
2794 4017 2948 4061 con·

842 4097 1049 4162 traria
1104 4093 1366 4160 rationi.
1460 4093 1661 4160 Unde
1713 4098 2113 4180 praeceptum
2163 4094 2292 4161 fuit
2339 4118 2384 4161 a
2429 4096 2725 4178 Platone,
2771 4098 2946 4184 quod

841 4197 1197 4266 iracundus
1260 4217 1399 4262 non
1474 4196 1596 4260 fiat
1670 4196 2029 4282 discipulus
2103 4197 2462 4283 sapientise,
2538 4221 2660 4265 nec
2723 4201 2947 4266 studio

844 4301 987 4390 ejus
1058 4304 1267 4381 vacet,
1338 4298 1645 4384 quoniam
1718 4299 2027 4386 proficere
2099 4320 2235 4365 non
2311 4306 2544 4387 potest,
2619 4323 2698 4368 80
2773 4303 2947 4388 quod

832 4403 1143 4470 ‘animum
1211 4423 1464 4488 semper
1544 4400 1747 4467 habet
1821 4402 2182 4481 turbatum,
2243 4423 2364 4468 nec
2421 4408 2641 4491 potest
2699 4405 2948 4492 aliquid

1541 4733 1555 4766 ¹
1580 4733 1665 4786 De
1694 4734 1908 4786 civitate
1929 4733 2058 4804 Dei]
2087 4734 2190 4788 viii.
2215 4740 2262 4788 3.
