3517 5750
942 858 1074 923 462
1708 872 1970 923 noomu
2015 870 2309 923 mcoms
2855 856 3056 943 [οΔΡ.

934 1046 1026 1111 Et
1091 1046 1526 1111 Prudentius:
1552 1046 1571 1084 ¹

1014 1176 1051 1207 “
1081 1170 1523 1258 Sardonycem
1568 1173 1855 1260 pingunt
1899 1172 2372 1259 amethystina3
2415 1172 2651 1260 pingit,
2699 1172 2900 1261 iaspis

1014 1280 1052 1309 “
1080 1272 1227 1339 Has
1270 1274 1447 1340 inter
1488 1276 1731 1362 speeies
1775 1275 2194 1363 smaragdina
2236 1275 2534 1361 gramine
2580 1274 2842 1340 verno.''

1012 1409 1103 1476 Et
1168 1410 1263 1479 sic
1322 1412 1405 1478 de
1463 1413 1767 1477 omnibus
1825 1413 2218 1491 auctoribus,
2296 1412 2610 1499 quoniam
2681 1434 3040 1499 nunquam

918 1514 1319 1579 contrarium
1378 1516 1717 1601 reperitur,
1791 1516 1996 1602 igitur
2068 1538 2204 1581 non
2263 1520 2365 1579 est
2425 1514 2686 1601 poetica
2744 1514 3036 1595 licentia,

922 1616 1036 1681 sed
1091 1617 1337 1681 veritas
1398 1617 1484 1682 ab
1544 1618 1849 1683 omnibus
1893 1618 2274 1705 approbata.
2367 1616 2460 1681 Et
2519 1616 2667 1683 ideo
2729 1617 3042 1704 Hugutio

920 1718 1223 1797 mendax,
1271 1722 1341 1784 et
1386 1719 1571 1785 Brito
1630 1719 2022 1799 mendacior,
2069 1719 2487 1785 mentiuntur
2532 1740 2738 1804 quum
2795 1720 3040 1785 volunt

920 1842 1228 1886 excusare
1274 1842 1500 1887 omnes
1544 1826 1841 1888 auctores
1885 1844 2002 1908 per
2043 1821 2380 1888 licentiam
2423 1822 2712 1907 poeticae.

1010 1922 1271 1989 Deinde
1316 1924 1543 1989 Latini
1584 1946 1775 1989 suam
1819 1925 2316 2011 grammaticam
2360 1945 2403 1988 a
2447 1921 2693 1989 Graecis
2733 1923 3035 2003 trahunt,

922 2029 991 2091 et
1049 2025 1196 2091 ideo
1240 2026 1563 2112 praeeipue
1630 2024 1705 2090 in
1777 2025 2020 2092 Graecis
2078 2024 2415 2091 vocabulis
2475 2024 2787 2090 debemus
2845 2024 3038 2111 sequi

923 2126 1199 2195 Graecos.
1292 2128 1491 2197 Unde
1544 2126 1816 2194 Servius
1877 2148 2072 2214 super
2115 2128 2406 2215 primum
2465 2126 2799 2204 AEneidos‚
2847 2126 3040 2193 Grae-

920 2250 1071 2295 cum
1137 2232 1527 2297 vocabulum
1590 2231 1916 2297 transiens
1973 2230 2060 2295 ad
2118 2251 2256 2309 nos,
2309 2228 2508 2295 debet
2574 2249 2693 2295 suo
2759 2234 3038 2294 accentu

920 2332 1209 2417 proferri,
1272 2338 1343 2399 et
1400 2332 1628 2399 eadem
1674 2332 1932 2398 ratione
1993 2353 2112 2396 suo
2155 2336 2463 2418 tempore.
2558 2328 2650 2396 Et
2706 2330 2808 2395 ita
2852 2331 3035 2395 vide-

922 2456 1068 2499 mus
1130 2434 1201 2499 in
1269 2435 1571 2501 omnibus
1616 2434 1796 2520 apud
1856 2436 2169 2511 auctores,
2217 2438 2287 2498 et
2339 2433 2484 2498 ideo
2529 2432 2670 2498 haec
2712 2432 3039 2497 vocabula

922 2536 1283 2602 brevianda
1368 2542 1525 2602 sunt
1599 2536 1670 2601 in
1744 2534 2143 2621 penultimis,
2259 2534 2431 2600 Cum
2505 2539 2730 2599 autem
2805 2533 3038 2618 objicit

921 2639 1109 2704 Brito
1175 2638 1298 2705 hoc
1364 2660 1501 2704 esse
1566 2642 1796 2705 contra
1857 2635 2314 2715 Priscianum?
2359 2637 2474 2722 qui
2519 2636 2667 2701 vult
2727 2636 2801 2699 in
2857 2642 3032 2701 trac-

920 2745 1075 2805 tatu
1150 2738 1689 2818 Possessivorum,
1770 2739 1950 2826 quod
2022 2760 2216 2804 omne
2291 2760 2530 2803 nomen
2595 2738 3031 2824 possessivum

920 2840 1223 2907 desinens
1267 2842 1339 2906 in
1383 2863 1523 2910 nus
1568 2840 1774 2908 habet
1821 2840 2257 2928 penultimam
2301 2840 2584 2928 longam,
2631 2840 2853 2928 paucis
2913 2861 3031 2906 ex-

921 2944 1144 3029 ceptis,
1176 2949 1256 3008 ut
1284 2945 1745 3024 πιαεσιιῑὶπιιε,
1777 2942 2222 3030 flamininus,
2255 2947 2325 3008 et
2355 2943 2486 3008 alia
2537 2963 2704 3030 pene
2747 2942 3030 3020 infinita,

922 3044 1275 3111 dicendum
1306 3047 1482 3132 quod
1528 3047 1757 3133 regula
1801 3047 1920 3111 illa
1965 3045 2164 3111 datur
2208 3045 2292 3110 de
2324 3044 2583 3109 Latinis
2627 3045 3031 3110 dictionibus

920 3147 1016 3212 ibi
1080 3152 1149 3212 et
1212 3170 1349 3213 non
1412 3147 1495 3213 de
1541 3147 1808 3215 Graecis.
1901 3146 2096 3227 Quod
2171 3152 2360 3233 patet
2431 3169 2550 3234 per
2622 3147 3032 3211 Priscianum

918 3249 1246 3316 dicentem
1293 3249 1469 3337 quod
1514 3249 1725 3316 forma
1769 3251 1842 3314 in
1885 3250 2020 3328 nic,
2055 3255 2122 3314 et
2167 3247 2386 3336 plures
2431 3247 2578 3314 aliae
2623 3248 2850 3314 formae
2893 3269 3030 3312 non

918 3355 1076 3416 sunt
1136 3353 1312 3418 datae
1360 3352 1442 3417 de
1494 3353 1754 3429 Graecia
1819 3351 1932 3416 sed
1995 3356 2262 3416 tantum
2320 3351 2402 3415 de
2465 3349 2735 3414 Latinis.
2848 3348 2917 3415 N
2917 3371 3029 3414 am

918 3455 1092 3520 sicut
1166 3454 1415 3520 ibidem
1492 3455 1679 3520 docet
1757 3453 2148 3534 Priscianu3‚
2223 3451 2451 3518 formae
2519 3453 2896 3518 Graecorum
2955 3451 3028 3516 in

914 3558 1294 3642 possessivis
1360 3579 1495 3621 non
1560 3561 1719 3621 sunt
1783 3556 1855 3620 in
1921 3558 2049 3633 nis,
2113 3555 2228 3619 sed
2299 3555 2374 3618 in
2435 3575 2538 3620 cos
2611 3559 2680 3619 et
2753 3555 2826 3618 in
2900 3575 2975 3620 οε
2995 3579 3027 3633 ,-

919 3663 999 3722 ut
1057 3657 1542 3746 grammatieOS‚
1626 3657 1996 3744 spondeos3
2071 3677 2235 3740 quas
2297 3655 2558 3738 formas,
2623 3660 2702 3720 ut
2745 3655 2928 3736 dicit,
2985 3677 3030 3720 a

918 3760 1166 3826 Graecis
1241 3761 1625 3846 accepimus.
1779 3758 1866 3824 In
1927 3757 2172 3823 Latino
2245 3764 2473 3824 autem
2537 3780 2831 3824 sermone
2888 3779 3022 3825 non

914 3859 1019 3926 his
1064 3867 1329 3926 tantum
1399 3863 1669 3940 utimur,
1720 3861 1838 3927 sed
1883 3861 2049 3938 aliis,
2115 3883 2398 3948 quarum
2443 3883 2578 3926 una
2622 3866 2721 3927 est
2765 3861 2836 3925 in
2881 3862 3019 3941 ‘n-is,

914 3961 1085 4027 sicut
1159 3961 1642 4050 exemplificat3
1724 3963 1798 4028 in
1873 3962 2112 4050 quibus
2187 3963 2501 4050 exemplis
2559 3963 2694 4028 suis
2765 3963 3024 4028 nullum

913 4064 1104 4150 ponit
1148 4085 1390 4129 nomen
1436 4065 1812 4130 derivatum
1875 4087 1918 4130 a
1961 4065 2180 4151 lapide
2242 4087 2362 4130 nec
2423 4065 2550 4142 filo,
2613 4069 2683 4130 et
2726 4065 2873 4130 ideo
2939 4066 3024 4132 de

912 4166 1059 4232 istis
1101 4188 1441 4252 nunquam
1487 4167 1840 4236 intellexit.
1964 4169 2138 4249 Quia
2183 4167 2390 4254 igitur
2435 4167 2625 4233 Brito
2685 4167 3025 4253 ignoravit

912 4270 1237 4335 rationem
1286 4270 1585 4336 Graecam
1632 4272 1807 4336 sicut
1873 4269 2199 4356 Hugutio‚
2247 4270 2396 4334 ideo
2440 4290 2577 4334 non
2633 4269 3026 4356 intelligunt

912 4371 1340 4440 Priscianum.
1477 4372 1737 4440 Deinde
1803 4371 2174 4439 Priscianus
2247 4394 2383 4437 non
2457 4372 2723 4459 ignorat
2793 4377 3026 4460 poetas

943 4740 957 4770 ¹
980 4739 1303 4806 Prudentius]
1330 4739 1748 4808 Psychomchin,
1773 4744 1889 4803 860,
1910 4743 2024 4792 862.
2069 4736 2083 4806 Ι
2141 4735 2524 4805 ’Priscian-unq
2541 4737 2638 4792 See
2653 4739 2830 4806 above,
2839 4743 3020 4806 p.262.
