3517 5750
542 862 719 950 xm]
1364 876 1541 925 oros
1585 877 1910 927 TERTIUM.
2527 864 2654 926 145

544 1070 665 1115 nee
707 1048 928 1136 plures
974 1070 1243 1127 menses,
1276 1071 1397 1116 neo
1429 1049 1649 1136 plures
1693 1050 1894 1127 anni3
1941 1052 2010 1114 et
2053 1049 2145 1114 sie
2189 1048 2272 1114 de
2317 1049 2464 1113 aliis
2508 1071 2655 1135 par-

544 1152 727 1218 tibus
784 1152 1099 1239 temporis
1159 1150 1518 1237 majoribus
1576 1151 1685 1217 vel
1736 1150 2116 1217 minoribus
2223 1150 2394 1217 Cum
2456 1152 2656 1217 etiam

544 1254 733 1342 plura
776 1254 1098 1319 instantia
1140 1275 1275 1319 non
1318 1250 1494 1319 sint¹
1540 1253 1755 1333 simul,
1804 1253 1974 1319 sieut
2019 1251 2414 1319 Aristoteles
2475 1254 2654 1330 dicit,

544 1362 615 1423 et
658 1362 845 1443 patet
887 1378 1005 1443 per
1050 1355 1679 1422 demonstrationem
1724 1356 2121 1442 praedietam.

630 1460 799 1526 Cum
872 1460 1080 1545 igitur
1154 1463 1463 1545 quaerunt
1526 1458 1607 1523 de
1671 1459 2231 1523 transmutatione
2308 1459 2500 1543 panis
2579 1460 2652 1525 in
2679 1480 2790 1532 The
2812 1498 2968 1549 popu.

550 1561 801 1648 Corpus
847 1560 1110 1638 Christi,
1159 1561 1267 1627 vel
1327 1562 1408 1626 de
1468 1564 1656 1626 motu
1716 1560 1976 1647 Angeli,
2027 1560 2133 1625 vel
2193 1560 2275 1625 de
2321 1581 2474 1625 casu
2521 1560 2651 1625 Lu·
2677 1548 2755 1598 ¹²¹·
2775 1552 2948 1615 expla-

547 1664 745 1743 eiferi,
778 1664 885 1729 vel
916 1664 998 1728 de
1034 1664 1509 1751 justificatione
1552 1662 1761 1748 impii,
1807 1664 1914 1727 vel
1959 1664 2031 1727 in
2047 1710 2057 1720 .
2075 1662 2242 1740 aliis,
2289 1662 2654 1750 loquuntur
2676 1618 2950 1733 ἲιῗιιιὲῗιῖῗί

548 1766 831 1831 multum
906 1766 987 1830 de
1060 1769 1301 1831 natura
1373 1771 1761 1851 temporum,
1843 1770 1912 1830 et
1985 1764 2282 1831 inferunt
2354 1770 2654 1852 tempora
2677 1750 2964 1866 :fflffl‘tign

547 1868 809 1955 propria
822 1868 847 1905 ‘²
909 1868 1241 1933 numerari
1300 1868 1659 1933 seeundum
1718 1888 2066 1933 numerum
2127 1889 2344 1933 rerum
2399 1872 2652 1954 tempo·
2679 1883 2742 1931 be
2765 1892 2940 1933 umen·

548 1970 801 2035 ralium.
920 1970 1055 2037 Sed
1120 1974 1385 2056 tempus
1447 1990 1792 2035 commune
1860 1991 2068 2034 unum
2147 1991 2284 2035 esse
2351 1991 2486 2035 non
2557 1976 2658 2035 est
2682 1949 2807 1999 '¹³¹⁹‘

550 2070 1017 2161 intelligibile?
1080 2071 1257 2157 quod
1320 2070 1579 2150 dieitur,
1626 2093 1747 2137 nee
1797 2092 2031 2136 verum
2095 2090 2232 2135 esse
2296 2075 2532 2157 potest,
2580 2077 2660 2137 ut

552 2179 737 2262 patet
780 2196 895 2261 per
938 2196 1015 2241 ea
1078 2195 1227 2260 quae
1292 2174 1474 2239 dieta
1517 2178 1693 2239 sunt.
1811 2172 1980 2237 Cum
2045 2172 2244 2237 etiam
2313 2174 2661 2259 finguntur

554 2277 685 2342 duo
748 2276 1071 2343 instantia
1114 2276 1243 2341 sibi
1304 2275 1589 2341 invicem
1650 2275 1723 2339 in
1787 2273 1932 2339 istis
1991 2274 2662 2341 transmutationibus

554 2380 891 2445 succedere
953 2382 1024 2444 et
1085 2378 1473 2465 contiguari,
1520 2399 1657 2443 non
1719 2382 1823 2443 est
1883 2374 2006 2440 hoo
2067 2375 2388 2462 possibile.
2484 2376 2656 2441 Nam

552 2480 945 2549 Aristoteles
1008 2479 1187 2559 dicit,
1235 2485 1469 2545 octavo
1520 2476 1996 2566 Physieorum,⁴
2041 2477 2218 2563 quod
2281 2500 2486 2544 unum
2549 2480 2652 2543 in·

556 2588 741 2649 stans
788 2587 891 2648 est
934 2583 1003 2647 in
1047 2582 1353 2647 omnibus
1394 2582 1638 2647 talibus
1682 2580 2368 2657 transmutationibus,
2403 2582 2475 2645 in
2524 2602 2654 2667 quo

558 2685 923 2771 aequiritur
974 2706 1111 2750 esse
1152 2684 1425 2750 termini
1470 2684 1556 2749 ad
1602 2705 1800 2770 quem
1844 2684 1925 2749 fit
1969 2682 2268 2749 mutatio.
2359 2684 2462 2748 Ut
2505 2706 2652 2749 oum

561 2789 641 2855 de
683 2810 817 2853 non
862 2788 1012 2853 albo
1056 2788 1138 2853 fit
1182 2786 1423 2865 album,
1470 2787 1599 2853 erit
1640 2786 1908 2873 aliquod
1950 2790 2211 2871 tempus
2255 2787 2327 2851 in
2376 2808 2506 2871 quo
2552 2809 2654 2855 res

566 2897 665 2962 est
708 2913 845 2958 non
889 2892 1056 2958 alba.

1148 3114 1189 3160 A
1594 3114 1629 3158 C
2035 3114 2074 3158 Β

654 3333 761 3400 Sit
806 3334 971 3400 illud
1016 3339 1279 3421 tempus
1324 3347 1371 3398 A
1408 3359 1423 3413 ;
1467 3339 1539 3399 et
1584 3334 1765 3399 aliud
1805 3341 2066 3420 tempus
2114 3337 2186 3398 in
2231 3355 2364 3418 quo
2409 3355 2512 3398 res
2557 3341 2658 3399 est

565 3435 735 3517 alba,
788 3437 877 3502 sit
922 3436 1087 3501 illud
1131 3441 1394 3522 tempus
1410 3431 1439 3470 ⁶
1483 3451 1540 3501 B.
1633 3435 1823 3501 Inter
1872 3435 2013 3501 haec
2077 3437 2286 3522 igitur
2342 3442 2656 3521 tempora,

562 3545 643 3602 ut
688 3537 1078 3604 Aristoteles
1139 3538 1347 3618 docet,
1394 3560 1527 3603 non
1574 3543 1678 3603 est
1720 3537 1852 3603 nisi
1897 3559 2104 3602 unum
2163 3537 2434 3616 instans,
2483 3535 2658 3621 quod

563 3645 665 3705 est
724 3641 875 3706 finis
934 3641 1139 3728 ipsius
1200 3657 1263 3718 A,
1330 3646 1399 3706 et
1459 3641 1854 3727 principium
1901 3640 2104 3726 ipsius
2150 3655 2208 3704 Β.
2301 3639 2407 3705 Sit
2451 3639 2661 3726 igitur

567 3759 609 3808 c
682 3740 803 3808 hoc
878 3744 1151 3810 instans.
1268 3742 1450 3808 Dicit
1526 3743 1739 3830 igitur
1765 3741 1792 3780 ⁶
1883 3743 2058 3828 quod
2127 3743 2200 3807 in
2277 3759 2318 3807 c
2381 3741 2662 3807 instanti

567 3845 936 3931 aequiritur
1002 3845 1324 3910 terminus
1385 3845 1471 3910 ad
1516 3865 1713 3930 quem
1773 3845 1856 3909 fit
1913 3849 2146 3911 motus.
2238 3845 2436 3910 Unde
2495 3845 2568 3909 in
2623 3861 2665 3909 o

566 3969 669 4013 res
713 3947 795 4011 fit
838 3947 1006 4026 alba,
1047 3954 1117 4014 et
1156 3949 1227 4012 in
1273 3951 1421 4013 toto
1466 3952 1768 4033 tempore
1819 3961 1868 4010 A
1899 3971 1915 4027 ;
1973 3947 2044 4012 id
2091 3952 2210 4028 est,
2255 3947 2326 4012 in
2372 3947 2669 4032 qualibet

573 4055 761 4136 parte
839 4050 981 4135 ejus
1056 4054 1159 4114 est
1230 4069 1365 4114 non
1442 4049 1607 4126 alba,
1671 4049 1784 4113 sed
1844 4069 1977 4113 non
2037 4049 2107 4114 in
2166 4050 2450 4114 termino
2505 4050 2663 4134 ejus»,

570 4152 687 4236 qui
734 4156 835 4216 eet
880 4167 935 4216 c,
1047 4149 1224 4216 Nam
1289 4151 1361 4215 in
1424 4173 1501 4216 eo
1553 4149 1697 4236 jam
1758 4155 1861 4215 est
1919 4150 2158 4216 mobile
2216 4150 2338 4217 sub
2381 4153 2667 4217 termino

566 4253 653 4318 ad
704 4275 899 4338 quem
936 4276 953 4334 ;
1022 4259 1091 4318 et
1142 4252 1325 4318 istud
1386 4257 1488 4318 est
1530 4251 1966 4317 neceesarium
2025 4252 2096 4316 in
2151 4253 2329 4317 omni
2396 4275 2666 4338 genera-

566 4355 769 4434 tione,
819 4361 889 4421 et
934 4355 1345 4432 alteratione,
1394 4359 1463 4419 et
1512 4355 2064 4420 transmutatione
2123 4355 2476 4419 secundum
2537 4355 2665 4419 for-

568 4479 761 4523 mam.
876 4457 945 4524 N
948 4481 1054 4524 am
1130 4458 1444 4544 quaelibet
1517 4459 1986 4524 transmutatio
2059 4455 2214 4522 talis
2287 4462 2386 4522 est
2459 4457 2667 4533 finita,

640 4693 655 4722 ¹
678 4692 805 4758 sint]
842 4699 974 4752 nunt,
1005 4691 1069 4743 B.
1092 4691 1153 4744 L.
1744 4697 1764 4725 ⁴
1787 4689 2128 4755 Ple—micorum]
2164 4703 2270 4755 cap.
2294 4689 2380 4742 vii.

637 4771 659 4800 ²
672 4771 909 4838 propria]
948 4787 1046 4823 om.
1082 4771 1144 4823 Τ.
1749 4771 1769 4799 ⁸
1791 4767 1913 4820 illud
1933 4769 2139 4835 tempus]
2178 4784 2276 4821 om.
2311 4770 2372 4820 Β.

644 4851 665 4880 ³
686 4848 1005 4918 intelliqiba’le]
1042 4851 1340 4920 intelligere,
1386 4849 1451 4904 T.
1754 4851 1776 4880 ⁸
1795 4847 1970 4920 ἐρίων]
2009 4863 2148 4916 ergo,
2183 4849 2277 4904 T.z
2319 4864 2416 4900 om.
2450 4850 2508 4900 L.

765 4953 917 5005 VOL.
963 4957 1006 5006 1.
2393 4957 2443 5006 K
