3517 5750
580 858 868 947 xxxm]
1382 872 1557 925 opus
1604 872 1925 925 'rem-mu.
2556 861 2682 927 133

578 1045 664 1109 ad
722 1050 944 1110 actum
1006 1044 1227 1110 talem.
1319 1044 1393 1110 Si
1440 1068 1597 1111 vero
1642 1046 1822 1112 dicat
1866 1046 2250 1133 potentiam,
2300 1068 2446 1132 quae
2491 1047 2680 1112 redu-
2705 1060 2790 1110 No
2812 1062 2936 1139 sucu
2980 1127 2991 1139 ι

576 1147 749 1211 citur
810 1147 895 1213 ad
957 1152 1179 1213 actum
1228 1147 1561 1234 impurum
1608 1152 1677 1213 et
1720 1149 2211 1236 incompletum‚
2268 1148 2374 1213 cui
2426 1170 2680 1235 semper
2702 1128 3023 1244 ξξὲἓζὲζξψ

576 1254 678 1314 est
719 1249 974 1335 aliquid
1017 1250 1394 1316 admixtum
1439 1252 1521 1317 de
1566 1252 1869 1337 potentia
1898 1252 1984 1315 ad
2016 1250 2394 1316 ulteriorem
2438 1255 2678 1331 actum,
2705 1268 2866 1337 atonqn

580 1373 728 1437 quae
772 1351 1017 1417 scilicet
1045 1351 1139 1417 sic
1166 1353 1502 1417 reducitur
1530 1352 1616 1417 ad
1662 1357 1901 1434 actum,
1968 1353 2146 1439 quod
2189 1374 2444 1439 semper
2485 1353 2679 1419 relin-
2706 1327 2932 1393 possuble.

581 1452 809 1539 quitur
851 1454 1155 1540 potentia
1198 1454 1283 1519 ad
1328 1454 1531 1519 alium
1576 1458 1797 1520 actum
1842 1454 2204 1532 divisionis,
2247 1454 2340 1519 sic
2383 1460 2482 1531 est
2513 1477 2683 1521 vera.

580 1554 650 1619 Ν
650 1577 760 1619 am
804 1554 945 1622 haec
988 1561 1089 1621 est
1132 1556 1432 1642 potentia
1485 1555 1802 1631 continui,
1869 1556 2025 1643 quia
2069 1561 2172 1622 est
2215 1556 2546 1623 divisibile
2611 1559 2686 1624 in

580 1657 919 1722 infinitum
947 1682 965 1737 3
1032 1663 1102 1723 et
1145 1657 1309 1735 ideo,
1360 1656 1416 1723 si
1462 1657 1661 1723 semel
1704 1657 2056 1724 reducatur
2085 1659 2226 1725 haec
2254 1660 2558 1746 potentia
2599 1660 2686 1725 ad

582 1759 904 1825 actualem
952 1758 1366 1839 divisionem,
1429 1780 1565 1825 non
1634 1759 2006 1826 excluditur
2069 1765 2256 1827 actus
2301 1761 2469 1827 alius
2514 1762 2684 1828 divi·
2819 1820 2826 1827 .

581 1858 800 1927 sionis.
924 1859 1141 1925 Immo
1216 1861 1575 1927 necessario
1649 1862 1966 1949 ponitur:
2046 1863 2203 1950 quia
2261 1884 2413 1949 pars
2473 1864 2687 1930 divisa·

582 1966 802 2049 potest
861 1964 1103 2030 iterum
1187 1963 1417 2042 dividi,
1484 1985 1633 2029 cum
1696 1964 1788 2030 sit
1861 1969 2230 2050 quantum3
2308 1970 2377 2030 et
2451 1965 2542 2031 sic
2615 1965 2688 2030 in

586 2064 939 2131 infinitum.
1033 2066 1127 2130 Et
1176 2066 1285 2131 hic
1359 2066 1535 2132 solus
1588 2088 1817 2132 sensus
1879 2072 1982 2132 est
2043 2066 2386 2153 possibilie,
2433 2063 2536 2131 et¹
2604 2089 2688 2133 ex

586 2188 663 2233 eo
705 2189 840 2232 non
882 2166 1184 2253 sequitur
1242 2167 1683 2255 impossibile:
1766 2169 1922 2255 quia,
1965 2189 2304 2255 nunquam
2380 2172 2690 2255 sequetur

587 2270 763 2355 quod
806 2270 937 2335 erit
998 2269 1239 2336 divisio
1306 2270 1579 2336 actualis
1642 2270 1998 2355 aliquando
2044 2272 2118 2335 in
2161 2270 2384 2335 omnia
2442 2276 2690 2358 puncta

586 2373 695 2437 vel
738 2378 1008 2439 atomos.

678 2473 809 2540 Sed
861 2474 1263 2542 Democritei
1322 2474 1643 2563 objiciunt
1705 2476 1921 2542 adhuc
1984 2478 2209 2541 contra
2261 2475 2416 2543 haec.
2509 2474 2684 2543 Nam
2712 2500 2808 2553 His
2833 2513 3025 2553 answer

588 2577 945 2643 secundum
1006 2578 1169 2643 alios
1213 2598 1441 2643 sensus
1515 2578 1995 2665 propositioniS,
2073 2579 2387 2665 quaelibet
2461 2580 2684 2666 singu·
2709 2576 2762 2619 ²⁰
2777 2570 2889 2649 ΞΜ.
2972 2654 2984 2664 ,

588 2680 741 2745 laris
802 2685 903 2745 est
944 2701 1121 2760 vera,
1192 2700 1347 2767 ergo
1409 2680 1809 2747 universalis.
1903 2680 2068 2747 Haec
2132 2683 2308 2748 enim
2370 2688 2470 2749 est
2513 2704 2685 2749 vera..
2709 2636 2999 2765 i’li'iiegffi'gi'-

592 2781 907 2848 Possibile
954 2787 1055 2849 est
1104 2803 1337 2868 corpus
1382 2802 1522 2848 esse
1566 2782 1856 2847 divisum
1900 2782 1974 2847 in
2035 2798 2082 2847 Α
2124 2790 2369 2871 puncto
2415 2786 2686 2852 actuali·
2712 2768 2860 2847 bui-ty·
2882 2768 2968 2847 of·

592 2890 711 2963 ter,
760 2891 829 2950 et
890 2885 1194 2951 similiter
1266 2886 1339 2950 in
1408 2901 1453 2949 Β
1518 2891 1765 2972 puncto
1840 2887 2228 2966 actualiter3
2299 2894 2368 2954 et
2439 2890 2534 2956 sic
2607 2890 2688 2955 de
2709 2837 3004 2982 ἓζιῖῗὲξῃῖη

590 2987 751 3052 aliis.
818 2989 995 3074 Ergo
1060 2988 1201 3054 haec
1269 2992 1369 3054 est
1427 3009 1625 3053 vera:
1705 2988 2010 3076 possibile
2074 2995 2176 3055 est
2246 3012 2478 3078 corpus
2551 3013 2688 3058 esse
2712 2970 2909 3086 22¹³}ssss

592 3090 877 3156 divisum
946 3091 1307 3156 secundum
1371 3089 1593 3155 omnia
1653 3096 1902 3176 puncta.
1975 3092 2333 3158 actualiter.
2427 3094 2518 3159 Et
2559 3093 2688 3159 for·
2713 3101 2993 3180 possibility

592 3192 882 3259 tifioetur
954 3192 1094 3260 haee
1169 3193 1469 3279 objectio,
1548 3191 1705 3277 quia
1780 3193 2093 3279 quaelibet
2165 3194 2517 3282 singularis
2593 3202 2694 3261 est
2713 3183 2767 3218 ¹¹²
2790 3167 2872 3220 ⁸¹2

592 3296 933 3382 possibilie,
982 3301 1053 3360 et
1125 3295 1294 3361 nulli
1368 3294 1483 3359 alii
1558 3294 2117 3382 incompossibilis.
2209 3296 2386 3382 Ergo
2429 3297 2692 3362 univer·

588 3399 744 3464 salis
796 3404 898 3464 est
948 3397 1333 3486 simpliciter
1390 3395 1735 3483 possibilis,
1792 3402 1861 3462 et
1919 3397 2168 3484 poterit
2211 3398 2382 3483 poni.
2401 3397 2428 3434 ²
2491 3399 2695 3464 Verbi

590 3501 825 3588 gratia,
888 3500 1030 3566 haec
1092 3505 1195 3566 est
1244 3498 1609 3586 possibilis:
1676 3497 1977 3564 Socrates
2043 3498 2334 3584 loquitur
2385 3499 2452 3562 in
2522 3504 2694 3580 actu,

596 3609 665 3669 et
702 3602 814 3669 hic
843 3602 1035 3668 Pla-to
1078 3601 1373 3688 loquitur
1402 3600 1767 3678 actualiter,
1803 3605 1872 3666 et
1915 3599 2009 3665 sic
2050 3599 2133 3667 de
2161 3600 2308 3666 aliis
2330 3599 2375 3680 3³
2419 3605 2488 3667 et
2517 3601 2700 3668 nulla.

596 3705 947 3792 singularis
990 3704 1107 3770 alii
1126 3703 1153 3741 ⁴
1199 3706 1539 3791 repugnat.
1635 3702 1812 3789 Ergo
1843 3700 1984 3768 haec
2013 3702 2442 3768 universalis:
2487 3705 2700 3770 omnis

594 3807 790 3872 homo
834 3807 1131 3894 loquitur
1174 3805 1539 3885 actualiter,
1571 3809 1674 3870 est
1717 3804 2064 3891 possibilis,
2096 3811 2166 3871 et
2194 3811 2411 3892 potest
2440 3806 2598 3894 poni
2625 3807 2702 3872 in

598 3931 752 3976 esse.
846 3909 979 3974 Sed
1031 3909 1171 3976 haec
1214 3905 1609 3974 universalis
1656 3905 2033 3993 propositiO,
2067 3929 2260 3974 omne
2313 3909 2702 3997 contingens

598 4017 703 4077 est
761 4033 1012 4092 verum,
1074 4033 1210 4077 non
1270 4013 1373 4076 est
1422 4007 1750 4096 possibilis
1809 4011 1890 4073 ut
1940 4015 2228 4095 ponatur
2285 4011 2360 4076 in
2417 4034 2572 4092 esse,
2633 4017 2704 4078 et

596 4115 858 4180 dicatur
903 4111 1266 4200 aliquando
1312 4111 1489 4197 quod
1533 4111 1624 4176 sit
1675 4131 1876 4175 vera:
1960 4111 2120 4197 quia
2165 4112 2306 4199 ejus
2349 4114 2707 4201 singularia

593 4215 751 4284 licet
781 4216 923 4282 sint
965 4215 1320 4304 possibilia,
1350 4219 1577 4279 tamen
1621 4233 1831 4277 unum
1877 4214 2068 4280 alteri
2110 4220 2556 4303 comparatum
2602 4221 2704 4282 est

597 4319 659 4384 ei
700 4319 1237 4406 incompossibile‚
1268 4316 1425 4404 quia.
1475 4318 1633 4381 sunt
1690 4316 2208 4382 contradictoria.
2302 4317 2682 4404 Utrumque

666 4609 679 4641 ι
706 4607 778 4674 εἰ]
818 4623 915 4659 om,
951 4608 1013 4661 T,
1706 4682 1717 4693 ²
1769 4602 1788 4632 ⁸
1809 4610 1856 4654 et
1874 4605 1946 4652 sic
1969 4603 2027 4654 de
2059 4602 2200 4669 aliis]
2241 4603 2456 4657 Cichero
2489 4605 2710 4670 loquitur

674 4767 849 4834 κροκι]
888 4782 987 4818 om,
1026 4767 1089 4820 T,
1702 4698 1755 4732 m
1778 4698 1808 4794 *a
1809 4682 2130 4829 23:¹1]malll·tell3·,
2165 4755 2227 4816 Τ.
