3517 5750
479 2762 615 2813 'rhat
625 2764 792 2815 diver·

482 2829 583 2896 sity
604 2831 665 2882 of

475 2906 657 2950 matter
676 2898 720 2950 is

477 2973 567 3015 not
587 2967 770 3030 depen-

478 3034 600 3083 dent
620 3048 687 3083 on
708 3033 793 3084 the

478 3099 625 3158 form,
648 3101 740 3150 but

476 3164 521 3216 is
540 3167 773 3218 essential

477 3234 580 3282 and
600 3248 711 3298 spe-

476 3298 605 3351 cific.

818 814 947 879 126
1574 828 1833 879 nouum
1879 826 2172 879 mcoms
2754 814 2931 903 [mr.

812 1024 931 1091 pro
990 1000 1395 1080 actualitate‚
1456 1004 1818 1070 seeundum
1879 1004 2055 1089 quod
2115 1003 2394 1070 dicimus
2453 1024 2593 1069 rem
2655 1026 2793 1071 eene
2855 1004 2930 1073 in

810 1110 982 1185 actu,
1048 1104 1119 1169 id
1194 1109 1297 1171 est
1370 1106 1776 1185 actualitate,
1853 1106 2226 1173 existendi:
2310 1106 2668 1175 secundum
2743 1110 2923 1195 quod

812 1207 1091 1273 dicimus
1164 1207 1344 1295 quod
1417 1208 1591 1273 filius
1659 1215 1880 1289 natus,
1945 1214 2049 1275 est
2105 1211 2178 1275 in
2245 1215 2419 1289 actu,
2479 1215 2549 1275 et
2607 1210 2785 1275 filius
2843 1211 2918 1277 in

809 1310 1075 1388 semine,
1122 1315 1224 1375 est
1266 1310 1341 1374 in
1383 1309 1701 1396 potentia.
1797 1310 1931 1376 Sed
1973 1312 2096 1377 hoe
2138 1311 2341 1377 tertio
2385 1314 2582 1378 modo
2627 1310 2924 1398 loquitur

809 1412 1201 1477 Aristoteles
1259 1412 1355 1478 ibi
1382 1411 1402 1450 ¹
1472 1412 1547 1477 in
1604 1413 1906 1499 septimo,
1967 1436 2118 1479 eum
2178 1414 2341 1480 dicit
2399 1418 2587 1481 aetus
2662 1414 2924 1481 dividit.

810 1513 989 1580 Nam
1050 1515 1212 1579 dicit
1270 1515 1448 1599 quod
1515 1536 1599 1580 ex
1674 1515 1932 1581 duobus
1994 1516 2066 1581 in
2141 1520 2296 1582 actu
2357 1537 2493 1582 non
2551 1516 2632 1583 fit
2691 1538 2916 1595 unum,

810 1638 930 1681 nec
982 1637 1068 1681 ex
1116 1616 1370 1681 duobus
1418 1616 1494 1679 in
1548 1617 1849 1701 potentia
1901 1621 2123 1703 potest
2166 1618 2310 1683 fieri
2353 1636 2564 1683 unum
2587 1618 2642 1699 ;2
2687 1619 2804 1685 sed
2842 1640 2928 1685 ex

812 1718 1083 1799 duobuS,
1131 1739 1411 1803 quorum
1456 1739 1664 1784 unum
1710 1723 1813 1784 est
1861 1720 1937 1784 in
1980 1721 2299 1807 potentia,
2350 1725 2423 1786 et
2473 1720 2802 1806 reliquum
2851 1722 2927 1787 in

813 1826 987 1902 actu,
1033 1821 1113 1886 fit
1163 1842 1386 1886 unum.
1478 1820 1569 1887 Et
1614 1842 1732 1907 per
1781 1820 1904 1887 hoc
1951 1822 2282 1909 frangitur
2335 1844 2560 1890 eorum
2611 1822 2923 1905 Achilles,

812 1923 885 1988 in
945 1944 1074 2009 quo
1127 1944 1245 2009 pro
1296 1922 1854 1989 demonstratione
1905 1924 2268 1990 confidunt.
2376 1924 2556 1990 Nam
2623 1931 2922 2012 arguunt

814 2026 944 2092 sio:
996 2032 1033 2061 “
1052 2024 1499 2091 Exoludamus
1544 2046 1662 2112 per
1705 2024 2118 2093 intellectum
2163 2027 2444 2093 formam
2498 2050 2540 2091 a
2591 2026 2802 2106 stella,
2849 2034 2921 2095 et

817 2134 855 2165 “
900 2150 941 2193 a
984 2127 1219 2215 lapide,
1262 2133 1331 2194 et
1374 2150 1417 2193 a
1454 2148 1859 2214 quocunque.
1950 2128 2122 2196 Oum
2165 2129 2376 2217 igitur
2417 2128 2631 2195 forma
2675 2130 2925 2197 dividit

816 2236 853 2267 “
894 2235 965 2297 et
1008 2229 1379 2318 distinguit,
1428 2230 1587 2315 quia
1629 2234 1818 2296 actus
1861 2230 2126 2311 dividit,
2171 2237 2253 2298 ut
2297 2231 2696 2298 Aristoteles
2735 2232 2917 2311 dicit,

816 2340 852 2369 “
896 2354 1049 2421 ergo
1109 2334 1391 2397 materia
1434 2332 1589 2397 hinc
1648 2332 1804 2398 inde
1862 2354 1998 2397 non
2057 2332 2334 2399 habebit
2382 2354 2513 2419 quo
2561 2334 2922 2401 seeundum

814 2441 852 2472 “
896 2458 965 2501 se
1009 2436 1311 2501 differat:
1359 2456 1561 2522 quare
1604 2436 1734 2501 erit
1773 2456 1910 2500 una
1951 2439 2020 2502 et
2059 2434 2344 2503 eadem.”
2436 2436 2570 2502 Hic
2615 2441 2715 2503 est
2760 2439 2922 2503 stu]-

810 2540 968 2605 titia
1012 2539 1293 2603 infinita
1398 2537 1577 2601 Nam
1636 2539 1848 2623 primo
1909 2538 2198 2604 fundant
2257 2560 2326 2604 se
2385 2560 2584 2627 super
2637 2540 2920 2606 auctori-

812 2646 1021 2707 tatem
1064 2639 1227 2706 falso
1272 2645 1341 2705 et
1385 2639 1557 2704 male
1602 2640 2025 2721 intellectam,
2076 2647 2155 2707 ut
2197 2646 2390 2727 patet
2433 2662 2520 2706 ex
2565 2642 2779 2708 dictis,

902 2743 1204 2810 Secundo
1278 2743 1617 2807 asininant
1690 2764 1839 2808 eum
1905 2749 2214 2830 quaerunt
2268 2743 2594 2831 quomodo
2641 2745 2924 2811 materia

812 2845 966 2912 hinc
1009 2844 1165 2910 inde
1203 2842 1664 2931 distinguatur.
1756 2844 1937 2910 Nam
1966 2844 2142 2912 idem
2187 2850 2652 2933 argumentum
2683 2844 2922 2913 faciam

816 2950 897 3014 de
936 2947 1159 3027 forma,
1200 2948 1331 3013 siet
1380 2946 1824 3012 Exeludamus
1871 2971 1913 3012 a
1954 2948 2164 3014 forma
2211 2947 2359 3014 ooeli
2405 2953 2473 3015 et
2521 2949 2733 3015 forma
2750 2948 2780 2987 ⁸
2826 2948 2919 3015 la-

816 3052 989 3139 pidis
1016 3051 1361 3116 materiam
1392 3051 1546 3116 hinc
1596 3049 1797 3130 inde3
1871 3071 2089 3148 quaero
2138 3051 2346 3138 igitur
2411 3053 2738 3137 quomodo
2787 3051 2920 3117 dis-

816 3152 1275 3242 tinguerentur
1318 3152 1591 3218 formae'?
1640 3151 1836 3218 Certe
1883 3175 2001 3239 per
2045 3153 2306 3240 seipsa-fl,
2351 3155 2510 3239 quia
2561 3158 2720 3220 eunt
2771 3154 2919 3220 aliae

818 3256 891 3322 in
922 3261 1178 3322 natura.
1268 3255 1517 3321 Eodem
1556 3253 1751 3320 modo
1801 3255 2014 3320 dieam
2047 3255 2130 3320 de
2181 3257 2460 3320 materia
2511 3254 2666 3322 hine
2717 3255 2917 3337 inde;

816 3381 973 3426 nam
1031 3381 1147 3448 per
1196 3359 1439 3446 seipsas
1496 3357 1815 3424 differunt
1863 3357 1937 3422 in
1975 3359 2171 3424 rebus
2230 3357 2504 3423 diversis
2559 3359 2918 3424 seeundum

812 3464 1110 3550 speciem,
1141 3467 1211 3528 et
1254 3482 1388 3527 non
1431 3466 1698 3549 propter
1722 3459 1979 3526 formas.
2071 3459 2140 3525 N
2141 3481 2249 3524 am
2285 3479 2422 3525 non
2450 3460 2662 3526 solum
2690 3460 2916 3526 formae

810 3571 972 3632 sunt
1028 3565 1176 3630 aliae
1234 3585 1350 3650 per
1406 3563 1761 3629 essentiam
1830 3563 1904 3627 in
1963 3562 2239 3627 diversis
2299 3557 2646 3649 speciebuS,
2707 3563 2788 3627 ut
2843 3563 2918 3627 in

810 3668 1029 3754 lapide
1104 3673 1173 3733 et
1231 3666 1439 3746 stella,
1512 3665 1629 3730 sed
1686 3663 1847 3751 ipsae
1921 3665 2217 3730 materiae
2275 3671 2435 3730 sunt
2506 3665 2781 3732 diversae
2844 3665 2918 3730 in

811 3775 1054 3834 natura
1093 3768 1388 3854 specifica
1416 3767 1772 3832 seeundum
1815 3787 1898 3832 se.
1991 3767 2192 3832 Unde
2222 3767 2654 3854 compositum
2699 3767 2919 3833 differt

813 3893 855 3934 a
882 3871 1238 3956 composito
1284 3891 1397 3956 per
1424 3869 1699 3934 formam
1740 3872 1813 3933 et
1849 3869 2198 3934 materiam
2230 3869 2520 3935 diversas
2557 3891 2600 3934 a
2637 3870 2918 3934 materia

812 3980 881 4040 et
938 3973 1150 4038 forma
1208 3969 1495 4036 alterius.
1589 3969 1722 4037 Sed
1781 3971 1993 4036 forma
2035 3971 2262 4036 differt
2319 3993 2362 4036 a
2418 3970 2630 4037 forma
2685 3990 2912 4037 seeun—

810 4078 971 4141 dum
1023 4098 1108 4152 se,
1162 4078 1229 4140 et
1280 4073 1556 4140 materia
1622 4095 1663 4138 a
1729 4074 2010 4139 materia
2075 4096 2193 4160 per
2243 4094 2395 4139 suas
2442 4078 2716 4139 naturas
2767 4096 2912 4160 pro-

808 4180 1002 4266 prias,
1072 4177 1173 4241 ita
1230 4176 1409 4262 quod
1466 4175 1816 4241 diversitas
1877 4177 2172 4242 materiae
2230 4197 2368 4240 non
2427 4181 2530 4241 est
2588 4198 2630 4240 a
2684 4175 2910 4254 forma,

810 4282 979 4348 sicut
1058 4299 1179 4344 nee
1257 4301 1294 4344 e
1370 4299 1694 4344 converso,
1785 4277 1879 4344 Et
1934 4283 2157 4345 tamen
2225 4299 2568 4366 possumus
2631 4277 2914 4366 allegare

877 4672 1309 4740 'As-moechati]
1348 4687 1445 4725 om.
1472 4671 1536 4725 Τ.
1967 4669 2195 4739 ¹'fin-ma]
2233 4685 2332 4722 om.
2367 4666 2430 4722 Β.

873 4758 1068 4822 'potest
1098 4792 1113 4807 .
1148 4791 1163 4808 .
1196 4792 1211 4808 .
1244 4755 1415 4822 unm]
1452 4751 1635 4806 om.B.
