3517 5750
592 889 926 977 xxxv111.]
1398 904 1573 955 opus
1616 904 1938 955 mmmm.
2571 892 2602 953 1
2615 893 2692 955 21

591 1080 767 1166 quod
802 1079 1081 1145 materia
1114 1078 1205 1143 sit
1232 1098 1370 1142 una
1413 1098 1683 1143 numero
1718 1078 1792 1143 in
1837 1076 2142 1143 omnibus
2182 1076 2395 1153 rebus,
2427 1077 2692 1157 scilicet,
2722 1092 2827 1143 Not
2848 1110 3023 1144 nume-

588 1180 1041 1269 spiritualibus
1115 1185 1185 1247 et
1258 1179 1716 1267 corporalibus,
1781 1185 1850 1246 et
1915 1180 1989 1245 in
2055 1179 2442 1262 coelestibus‚
2491 1183 2560 1246 et
2622 1180 2695 1245 in
2721 1158 3017 1277 ξιξὲιέζθωθ

589 1284 947 1361 elementis,
994 1288 1065 1348 et
1114 1281 1347 1347 mixtis
1398 1286 1467 1347 et
1525 1281 1924 1362 inanimatis,
1970 1286 2040 1347 et
2098 1281 2174 1346 in
2217 1282 2453 1359 anima,
2501 1286 2569 1347 et
2619 1282 2694 1348 in
2720 1308 2857 1371 sarno
2879 1293 2934 1343 in
2956 1294 3028 1345 au

592 1385 941 1465 omnibus;
1000 1389 1071 1450 et
1118 1404 1269 1449 eum
1315 1383 1422 1449 hic
1482 1382 1571 1449 sit
1631 1404 1809 1449 error
1867 1384 2184 1469 pessimus
2244 1384 2359 1469 qui
2405 1405 2698 1469 unquam
2724 1360 2912 1426 things.

590 1487 720 1552 fuit
740 1485 761 1524 ¹
838 1486 911 1551 in
928 1485 957 1524 ²
1029 1484 1443 1573 philosophia
1515 1486 1786 1571 positus,
1864 1485 2010 1551 ideo
2101 1484 2447 1572 aggredior
2534 1487 2706 1551 hanc

590 1588 1001 1675 positionem,
1086 1592 1157 1653 et
1246 1586 1621 1672 hujusmodi
1711 1587 2062 1673 positionis
2151 1586 2512 1653 destructio
2601 1594 2706 1653 est

590 1688 784 1756 valde
827 1690 1201 1756 necessaria.
1294 1688 1427 1755 Sed
1482 1690 1786 1774 quamvis
1844 1710 1963 1775 per
2019 1688 2309 1755 rationes
2367 1690 2706 1755 naturales

592 1797 664 1858 et
752 1792 1233 1880 metaphysicas
1306 1812 1650 1878 possumus
1728 1791 1904 1857 hunc
1987 1812 2270 1858 errorem
2350 1790 2704 1871 eliminare,

592 1901 817 1961 tamen
868 1895 1027 1982 quia
1067 1900 1365 1979 tenorem
1428 1893 1868 1980 persuasionis
1927 1895 2188 1961 intente
2247 1916 2498 1981 sequor,
2558 1893 2706 1961 ideo

592 1997 803 2062 solum
878 2017 1049 2085 pono
1137 1995 1729 2062 demonstrationes
1803 1996 2056 2083 aliquas
2129 1996 2558 2083 geometricas
2632 1996 2706 2060 in

592 2098 785 2164 lineis
844 2098 1278 2187 explicandas.
1370 2097 1649 2164 Ostendi
1708 2096 1912 2162 etiam
1957 2096 2134 2183 quod
2181 2119 2265 2163 ex
2324 2097 2447 2163 hoc
2489 2119 2704 2163 errore
2727 2114 2871 2165 Fata!
2893 2131 3014 2165 eon-

594 2202 891 2288 sequitur
934 2201 1113 2287 quod
1157 2201 1437 2266 materia
1479 2200 1571 2265 sit
1614 2199 1886 2285 aequalis
1917 2199 2082 2280 Dee,
2127 2205 2198 2265 et
2241 2200 2332 2264 sit
2361 2199 2590 2281 Deus3
2634 2206 2704 2265 et
2727 2196 2998 2299 ᾓξζζῗξῗ

594 2303 994 2391 impossibile
1068 2306 1171 2368 est
1244 2302 1363 2367 has
1439 2300 2034 2367 demonstrationes
2106 2299 2424 2387 impediri.
2547 2300 2703 2367 Non
2728 2313 2940 2376 position
2961 2322 3015 2365 to

592 2406 803 2471 solum
846 2405 1059 2493 igitur
1100 2409 1203 2470 est
1260 2426 1453 2481 error,
1502 2404 1619 2469 sed
1677 2403 1956 2484 haeresis,
2019 2403 2175 2490 quia
2232 2402 2702 2490 blasphemiam
2726 2379 3018 2510 fflss’ffio-

592 2506 867 2572 inducit.
958 2506 1050 2571 Et
1101 2512 1327 2571 tamen
1378 2504 1621 2592 vulgus
1668 2505 2082 2571 studentium
2125 2504 2200 2569 in
2247 2505 2578 2593 theologia
2636 2509 2704 2572 et
2725 2511 2902 2579 sophy-

596 2607 1005 2695 philosophia
1068 2606 1189 2675 hoc
1232 2606 1585 2687 affirmant,
1634 2608 1747 2673 sed
1809 2629 1944 2673 non
1988 2607 2350 2673 advertunt
2392 2608 2704 2675 inconve-

595 2709 853 2778 nientia
895 2732 1043 2798 quse
1083 2716 1453 2797 sequuntur
1494 2714 1764 2798 propter
1807 2710 1945 2791 hoc,
1994 2710 2172 2797 quod
2207 2711 2350 2798 jam
2395 2712 2710 2798 exempli-

598 2813 867 2880 ficatum
934 2818 1038 2880 est
1105 2834 1221 2901 per
1283 2812 1505 2900 capita
1572 2812 1780 2901 vulgi,
1845 2818 1916 2879 et
1978 2834 2094 2900 per
2167 2812 2709 2881 consuetudinem

596 2917 862 3004 longam
928 2915 1290 2996 firmatum,
1358 2921 1429 2980 et
1498 2915 1898 2982 celebratum
1965 2937 2084 3003 per
2149 2937 2414 2983 sensum
2481 2916 2709 2984 multi-

598 3019 863 3085 tudinis.
954 3018 1089 3084 Sed
1154 3019 1279 3084 etsi
1348 3039 1483 3084 non
1546 3023 1928 3104 sequeretur
2001 3018 2170 3085 illud
2242 3019 2710 3086 inconveniens

598 3121 1037 3208 theologicum
1098 3143 1183 3186 ex
1227 3120 1350 3186 hac
1409 3121 1750 3206 positione,
1800 3126 2026 3187 tamen
2086 3121 2385 3208 sequitur
2442 3143 2527 3188 ex
2586 3121 2710 3188 hoc

597 3223 773 3308 quod
816 3227 969 3288 tota
1008 3223 1255 3288 veritas
1297 3243 1519 3287 rerum
1573 3227 1940 3288 creatarum
1987 3222 2365 3303 destruitur,
2413 3228 2484 3288 et
2529 3225 2705 3310 quod

597 3323 997 3412 impossibile
1042 3329 1145 3390 est
1188 3324 1438 3410 aliquid
1483 3325 1633 3390 sciri
1692 3323 1776 3389 de
1819 3325 2102 3390 veritate
2146 3324 2588 3412 generationis
2633 3329 2704 3390 et

596 3427 1053 3514 corruptionis,
1144 3427 1321 3491 Nam
1410 3427 1469 3491 si
1542 3426 1824 3491 materia
1889 3433 1990 3490 est
2056 3447 2190 3492 una
2270 3447 2562 3506 numere,
2630 3430 2701 3491 et
2725 3449 2836 3502 The
2857 3465 3023 3502 ensen-

597 3529 803 3595 forma
856 3529 1236 3616 appropriat
1295 3529 1423 3594 sibi
1486 3520 1673 3594 suam
1734 3527 2100 3608 materiam,
2164 3531 2246 3592 ut
2308 3526 2700 3594 Aristoteles
2721 3518 2812 3596 ‘³³²¹
2832 3517 3000 3633 dig‘fs

599 3631 764 3697 dicit
796 3630 863 3712 3⁸
931 3635 1002 3697 et
1048 3637 1303 3697 certum
1371 3636 1473 3697 est
1511 3629 1689 3717 quod
1756 3630 2038 3697 materia
2099 3629 2362 3718 propria
2419 3629 2701 3716 requirit
2721 3592 2894 3715 iffi}-
2913 3599 3000 3700 ‹ie-

596 3733 875 3799 formam
918 3734 1267 3821 propriam,
1312 3738 1383 3798 et
1440 3755 1477 3798 e
1538 3753 1849 3799 converso
1874 3755 2138 3815 3-nam
2197 3731 2476 3800 materia
2533 3732 2704 3799 asini
2727 3717 2932 3835 {²⁸⁰5ae
2952 3716 3024 3782 δῖ

600 3857 735 3901 non
801 3837 1022 3923 potest
1088 3857 1314 3923 capere
1390 3836 1679 3901 animam
1752 3835 2161 3916 rationalem,
2237 3858 2358 3902 nec
2431 3838 2708 3903 materia

600 3937 885 4004 hominis
931 3938 1221 4004 animam
1268 3939 1437 4003 asini
1476 3943 1654 4020 ;—et
1699 3937 1848 4004 ideo
1889 3939 1946 4004 si
1975 3939 2254 4006 materia
2317 3945 2420 4005 est
2479 3943 2707 4007 eadem

598 4041 673 4105 in
718 4040 1022 4106 omnibus
1081 4040 1439 4106 secundum
1492 4039 1859 4118 essentiam,
1924 4045 1994 4108 et
2052 4041 2260 4107 forma
2310 4042 2439 4108 erit
2482 4044 2710 4108 eadem

596 4143 671 4207 in
716 4141 859 4224 eis3
905 4148 975 4209 et
1016 4143 1118 4208 ita
1162 4143 1386 4208 omnia
1446 4148 1643 4208 erunt
1691 4164 1897 4208 unum
1937 4149 2006 4210 et
2053 4145 2264 4228 idem;
2309 4150 2380 4212 et
2437 4148 2708 4232 angelus

601 4245 693 4310 sic
760 4244 891 4310 erit
966 4243 1152 4331 lapis,
1222 4250 1291 4311 et
1366 4245 1560 4310 homo
1636 4247 1878 4325 asinu8‚
1947 4251 2016 4312 et
2083 4248 2322 4314 coelum
2381 4253 2576 4328 terra,
2639 4252 2709 4314 et

602 4346 930 4433 quidlibet
988 4346 1117 4411 erit
1174 4346 1521 4432 quidlibet.

693 4445 967 4529 Iterum,
1030 4447 1087 4514 si
1166 4449 1344 4537 quod
1416 4455 1517 4516 est
1608 4449 2008 4517 accidentale
2083 4450 2178 4516 rei
2252 4449 2548 4516 variatur
2634 4449 2710 4515 in

669 4725 685 4756 ¹
698 4724 841 4792 suit]
868 4725 947 4787 sit,
982 4726 1045 4777 T.
1772 4727 1792 4755 ⁸
1813 4723 2094 4776 Aristoteles
2140 4723 2286 4792 dicit]
2347 4725 2444 4781 See
2487 4725 2709 4792 Physica

674 4805 696 4836 ²
715 4803 795 4870 in]
831 4803 910 4863 de,
942 4805 1002 4856 B.
1026 4805 1085 4854 L.
1708 4804 1940 4868 Ausum,
1961 4805 1992 4855 i.
2023 4806 2065 4857 7.
2139 4845 2144 4850 .
