3517 5750
530 901 719 990 vm]
1200 918 1665 971 commmtm
1708 918 1961 971 swnn.
2505 907 2634 970 481

533 1100 569 1129 “
611 1094 1069 1180 generationes
1126 1094 1277 1161 coeli
1336 1100 1407 1161 et
1457 1101 1650 1161 terrae
1712 1096 1976 1181 quando
2036 1098 2272 1162 oreatae
2346 1099 2507 1161 suut
2568 1096 2634 1161 in

533 1204 567 1229 ‘¹
614 1195 723 1261 die
767 1218 900 1283 qua
959 1194 1117 1263 fecit
1182 1195 1509 1262 Dominus
1572 1196 1755 1263 Deus
1819 1198 2060 1263 eoelum
2123 1202 2194 1263 et
2259 1203 2522 1277 terram,
2575 1204 2644 1263 et

532 1304 569 1333 “
614 1318 809 1363 omne
882 1298 1251 1386 virgultum
1311 1300 1468 1386 agri,
1539 1304 1896 1385 antequam
1961 1300 2246 1366 oriretur
2310 1300 2384 1363 in
2449 1304 2642 1378 terra,

530 1405 567 1433 “
610 1420 999 1486 omnemque
1072 1400 1348 1467 herbam
1398 1400 1687 1487 regionis
1745 1402 2132 1489 priusquam
2183 1401 2645 1489 germinaret.”

532 1500 779 1588 Magna
820 1501 1175 1567 difficultas
1227 1507 1329 1569 est
1380 1502 1506 1584 hic,
1552 1525 1639 1567 an
1683 1504 1808 1568 sub
1857 1526 1988 1569 uno
2033 1526 2230 1570 versu
2291 1526 2381 1569 an
2436 1504 2642 1591 pluri·

528 1602 654 1669 bus
698 1603 935 1669 debeat
996 1604 1291 1691 proferri.
1386 1602 1471 1669 In
1536 1604 1825 1673 Hebraeo
1885 1606 2151 1693 quidem
2219 1606 2642 1671 manifestum

529 1711 631 1771 est
676 1706 853 1792 quod
896 1711 1055 1773 sunt
1100 1706 1231 1773 duo
1292 1728 1536 1785 versus,
1574 1706 1780 1793 juxta
1822 1708 2291 1796 proprietatem
2339 1707 2646 1775 Hebraeae

530 1807 971 1874 distinotionis
1032 1814 1103 1875 et
1161 1808 1641 1877 verificationis.
1756 1809 1934 1875 Nam
2011 1810 2336 1877 Hebraeus
2409 1810 2646 1897 incipit

530 1930 772 1976 novam
816 1911 1215 1979 sententiam
1258 1910 1373 1993 ibi,
1420 1918 1481 1979 et
1522 1932 1719 1977 mnne
1763 1911 2155 1998 virgultum
2198 1912 2372 1997 (tyri,
2423 1911 2646 1977 dicens

532 2010 621 2076 ad
694 2012 1003 2079 literam:
1084 2019 1155 2079 et
1232 2034 1423 2081 omne
1496 2014 1866 2100 virgultum
1938 2013 2238 2080 nondum
2301 2013 2507 2080 fiebat
2569 2015 2644 2078 in

531 2118 725 2194 terra,
786 2121 856 2180 et
938 2115 1153 2181 omnis
1218 2115 1424 2181 herba
1487 2115 1776 2201 regionis
1842 2115 2140 2181 nondum
2201 2115 2644 2204 germinavit3

531 2216 779 2283 scilieet
822 2216 1085 2303 quando
1130 2217 1333 2284 creati
1386 2223 1543 2281 sunt
1587 2216 1737 2283 coeli
1793 2222 1864 2285 et
1923 2222 2104 2283 terra
2163 2218 2238 2281 in
2298 2217 2642 2304 principi0‚

530 2318 891 2383 seeundum
959 2319 1137 2405 quod
1198 2318 1445 2384 dicitur
1522 2326 1559 2355 “
1586 2318 1661 2383 in
1734 2318 2060 2407 principio
2135 2319 2387 2385 creavit
2461 2319 2643 2389 Deus

536 2427 572 2455 “
616 2419 855 2486 eoelum
912 2426 984 2489 et
1042 2417 1345 2486 terram.”
1463 2420 1780 2485 Nondum
1855 2421 2032 2487 enim
2105 2420 2428 2508 producta
2487 2425 2648 2487 sunt

532 2522 827 2609 virgulta
886 2544 1009 2588 neo
1081 2522 1299 2588 herbae
1362 2522 1444 2588 de
1496 2527 1689 2601 terra,
1752 2522 1870 2589 sed
1937 2522 2012 2587 in
2078 2523 2282 2588 tertia
2355 2523 2478 2589 die.
2569 2522 2646 2589 Si

530 2646 689 2695 vero
756 2626 831 2689 in
893 2624 1135 2690 Latino
1202 2629 1373 2690 esset
1445 2624 1729 2713 negati0‚
1801 2625 1972 2691 sicut
2036 2624 2111 2689 in
2187 2624 2490 2704 Hebraeo,
2567 2631 2649 2691 ut

531 2726 727 2791 litera
800 2731 1031 2791 nostra
1103 2731 1275 2791 esset
1364 2726 1535 2791 siout
1612 2727 1890 2813 exposui
1963 2748 2140 2792 nunc
2214 2726 2433 2813 ipsum
2509 2727 2648 2792 He-

532 2827 801 2908 braeum,
850 2832 1011 2895 tunc
1076 2832 1297 2915 posset
1340 2849 1567 2895 versus
1633 2828 1922 2916 incipere
1983 2828 2056 2894 in
2103 2828 2344 2894 Latino
2407 2828 2521 2907 ibi,
2587 2835 2650 2896 et

535 2953 734 2998 omme
790 2929 1177 3017 viv-,qustum
1234 2930 1409 3016 agri.
1502 2930 1634 2997 Sed
1678 2952 1814 2996 non
1859 2934 1960 2996 est
2002 2931 2286 3018 negatio,
2335 2931 2490 2997 licet
2534 2932 2648 2996 ad-

534 3033 765 3099 verbia
824 3033 1123 3099 valentia
1194 3033 1579 3120 negationes
1636 3033 2083 3121 imponantur,
2149 3033 2398 3098 seilicet
2461 3041 2648 3100 ante-

535 3155 751 3222 quam
822 3141 893 3202 et
959 3134 1395 3224 priusquam·
1474 3135 1597 3201 sub
1672 3135 1885 3223 speeie
1973 3135 2412 3216 affirmativa3
2502 3158 2648 3222 quae
2757 3205 2764 3212 ,

534 3237 893 3304 secundum
968 3259 1215 3303 morem
1276 3258 1413 3302 non
1474 3242 1749 3324 possunt
1827 3237 1936 3302 hie
2009 3237 2295 3324 incipere
2363 3259 2646 3319 versum,

532 3340 651 3406 sed
724 3344 984 3427 oportet
1057 3339 1235 3426 quod
1320 3339 1647 3407 referatur
1712 3339 1798 3404 ad
1886 3338 2274 3424 praeoedens‚
2351 3345 2422 3404 et
2499 3362 2650 3406 con·-

534 3441 791 3509 tinetur
870 3442 1157 3507 sermoni
1216 3441 1611 3529 praecedenti
1698 3439 1824 3506 sub
1895 3461 2027 3507 uno
2102 3461 2312 3506 versu.
2447 3441 2648 3507 Unde

534 3549 811 3631 oportet,
859 3544 1035 3628 quod
1080 3544 1205 3610 hoo
1264 3542 1643 3608 adverbiale
1688 3549 2062 3629 antequam
2105 3547 2530 3630 praeponatur
2572 3545 2646 3608 in

534 3647 1036 3723 construetione,
1070 3653 1139 3712 et
1183 3645 1362 3732 quod
1406 3665 1605 3711 omme
1673 3643 2066 3730 virqultum
2113 3645 2204 3710 sit
2246 3645 2644 3711 nominativi

536 3770 737 3814 casus.
848 3747 971 3813 Est
1014 3748 1223 3835 igitur
1286 3747 1395 3813 hio
1438 3769 1667 3814 sensus
1718 3747 1970 3812 literae:
2035 3746 2195 3812 Istae
2253 3750 2412 3812 sunt
2453 3768 2650 3834 gene-

534 3851 825 3917 rationes
868 3849 1017 3916 ooeli
1054 3855 1122 3915 et
1166 3855 1383 3929 terrae,
1431 3855 1501 3916 et
1537 3854 1794 3928 eoetera,
1824 3849 2086 3934 quando
2131 3849 2335 3915 creati
2377 3855 2537 3916 sunt
2575 3850 2649 3915 in

538 3953 647 4018 die
692 3974 823 4038 qua
866 3952 1025 4020 fecit
1069 3951 1400 4019 Dominus
1448 3951 1691 4018 ooelum
1735 3957 1806 4018 et
1863 3957 2128 4033 terram,
2176 3957 2246 4018 et
2291 3957 2648 4040 antequam

538 4077 731 4121 omne
766 4055 1130 4142 virgultum
1176 4055 1321 4142 agri
1364 4055 1649 4120 oriretur
1690 4055 1765 4120 in
1809 4059 1990 4120 terra
2041 4075 2191 4140 quae
2235 4077 2368 4143 pro.
2415 4059 2536 4121 eto.
2581 4059 2652 4121 et

536 4158 918 4244 priusquam
1007 4161 1201 4236 terra,
1280 4156 1511 4244 supple
1574 4156 1979 4243 germinaret
2045 4179 2304 4222 omnem
2377 4157 2647 4222 herbam

538 4259 841 4346 regionis,
919 4258 995 4325 Si
1047 4280 1209 4324 vero
1253 4263 1425 4324 esset
1468 4257 1567 4323 ibi
1612 4258 1826 4324 omnis
1869 4257 2074 4324 herba
2118 4259 2190 4322 in
2233 4258 2646 4324 nominativo

538 4381 711 4442 casu,
786 4368 949 4427 tuno
1020 4361 1281 4448 planior
1353 4365 1525 4426 esset
1581 4359 1822 4440 litera3
1898 4361 2014 4426 sed
2073 4365 2296 4447 potest
2359 4359 2650 4444 suppleri

540 4463 992 4529 nominativus
1036 4485 1241 4544 casus,
1286 4461 1460 4527 siout
1526 4467 1708 4528 terra
1752 4482 1902 4546 quae
1969 4461 2310 4548 germinet,
2357 4461 2530 4524 sieut
2573 4461 2646 4524 in

538 4565 738 4631 tertia
809 4565 919 4632 die
992 4567 1244 4634 dictum
1307 4569 1427 4646 est,
1482 4569 1525 4600 “
1553 4563 1879 4650 germinet
1937 4562 2207 4626 herbam
2267 4560 2650 4628 virentem?

538 4669 739 4736 Unde
784 4691 921 4734 non
964 4667 1481 4756 intelligendum,
1536 4665 1713 4752 quod
1769 4666 1939 4730 sicut
1985 4665 2168 4730 Deus
2209 4664 2366 4730 feeit
2409 4665 2648 4730 coelum

536 4777 607 4838 et
650 4775 899 4838 terram
940 4771 1013 4838 in
1057 4771 1395 4860 principi0‚
1442 4769 1619 4861 quod
1662 4769 1892 4836 fecerit
1947 4767 2239 4860 virgulta
2281 4774 2351 4834 et
2393 4767 2648 4851 herbas,

718 4891 871 4940 vo1..
904 4891 949 4941 1.
1268 4907 1275 4916 ·
2234 4888 2288 4937 Η
2319 4888 2374 4937 Η
