3517 5750
532 855 726 950 vm]
1323 875 1500 926 orus
1542 873 1863 926 mm.
2558 857 2645 924 25

537 1069 734 1116 causa
788 1051 908 1127 est,
983 1046 1116 1112 nisi
1190 1047 1597 1134 negligentia
1657 1045 2027 1133 principum
2088 1049 2160 1112 et
2222 1047 2645 1134 praelatorum

539 1149 948 1228 Latinorum,
1017 1149 1131 1236 qui
1197 1170 1536 1235 nunquam
1601 1147 1878 1214 fuerunt
1945 1149 2208 1214 solliciti
2272 1149 2357 1214 de
2419 1150 2644 1215 studio

537 1253 892 1341 sapientiae
964 1252 1428 1340 promovende,
1499 1251 1672 1318 sicut
1733 1250 2003 1317 fuerunt
2064 1250 2243 1338 apud
2307 1251 2645 1334 HebraeOS,

539 1361 614 1422 et
657 1351 964 1434 Graecos,¹
1016 1357 1086 1420 et
1128 1354 1398 1420 Arabes,
1510 1353 1689 1418 Nam
1732 1353 1901 1418 bene
1960 1349 2219 1418 inventi
2276 1358 2434 1418 sunt
2480 1376 2645 1420 sem-

539 1479 658 1544 per
729 1455 938 1542 aliqui
1012 1454 1306 1532 studiosi,
1391 1459 1461 1520 et
1523 1476 1702 1520 nunc
1774 1459 1949 1535 sunt,
2024 1456 2141 1540 qui
2207 1457 2602 1542 aspira-ssent
2618 1457 2647 1494 ²

541 1559 632 1624 ad
693 1558 1218 1644 magnitudinem
1284 1557 1675 1644 sapientiae3
1741 1557 1861 1623 sed
1904 1578 2041 1622 non
2103 1563 2479 1644 potuerunt,
2526 1581 2649 1626 nec

544 1666 832 1749 possunt,
868 1665 1137 1747 propter
1181 1659 1508 1726 defectum
1551 1659 1881 1748 adjutorii,
1929 1661 2293 1746 procedere.

1424 1969 1584 2036 Gn».
1631 1970 1750 2036 IX.

637 2167 780 2235 SED
855 2173 1116 2256 oportet
1188 2190 1294 2234 me
1368 2166 1476 2234 hic
1549 2167 1841 2255 quinque
1916 2167 2361 2234 dubitationes
2434 2167 2647 2233 incur-
2676 2181 2915 2233 Answers

2670 2248 2873 2299 various

547 2278 766 2338 rentes
809 2292 1160 2350 removere,
1213 2277 1294 2338 ut
1343 2270 1678 2359 persuasio
1725 2270 2026 2336 veritatis
2073 2274 2391 2357 appareat
2434 2269 2651 2334 mani-
2672 2315 2982 2378 objections:

549 2374 734 2440 festa.
845 2373 1006 2439 Una
1065 2380 1166 2440 est
1231 2374 1410 2460 quod
1476 2393 1572 2453 ea,
1627 2393 1776 2458 quae
1828 2372 1973 2438 dico
2026 2377 2095 2439 et
2146 2393 2295 2459 quse
2356 2369 2647 2449 dicenda,
2677 2387 2722 2433 1.
2760 2381 2897 2432 That

549 2483 708 2542 sunt
773 2479 1005 2542 contra
1024 2474 1052 2513 ³
1113 2477 1500 2563 exemplata,
1562 2480 1633 2540 et
1691 2480 2017 2555 consueta,
2078 2479 2149 2540 et
2208 2475 2523 2562 vulgata3
2583 2478 2652 2538 et
2672 2448 2799 2528 such
2820 2449 2985 2498 κη’

2674 2530 2765 2580 mg
2785 2529 2841 2565 as
2861 2515 2963 2565 this

551 2599 672 2642 nos
733 2598 962 2644 omnae
1019 2577 1378 2664 allegamus
1435 2577 1578 2644 haec
1636 2575 1769 2642 tria
1814 2577 1887 2641 in
1948 2577 2168 2643 studio
2230 2583 2300 2644 et
2360 2578 2432 2642 in
2492 2578 2647 2642 vita.
2674 2582 2718 2632 is
2739 2582 2967 2634 unusual.

555 2679 690 2746 Sed
731 2680 1003 2767 planum
1060 2683 1163 2745 est
1213 2677 1652 2745 consideranti
1711 2679 1890 2764 quod
1943 2681 2085 2746 haec
2140 2679 2273 2746 tria
2326 2679 2653 2746 inducunt

551 2803 816 2848 omnem
876 2801 1159 2847 errorem
1219 2784 1290 2846 et
1347 2781 1903 2867 imperfectionem
1960 2782 2035 2846 in
2092 2783 2217 2848 hoc
2272 2783 2539 2862 mundo,
2584 2786 2654 2848 et

555 2906 816 2951 omnem
874 2884 1207 2950 hominem
1259 2889 1330 2950 et
1381 2890 1630 2950 statum
1675 2884 2034 2970 quemlibet
2076 2892 2541 2973 corrumpunt3
2586 2891 2655 2952 et

553 2988 736 3073 quod
753 2985 780 3025 ⁴
827 2987 1051 3051 nullus
1101 2985 1358 3053 videbit
1417 2986 1783 3065 veritatem,
1845 2983 1974 3051 nisi
2035 2987 2177 3054 haec
2234 2987 2367 3054 tria
2430 3010 2475 3055 a
2538 3010 2657 3053 sua

553 3088 954 3175 cogitatione
1011 3092 1387 3168 removeat3
1451 3092 1520 3153 et
1566 3092 1877 3173 quartum
1937 3087 2255 3171 similiter,
2318 3090 2495 3176 quod
2558 3094 2659 3155 est

553 3188 844 3257 defensio
888 3190 1168 3276 propriae
1228 3190 1616 3276 ignorantiae
1675 3212 1793 3275 per
1850 3191 2375 3277 reprobationem
2434 3213 2659 3257 eorum

556 3312 710 3378 quae
767 3293 1107 3369 nescimus,
1171 3296 1240 3356 et
1298 3314 1432 3356 non
1491 3296 1758 3378 propter
1802 3313 2091 3356 amorem
2158 3293 2476 3358 veritatis.
2571 3292 2662 3357 Et

557 3393 716 3480 quia
758 3393 896 3459 haec
940 3397 1226 3479 quatuor
1269 3391 1620 3459 destruunt
1663 3384 1900 3470 omnia}
1948 3392 2095 3457 ideo
2139 3393 2263 3459 feci
2314 3393 2387 3457 in
2450 3392 2663 3479 Opere

559 3495 799 3581 Majori
841 3500 1099 3581 partem
1160 3494 1440 3581 primam
1503 3494 1586 3561 de
1637 3496 1760 3559 hac
1804 3494 2094 3572 materia,
2150 3494 2497 3561 ostendens
2548 3517 2665 3581 per

559 3596 964 3683 Scripturam
1019 3595 1286 3662 Sacram
1333 3602 1404 3661 et
1467 3617 1585 3683 per
1599 3592 1629 3633 ⁵
1692 3596 1869 3661 dicta
1928 3601 2319 3677 sanctorum,
2384 3617 2501 3683 per
2552 3596 2663 3681 jus

561 3698 962 3776 canonicum,
1009 3718 1127 3783 per
1151 3700 1159 3710 '
1180 3694 1678 3785 philosophiam,
1735 3698 1913 3784 quod
1971 3699 2110 3764 haec
2170 3703 2455 3785 quatuor
2512 3720 2660 3765 con-

561 3800 926 3867 trariantur
968 3799 1240 3865 veritati
1282 3804 1352 3865 et
1395 3800 1789 3886 perfectioni.
1914 3800 2007 3867 Et
2050 3802 2207 3887 quia
2249 3801 2345 3867 ibi
2388 3802 2665 3889 probavi

559 3904 686 3969 hoc
744 3903 816 3967 in
867 3901 1203 3990 principio,
1260 3906 1528 3988 propter
1588 3901 1811 3968 omnia
1871 3904 2225 3989 sequentia,
2292 3908 2364 3971 et'
2422 3906 2494 3970 in
2547 3904 2661 3971 Se-

561 4004 776 4072 cundo
838 4004 1052 4091 Opere
1110 4002 1236 4071 feci
1293 4004 1712 4083 mentionem,
1768 4009 1838 4070 et
1878 4006 2093 4073 adhuc
2138 4007 2215 4073 in
2273 4008 2397 4073 hoc
2440 4006 2662 4073 Tertio

565 4105 781 4193 Opere
849 4105 1212 4192 exprimam
1269 4128 1420 4191 quse
1479 4105 1839 4173 necessaria
1899 4113 2071 4187 sunt,
2136 4107 2284 4175 ideo
2346 4110 2487 4177 haec
2548 4110 2661 4177 ob-

552 4207 755 4296 jectio
817 4208 1004 4273 nulla
1061 4212 1162 4274 est
1230 4208 1410 4296 apud
1481 4206 1825 4295 sapientes,
1894 4210 2011 4295 qui
2082 4231 2336 4299 semper
2392 4212 2663 4279 fuerunt

632 4533 647 4563 ¹
671 4531 924 4597 Hebraeo,
971 4542 1019 4585 et
1056 4533 1280 4604 Grecos]
1341 4536 1563 4600 Graecos,
1729 4540 1750 4571 ⁸
1770 4540 1981 4607 coum]
2018 4540 2081 4593 L.
2147 4542 2349 4605 Οωῐετὶ,
2369 4558 2539 4609 supra.

563 4610 824 4723 Ηῖδῐῠοξ,
845 4612 910 4663 L·
937 4612 998 4665 T·
1359 4694 1372 4709 ·
1530 4696 1542 4709 ι
1731 4646 1752 4677 ⁴
1772 4644 1925 4711 quod]
1947 4660 2049 4697 om·
2070 4646 2131 4697 T·

672 4692 1002 4760 amr-amnt]
1041 4694 1108 4747 U.
1192 4694 1392 4761 Oeten,
1427 4712 1564 4763 ωρι-
1733 4762 1754 4793 ⁸

565 4766 762 4823 rabam.
1766 4760 1891 4829 W]
1915 4776 2013 4815 ⁰¹³²·
2034 4762 2097 4815 1¹·
2120 4761 2184 4817 T·
