3517 5750
522 914 650 1002 x1.]
1193 929 1660 984 comessum
1703 931 1957 984 sumn.
2492 916 2625 989 517

519 1105 613 1170 Et
655 1110 759 1172 est
804 1106 945 1194 ejus
989 1111 1170 1190 nota,
1238 1109 1425 1196 quasi
1486 1109 1760 1177 inferior
1804 1131 1958 1198 pars
2002 1106 2231 1175 circuli
2281 1110 2423 1196 (ψ)
2471 1131 2626 1196 sup-

513 1209 821 1295 ponenda
878 1211 1365 1298 conjungendis.
1500 1213 1604 1280 Ut
1661 1233 1983 1300 ponamus
2056 1211 2432 1298 exemplum
2501 1211 2624 1276 La-

509 1311 730 1376 tinum
793 1313 1198 1378 ante-tulisti
1227 1337 1244 1394 ;
1311 1314 1566 1401 possint
1608 1321 1769 1381 ante
1827 1320 1898 1381 et
1943 1313 2175 1381 tulisti
2218 1313 2433 1379 videri
2476 1313 2623 1379 duae

513 1412 848 1480 dictiones.
943 1413 1076 1480 Sed
1119 1437 1236 1502 per
1281 1422 1510 1482 notam
1569 1417 1780 1504 ipsius
1832 1417 2096 1504 hiphen,
2158 1415 2624 1482 denominatur

513 1515 690 1602 quod
757 1517 895 1581 sint
963 1539 1098 1582 una
1165 1517 1380 1598 dictio.
1499 1517 1824 1586 Similiter
1891 1520 1948 1585 si
2015 1517 2388 1586 scribantur
2447 1519 2624 1606 quis-

510 1623 724 1704 putas,
802 1619 1263 1706 paulo-minuS,
1328 1626 1398 1686 et
1472 1621 1898 1706 hujus-modi.
1993 1620 2125 1687 Sed
2194 1620 2421 1686 Latini
2487 1641 2622 1686 non

509 1725 798 1786 utuntur
839 1721 1218 1807 hujusmodi
1263 1722 1471 1810 signo,
1517 1723 1664 1790 ideo
1731 1745 1903 1810 saepe
1946 1721 2287 1789 falluntur.
2410 1722 2621 1790 Graeci

510 1833 745 1901 autem,
823 1829 902 1889 ut
976 1827 1197 1890 vitent
1257 1845 1560 1904 errorem,
1638 1826 1891 1893 habent
1964 1825 2164 1892 talem
2240 1829 2467 1890 notam
2550 1830 2620 1890 et

511 1932 963 2013 superponunt
1032 1928 1508 2014 conjungendis
1575 1928 1648 1993 in
1725 1951 1928 1994 unam
2022 1927 2392 1993 dictionem.
2530 1926 2622 1992 Et

511 2049 714 2114 quum
779 2033 938 2094 sunt
1001 2027 1361 2094 secundum
1421 2031 1774 2096 veritatem
1852 2029 2229 2109 dividenda,
2306 2050 2441 2094 non
2508 2050 2621 2116 po-

510 2134 687 2195 nunt
746 2130 914 2196 hanc
957 2136 1186 2197 notam
1231 2132 1724 2219 conjunctionis
1824 2132 2023 2198 Unde
2072 2137 2329 2218 quamto
2373 2131 2616 2216 Μαρία,

511 2237 582 2298 et
625 2238 815 2300 tcmto
877 2232 1120 2319 Μαρία,
1187 2241 1255 2300 et
1298 2233 1518 2300 multo
1585 2234 1836 2321 mayis,
1884 2239 1956 2300 et
2018 2231 2396 2321 quominus
2460 2238 2618 2298 sunt

510 2335 728 2421 plures
795 2341 1018 2422 partes
1083 2337 1438 2403 secundum
1512 2335 1846 2416 Graecum,
1903 2342 1971 2402 et
2046 2358 2181 2401 non
2226 2336 2620 2422 copulantur

510 2435 584 2500 in
627 2459 834 2502 unum
857 2429 996 2525 'per
1039 2439 1304 2526 hiphen.
1397 2437 1531 2505 Sed
1577 2438 1801 2504 Latini
1860 2438 2055 2504 multi
2107 2439 2183 2503 in
2226 2437 2331 2502 his
2376 2443 2615 2516 errant,

511 2538 982 2627 conjungentes
1045 2563 1124 2606 ea
1184 2542 1255 2606 in
1323 2561 1526 2607 unam
1586 2541 1945 2606 dictionem
1991 2563 2137 2628 quae
2182 2539 2368 2606 nullo
2426 2540 2619 2606 modo

511 2640 758 2706 debent
801 2642 1125 2730 conjungi.
1220 2643 1314 2708 Et
1359 2644 1449 2709 sic
1493 2643 1568 2708 in
1612 2643 1844 2709 multis
1898 2643 2061 2708 aliis.

601 2742 826 2810 Tertia
867 2767 1024 2810 vero
1076 2745 1379 2832 prosodia
1425 2746 1506 2812 de
1569 2745 1945 2833 impropriis
2004 2751 2279 2811 vocatur
2345 2743 2620 2832 ypodia-

511 2845 677 2925 stile,
725 2852 795 2913 et
863 2853 964 2914 est
1026 2849 1354 2915 contraria
1424 2848 1682 2936 hiphen.
1778 2848 1845 2915 N
1848 2871 1957 2915 am
2002 2847 2175 2915 male
2224 2848 2621 2916 eohaerentia

514 2949 838 3016 descernit
906 2956 975 3016 et
1037 2959 1298 3038 separat
1358 2972 1474 3039 per
1542 2956 1821 3033 notam3
1860 2974 2015 3040 ‚quae
2071 2955 2173 3017 est
2235 2951 2423 3039 quasi
2468 2972 2621 3039 pars

514 3052 754 3119 dextra
818 3053 1046 3119 circuli
1105 3054 1226 3141 ())
1281 3055 1622 3143 supposita
1679 3055 1783 3120 illi
1844 3054 2021 3142 quod
2084 3054 2283 3120 debet
2345 3054 2429 3121 ab
2490 3053 2622 3120 alio

515 3156 822 3242 separari,
887 3156 996 3221 vel
1041 3157 1228 3244 quasi
1291 3158 1512 3245 posita
1553 3157 1734 3223 inter
1778 3179 1869 3223 ea.
1973 3156 2147 3223 Vere
2192 3161 2363 3221 esset
2406 3177 2623 3222 neces-

513 3259 758 3324 sarium
835 3257 1013 3346 apud
1080 3280 1198 3325 nos
1267 3260 1441 3347 quod
1520 3259 1905 3325 haberemus
1962 3258 2034 3323 in
2098 3258 2328 3323 multis
2392 3263 2621 3324 notam

515 3360 1078 3449 distinguentem3
1169 3366 1248 3427 ut
1329 3361 1594 3449 quando
1665 3362 1911 3427 dicitur
1978 3358 2063 3427 ab
2138 3380 2209 3425 eo
2285 3360 2625 3445 expediret

517 3463 693 3550 quod
755 3462 1200 3541 denotaretur,
1273 3461 1310 3528 b
1375 3462 1570 3529 litera
1644 3462 1933 3550 separari
2007 3461 2093 3528 ab
2167 3483 2218 3539 e,
2296 3466 2375 3526 ut
2420 3482 2623 3547 appa·

515 3572 737 3632 rerent
789 3564 938 3632 duae
985 3565 1325 3646 dictiones,
1373 3570 1442 3631 et
1486 3586 1622 3630 non
1669 3586 1817 3642 una,
1864 3561 2128 3651 quando
2191 3584 2310 3649 pro
2369 3562 2623 3629 duabus

516 3668 849 3755 accipitur,
925 3668 1169 3734 scilieet
1241 3688 1362 3755 pro
1435 3667 1895 3755 praepositione
1964 3688 2112 3732 eum
2174 3686 2292 3731 suo
2359 3664 2619 3743 casuali,

516 3770 626 3835 vel
671 3769 935 3856 quando
981 3774 1201 3836 totum
1246 3776 1348 3837 est
1401 3792 1537 3835 una
1582 3769 1803 3850 dictio,
1869 3774 1939 3835 et
1980 3768 2258 3835 verbum
2302 3767 2621 3847 denotari,

518 3872 874 3959 expediret,
933 3871 1106 3958 quod
1168 3872 1204 3937 b
1250 3876 1660 3960 separaretur
1705 3872 1791 3937 ab
1834 3894 1898 3952 a,
1946 3877 2025 3937 ut
2067 3892 2115 3937 a
2156 3892 2273 3959 per
2310 3892 2380 3937 se
2424 3870 2622 3957 sylla-

515 3974 862 4056 bicaretur,
905 3980 975 4040 et
1005 3973 1042 4040 b
1073 3995 1220 4041 cum
1252 3997 1303 4041 e.
1388 3974 1481 4040 Et
1524 3996 1670 4041 cum
1718 3974 1963 4040 dicitur
1994 3973 2275 4060 [AEneid.
2300 3972 2435 4040 viii.
2463 3972 2620 4061 83.],

789 4144 826 4171 “
845 4136 1192 4224 viridique
1237 4136 1312 4203 in
1355 4136 1580 4203 littore
1625 4136 2025 4225 conspicitur
2068 4156 2178 4202 sus
2201 4134 2259 4202 :’'

519 4282 864 4372 expediret
933 4282 1112 4371 quod
1156 4282 1583 4350 denotaretur
1643 4281 1817 4370 quod
1880 4304 1923 4347 r
1977 4281 2173 4347 litera
2213 4286 2627 4369 separaretur

521 4387 606 4451 ab
651 4408 684 4451 s
729 4386 941 4465 litera,
990 4390 1308 4473 tanquam
1353 4408 1504 4473 pars
1551 4384 1825 4451 alterius
1884 4382 2192 4449 dictionis
2234 4404 2370 4449 non
2414 4382 2625 4449 solum

520 4488 792 4554 alterius
855 4486 1145 4574 syllabae,
1223 4493 1304 4553 ut
1366 4487 1464 4553 ibi
1529 4508 1668 4552 non
1737 4484 2202 4572 intelligantur
2269 4506 2405 4551 esse
2473 4507 2628 4551 cmv—

521 4590 732 4677 spicit
774 4612 988 4657 ursus
1011 4616 1038 4671 ;
1103 4612 1218 4657 seu
1263 4589 1438 4678 quod
1499 4590 1572 4654 in
1619 4588 1796 4654 idem
1842 4587 2034 4665 redit,
2083 4592 2162 4653 ut
2206 4610 2239 4653 e
2282 4587 2476 4653 litera.
2520 4587 2629 4653 de—

521 4697 866 4760 notaretur
926 4692 1216 4781 separari
1291 4713 1332 4757 a
1391 4714 1441 4771 c,
1497 4697 1577 4757 ut
1620 4713 1754 4757 non
1800 4689 1892 4756 sit
1958 4688 2249 4776 ejusdem
2308 4690 2628 4777 syllabae3

524 4795 838 4882 quatinus
913 4795 1002 4861 sit
1075 4795 1172 4861 ibi
1250 4792 1680 4881 conspicitur
1753 4815 1873 4861 sus
1947 4798 2019 4858 et
2088 4814 2225 4859 non
2299 4792 2630 4879 conspicit
