3517 5750
530 3085 757 3203 Glreatf

526 3167 705 3204 reason

856 846 989 913 294
1604 852 1864 905 noem
1907 850 2201 903 memus
2779 832 2958 919 [cst.

852 1036 1095 1101 simum
1136 1034 1439 1119 primum.
1530 1032 1623 1097 Et
1664 1030 1755 1097 ab
1783 1028 2252 1096 Incarnatione
2293 1046 2500 1111 usquc
2527 1026 2616 1091 ad
2661 1030 2960 1113 tempora

856 1135 1299 1216 Constantini,
1366 1135 1493 1200 sub
1564 1154 1699 1219 quo
1770 1133 1906 1199 fuit
1977 1131 2272 1219 synodus
2315 1128 2608 1207 Nieaena,
2683 1128 2959 1195 fuerunt

852 1239 1135 1305 trecenti
1176 1237 1465 1326 triginta
1528 1237 1663 1302 duo
1724 1236 1888 1302 anni
1947 1234 2308 1302 secundum
2369 1232 2667 1313 Bedam3
2739 1238 2812 1297 et
2869 1231 2960 1298 ab

852 1342 977 1407 hoc
1020 1346 1317 1427 tempore
1378 1360 1589 1426 usque
1654 1339 1744 1405 ad
1791 1338 2204 1404 Mai-danum
2265 1336 2628 1424 principem
2685 1334 2960 1401 fuerunt

854 1448 1123 1511 centum
1152 1448 1223 1509 et
1250 1442 1500 1530 viginti
1544 1442 1724 1522 anni,
1756 1441 1884 1506 sub
1911 1462 2043 1529 quo
2067 1440 2204 1506 Leo
2231 1460 2408 1527 papa
2431 1438 2568 1505 fuit
2593 1462 2612 1520 3
2655 1438 2774 1526 qui
2799 1440 2960 1504 sunt

852 1546 930 1611 in
958 1545 1270 1612 universo
1300 1543 1774 1632 quadringenti
1803 1542 2290 1631 quinquaginta
2317 1544 2464 1609 duo,
2533 1542 2641 1605 Ex
2669 1541 2908 1627 quibus
2933 1537 2954 1575 ¹

852 1652 1043 1737 patet
1080 1648 1258 1736 quod
1302 1648 1487 1714 &da
1528 1668 1663 1713 non
1706 1646 1842 1713 fuit
1885 1668 2004 1734 per
2061 1650 2394 1713 trecentos
2433 1666 2644 1712 annos
2685 1649 2914 1731 postea
2942 1668 2958 1723 ;

854 1750 971 1817 sed
1030 1770 1151 1817 nec
1192 1772 1237 1816 a
1279 1750 1551 1837 synod0‚
1598 1748 1733 1814 nisi
1777 1770 1895 1836 per
1937 1750 2198 1815 circiter
2239 1753 2569 1815 trecentos
2609 1747 2960 1834 sexaginta

855 1874 1093 1920 novem
1138 1874 1352 1919 annos
1378 1876 1397 1935 3
1440 1858 1511 1919 et
1538 1850 1689 1917 ideo
1734 1873 1873 1918 non
1901 1852 2126 1940 potuit
2169 1850 2428 1917 lunatio
2455 1850 2743 1917 multum
2789 1870 2962 1915 rece-

855 1956 1011 2022 dere
1054 1978 1098 2021 a
1140 1954 1283 2022 loco
1328 1976 1491 2021 suo:
1560 1976 1717 2021 nam
1763 1954 1850 2021 ad
1893 1954 2046 2042 plus
2097 1974 2217 2041 per
2275 1974 2486 2021 unum
2547 1952 2728 2018 diem
2785 1950 2960 2017 inte-

854 2080 1067 2145 grum,
1116 2063 1193 2125 et
1236 2078 1357 2145 per
1399 2058 1653 2145 aliquid
1700 2057 1784 2124 de
1825 2056 2131 2135 secundo,
2179 2078 2256 2123 eo
2299 2055 2476 2143 quod
2528 2052 2606 2119 in
2646 2054 2961 2121 trecentis

855 2162 1049 2226 annis
1110 2166 1183 2227 et
1248 2166 1539 2247 quatuor
1602 2162 1685 2227 fit
1746 2160 2042 2227 mutatio
2105 2159 2330 2225 minus
2401 2157 2551 2224 diei.
2640 2156 2736 2222 Et
2791 2157 2956 2236 ideo,

856 2269 1129 2351 propter
1171 2284 1399 2329 causas
1440 2264 1623 2351 prius
1666 2262 1930 2344 tactss‚⁸
1955 2260 2158 2329 bene³
2201 2260 2426 2349 potuit
2477 2260 2702 2347 cyclus
2745 2260 2962 2326 obser-

856 2366 1003 2430 vari
1046 2366 1121 2431 in
1162 2369 1459 2453 tempore
1504 2366 1721 2443 Bedae,
1767 2366 1940 2432 sicut
1989 2364 2066 2431 in
2115 2370 2414 2451 tempore
2457 2362 2696 2429 Leonis
2753 2384 2960 2451 papae.

858 2467 993 2533 Sed
1034 2472 1265 2534 tamen
1306 2468 1651 2554 scrupulus
1692 2466 2140 2533 dubitationis
2193 2472 2465 2532 exortus
2515 2466 2648 2531 fuit
2701 2486 2744 2531 a
2793 2472 2961 2531 tem-

858 2590 1021 2655 pore
1065 2568 1325 2650 Leonis,
1370 2574 1443 2635 et
1486 2569 2045 2657 augmentabatur
2085 2568 2228 2636 haec
2280 2568 2616 2635 dubitatio
2667 2568 2742 2632 in
2793 2572 2962 2634 tem-

858 2692 1017 2757 pore
1088 2671 1272 2737 beati
1344 2692 1533 2759 papae
1553 2670 1581 2709 ⁴
1655 2670 1922 2754 Hilarii,
1999 2672 2114 2758 qui
2187 2672 2500 2759 praecepit
2572 2670 2918 2736 Victorino
2931 2664 2962 2705 ⁵

858 2792 1107 2837 novum
1150 2772 1407 2859 cyclum
1452 2794 1880 2892 componet-1³3
1945 2774 2020 2839 in
2063 2794 2210 2861 quo,
2257 2774 2417 2861 quia
2457 2794 2594 2840 non
2637 2772 2768 2838 fuit
2827 2794 2964 2838 cer·-

856 2877 1099 2957 titudo‚
1146 2877 1321 2942 sicut
1362 2897 1485 2943 nec
1536 2877 1611 2942 in
1674 2877 2201 2956 decennovenali,
2267 2877 2686 2944 adhaeserunt
2749 2879 2964 2964 poste-

858 2979 1065 3043 riores
1106 2979 1567 3045 consuetudini
1608 2981 1904 3067 antiquae
1945 2985 2018 3047 et
2059 2985 2315 3047 statuto
2357 2980 2616 3046 concilii
2659 2979 2917 3047 Niceni.

954 3080 1155 3148 Patet
1198 3080 1407 3168 igitur
1449 3103 1537 3148 ex
1602 3081 1723 3162 his,
1799 3083 1994 3168 quod,
2071 3083 2258 3149 salva
2321 3084 2502 3149 omni
2566 3084 2962 3150 auctoritate

526 3219 701 3270 aloenn
670 3235 741 3286 ng
727 3153 841 3272 fffie
865 3181 953 3248 N
934 3205 1155 3251 1caenae
1200 3184 1458 3270 synodi,
1526 3189 1747 3272 potest
1793 3185 2014 3272 cyclus
2055 3183 2165 3251 hic
2221 3187 2512 3266 mutari3
2572 3185 2734 3273 quia
2796 3192 2964 3253 tunc

527 3287 683 3351 cycle.

864 3308 1045 3354 error
1086 3307 1223 3353 non
1266 3286 1439 3352 fuit·
1504 3292 1575 3352 et
1638 3291 1719 3352 ut
1779 3287 2110 3354 vitaretur
2171 3289 2385 3374 majus
2449 3288 2811 3376 periculum
2873 3289 2960 3354 ad

862 3395 1144 3477 tempus,
1214 3389 1448 3476 (donec
1521 3389 1790 3456 ecclesia
1861 3392 2070 3477 possit
2141 3392 2648 3458 astronomicam
2721 3391 2964 3458 habere

862 3490 1308 3581 potestatem?
1334 3515 1453 3581 per
1480 3513 1681 3580 quam
1711 3492 1918 3559 solam
1963 3497 2183 3582 potest
2221 3493 2588 3561 remedium
2617 3493 2964 3582 adhiberi)

860 3597 1331 3663 sustinebatur.
1460 3595 1638 3662 Nam
1712 3595 2057 3683 primitiva
2127 3598 2398 3664 ecclesia
2467 3619 2602 3663 non
2675 3597 2964 3664 habebat

860 3721 1055 3764 usum
1132 3697 1607 3779 astronomiae3
1674 3703 1747 3764 et
1814 3699 1964 3765 ideo
2029 3705 2259 3788 postea
2323 3719 2532 3787 usque
2595 3719 2772 3766 nunc
2831 3699 2963 3765 fuit

858 3800 1099 3864 omissa
1171 3799 1483 3865 correctio
1545 3799 1743 3884 hujus
1808 3802 1921 3883 rei,
1967 3808 2236 3889 propter
2293 3802 2559 3891 longam
2621 3807 2964 3870 consuetu-

859 3901 1127 3983 dinem3
1172 3905 1241 3965 et
1284 3905 1555 3987 propter
1595 3901 1721 3967 hoc
1766 3903 1944 3989 quod
1987 3925 2144 3970 usus
2187 3904 2608 3972 astronomiae
2649 3925 2788 3972 non
2831 3905 2962 3970 fuit

858 4000 935 4066 in
978 4023 1102 4068 usu
1144 4001 1589 4088 praelatorum,
1635 4025 1757 4070 nec
1825 4005 2274 4073 multitudinis
2339 4006 2773 4086 studentium,
2841 4028 2964 4074 nec

856 4102 1072 4171 adhuc
1114 4108 1235 4185 est,
1281 4104 1437 4170 licet
1479 4105 1685 4192 aliqui
1729 4107 1868 4174 sint
1911 4109 2072 4176 satis
2115 4111 2406 4198 prompti
2467 4115 2538 4177 et
2598 4110 2797 4199 periti
2815 4107 2844 4148 ⁷
2887 4101 2964 4175 in

912 4443 927 4478 ¹
956 4445 1157 4515 quibus]
1203 4463 1318 4515 que,
1342 4449 1403 4502 B.
1430 4449 1493 4503 Τ.
2028 4453 2048 4484 ³
2083 4451 2362 4520 Victorino]
2402 4451 2653 4514 Victori05
2681 4449 2742 4503 B.

909 4529 930 4558 ⁸
952 4530 1136 4595 tactas]
1177 4537 1377 4592 tractas,
1400 4530 1462 4581 B.
2023 4533 2044 4562 ⁸
2063 4535 2424 4585 astronomicam
2456 4535 2632 4588 habere
2645 4535 2954 4603 potestatem]

908 4605 928 4636 ⁸
948 4605 1089 4674 bene]
1129 4623 1229 4662 om.
1253 4609 1327 4662 Τ.
1957 4611 2142 4663 habere
2165 4613 2556 4666 astronomicam
2587 4615 2874 4678 veritatem,
2899 4615 2962 4667 T.

905 4683 925 4713 ⁴
942 4686 1117 4752 papoe]
1156 4700 1255 4738 om.
1280 4687 1340 4738 T.
2017 4691 2035 4719 ⁷
2053 4693 2235 4760 periti]
2273 4695 2453 4758 parati,
2477 4694 2542 4745 Τ.
