3517 5750
846 832 977 895 488
1596 842 1856 893 soom
1901 840 2198 907 BAcoms
2777 830 2970 917 [cuv.

844 1018 1281 1106 Septuaginta
1322 1016 1571 1085 habent
1614 1016 2030 1105 pellicanum,
2073 1022 2304 1083 nostra
2345 1016 2695 1083 translatio
2755 1016 2967 1085 habet

842 1122 1348 1210 porphyrionem
1410 1127 1481 1187 et
1542 1120 2010 1201 onocrotalum,
2079 1126 2150 1187 et
2215 1120 2364 1187 ideo
2425 1120 2790 1206 pellicanus
2855 1128 2966 1189 est

844 1222 1277 1291 onocrotalus.
1368 1222 1481 1287 Ad
1524 1222 1649 1288 hoc
1692 1222 1898 1289 etiam
1944 1221 2108 1288 facit
2151 1222 2328 1308 quod
2373 1220 2634 1287 Plinius
2675 1222 2964 1310 diligen·

842 1327 1137 1393 tissimus
1178 1330 1505 1391 scrutator
1548 1324 1954 1403 animalium,
1985 1346 2316 1411 nusquam
2357 1325 2432 1389 in
2469 1325 2722 1390 decimo
2763 1326 2962 1405 libro,

842 1427 962 1492 ubi
990 1448 1146 1493 aves
1174 1432 1555 1514 pertractat,
1586 1428 1894 1493 nominat
1935 1426 2330 1514 pellicanum
2359 1427 2485 1492 sub
2515 1426 2642 1492 hoc
2669 1428 2962 1509 nomine,

842 1530 959 1595 sed
994 1529 1163 1595 bene
1208 1528 1657 1595 onocrotalum
1700 1532 1772 1594 et
1815 1528 2342 1615 porphyrionem.
2433 1527 2614 1615 Ergo
2657 1550 2810 1595 cum
2850 1529 2966 1597 hic

842 1638 1071 1697 auctor
1114 1654 1252 1697 non
1294 1630 1502 1718 possit
1544 1630 1852 1718 redargui
1895 1630 1977 1695 de
2016 1628 2497 1709 insufficientia,
2543 1631 2830 1697 alterum
2871 1632 2964 1697 is-

843 1740 1063 1801 torum
1122 1740 1223 1799 est
1289 1732 1665 1819 pellicanus.
1756 1732 1892 1799 Sed
1957 1731 2232 1819 planum
2293 1736 2394 1797 est
2455 1754 2542 1798 ex
2607 1732 2964 1820 praedictis,

846 1836 1025 1923 quod
1052 1856 1188 1900 non
1216 1841 1317 1900 est
1344 1834 1717 1921 porphyriO,
1742 1832 1951 1921 igitur
1979 1841 2081 1899 est
2111 1834 2557 1913 onocrotalum
2585 1834 2704 1920 qui
2732 1857 2968 1901 secun-

846 1938 1007 2003 dum
1058 1934 1395 2017 Plinium‚¹
1442 1957 1485 2001 a
1530 1956 1661 2021 quo
1707 1956 1931 2001 omnes
1976 1936 2093 2001 alii
2140 1934 2368 2001 Latini
2411 1936 2792 2016 hauserunt,
2859 1944 2970 2003 est

844 2041 1056 2107 colore
1100 2039 1335 2105 similis
1380 2038 1543 2105 olori
1586 2059 1703 2104 seu
1746 2058 1980 2125 cygnO,
2027 2058 2148 2104 nec
2194 2037 2472 2104 distaret
2515 2038 2784 2105 omnino
2829 2039 2966 2105 nisi

844 2142 917 2207 in
971 2142 1267 2207 faucibus
1324 2141 1533 2227 ipsius
1576 2140 1822 2206 inesset
1889 2138 2160 2207 alterius
2235 2140 2409 2205 uteri
2468 2162 2694 2228 genus.
2785 2140 2970 2221 Quia

844 2266 1001 2309 vero
1060 2242 1456 2330 inexplebile
1500 2242 1750 2307 animal
1793 2247 1913 2320 est,
1961 2242 2220 2329 cogitur
2261 2247 2342 2307 ut
2400 2241 2492 2311 sit
2553 2244 2728 2307 mira
2769 2264 2965 2329 capa-

843 2346 1011 2413 citas
1044 2346 1119 2409 in
1157 2345 1455 2411 faucibus
1500 2344 1659 2432 ejus
1692 2364 1844 2429 quae
1887 2364 2048 2409 mox
2091 2364 2241 2409 cum
2283 2342 2572 2430 perfecta
2613 2344 2820 2409 fuerit
2861 2366 2968 2410 ra-

844 2448 1006 2535 pina
1046 2447 1204 2535 ejus,
1235 2451 1501 2513 revocat
1530 2447 1617 2511 ab
1660 2445 1778 2511 illo
1821 2450 2058 2511 ventre
2101 2446 2324 2511 cibum
2353 2446 2427 2511 in
2457 2467 2547 2527 os,
2577 2448 2666 2511 ad
2692 2448 2966 2513 modum

848 2549 1251 2617 ruminantis
1296 2549 1619 2615 animalis.
1712 2546 2082 2634 Porphyrio
2131 2570 2308 2625 vem,
2363 2554 2442 2615 ut
2499 2548 2600 2615 ait
2643 2548 2916 2627 Plinius,
2937 2549 2968 2585 ⁹

847 2674 1069 2719 morsu
1120 2650 1314 2731 bibit,
1366 2672 1629 2717 omnem
1680 2648 1904 2715 cibum
1963 2670 2139 2735 aqua
2185 2650 2434 2737 tingit3
2501 2650 2740 2717 deinde
2797 2652 2966 2739 pede

846 2754 933 2819 ad
1004 2759 1292 2819 rostrum
1350 2752 1564 2819 veluti
1632 2774 1839 2818 manu
1913 2751 2208 2817 afferens.
2303 2751 2469 2833 Quae
2519 2754 2722 2841 vulgo
2781 2775 2966 2841 spar-

852 2860 1105 2942 guntur
1152 2854 1233 2920 de
1286 2854 1609 2941 pellicano
1661 2853 1842 2942 quod
1893 2854 2213 2921 interficit
2269 2854 2442 2921 filios
2499 2877 2668 2938 suos,
2725 2879 2970 2943 eosque

852 2978 971 3044 per
1040 2955 1337 3021 triduum
1396 2957 1685 3042 languet,
1736 2955 1976 3023 deinde
2035 2957 2323 3044 seipsum
2387 2963 2600 3024 rostro
2659 2958 2971 3026 vulnerat

854 3064 925 3125 et
970 3058 1341 3144 aspersione
1390 3057 1496 3122 sui
1526 3058 1871 3145 sanguinis
1924 3058 2138 3146 pullos
2185 3059 2500 3139 vivificat,
2543 3062 2715 3127 sicut
2759 3061 2966 3127 etiam

854 3159 929 3225 in
980 3158 1259 3247 singulis
1304 3159 1637 3246 sculpitur,
1692 3181 1831 3227 non
1879 3167 1982 3227 est
2027 3165 2259 3227 contra
2317 3163 2510 3242 dicta,
2571 3184 2692 3228 nec
2742 3185 2964 3250 repro-

852 3261 1150 3328 bandum
1220 3267 1343 3344 est,
1392 3283 1513 3328 nec
1580 3269 1681 3328 est
1752 3263 2084 3329 sententia
2139 3265 2445 3343 tenenda,
2497 3285 2646 3330 cum
2707 3264 2968 3332 Plinius

854 3364 1024 3430 nihil
1099 3366 1319 3452 tangit
1401 3365 1485 3432 de
1561 3364 1701 3443 hoc,
1786 3386 1906 3430 nec
1991 3365 2106 3431 alii
2177 3371 2492 3447 auctores,
2568 3369 2698 3434 nisi
2785 3369 2964 3455 quod

856 3467 1150 3534 Isidorus
1172 3465 1199 3505 ³
1256 3466 1550 3554 loquitur
1596 3466 1956 3532 secundum
2005 3467 2376 3555 opinionem
2422 3471 2780 3558 vulgatam.

516 3589 621 3642 eth.
657 3589 795 3644 Con-
948 3570 1155 3638 Casus
1228 3591 1385 3637 vero
1459 3569 1735 3636 ultimus
1816 3569 2023 3636 clu-rit
2117 3593 2236 3658 per
2329 3576 2544 3639 totam
2633 3573 2966 3656 Bibliam3

516 3657 831 3776 {ggiffloffihs
856 3673 1170 3758 quoniam
1239 3671 1397 3738 licet
1456 3693 1681 3736 omnes
1755 3671 1874 3736 alii
1949 3693 2134 3738 casus
2205 3673 2656 3754 excludantur,
2725 3677 2968 3762 quibus

516 3791 617 3840 and
631 3805 833 3842 meon:
859 3776 1224 3860 requiritur
1274 3773 1627 3840 necessitas
1678 3773 2112 3860 expositionis
2162 3797 2282 3863 per
2334 3777 2638 3844 Graecum
2697 3783 2768 3844 et
2828 3779 2968 3845 He-

515 3857 805 3974 !”eggfllnffd
856 3877 1129 3956 braem,
1191 3882 1419 3940 tamen
1476 3875 1601 3941 iste
1660 3881 1973 3956 remanet,
2029 3877 2144 3964 qui
2195 3879 2440 3965 ubique
2505 3880 2785 3946 diffusus
2843 3887 2962 3961 est,

517 3937 641 4041 ξω.
706 3941 741 3990 P
854 3979 936 4043 de
991 3998 1121 4062 quo
1172 3975 1443 4042 infinita
1489 3978 1793 4064 exempla
1841 3984 2016 4058 sunt,
2071 4001 2352 4066 quorum
2394 4003 2606 4068 pauca
2649 3983 2738 4047 ad
2795 4004 2964 4070 prae-

851 4099 1000 4145 sens
1073 4084 1365 4166 tangam,
1435 4079 1594 4166 quia
1662 4080 1782 4145 diu
1821 4080 2108 4148 tractavi
2153 4103 2249 4162 ea,
2311 4103 2462 4170 quse
2511 4084 2600 4149 ad
2657 4083 2962 4150 Graeeum

851 4179 1190 4268 pertinent
1272 4187 1341 4248 et
1420 4181 1802 4248 Hebraeum.
1925 4181 2018 4248 Et
2093 4183 2382 4271 primum
2465 4185 2642 4272 quod
2720 4207 2966 4273 ponam

850 4282 1092 4350 suflicit
1144 4283 1230 4349 ad
1280 4283 1759 4350 confirmandos
1817 4307 2044 4352 omnes
2103 4285 2440 4374 theologos
2499 4293 2570 4354 et
2625 4288 2788 4354 alios
2845 4290 2966 4375 qui

913 4629 1192 4698 ιΡιι-ηεωη]
1234 4629 1302 4681 N.
1323 4629 1394 4681 H.
1416 4645 1473 4684 x.
1496 4637 1577 4683 ee.
1984 4633 2005 4664 ⁸
2028 4633 2276 4702 lesdam]
2307 4635 2481 4700 Etym
2505 4634 2598 4687 xii
2623 4635 2669 4687 7.

910 4710 931 4741 ²
950 4707 1171 4779 Ριεηεω]
1198 4711 1267 4764 ib.
1290 4716 1371 4762 es.
