3517 5750
849 836 981 903 206
1594 848 1850 903 soom
1893 846 2188 903 ssooms
2775 838 2950 927 [cu.

844 1024 1049 1093 etiam
1122 1022 1441 1111 probatur
1512 1044 1629 1111 per
1702 1021 2158 1111 Augustinum
2249 1022 2333 1091 de
2411 1022 2708 1093 Civitate
2801 1024 2946 1107 Dei,

845 1127 1016 1194 libro
1060 1126 1191 1193 xvi.
1238 1125 1528 1213 capitulo
1570 1122 1684 1206 x.,¹
1738 1126 1856 1212 qui
1909 1125 2076 1195 dicit
2117 1148 2161 1193 a
2205 1126 2484 1193 Diluvio
2545 1148 2754 1213 usque
2821 1129 2908 1197 ad
2921 1126 2950 1165 ²

818 1228 1183 1297 ‘Abraham
1215 1228 1387 1301 1072
1433 1248 1608 1295 anno
1626 1226 1653 1265 ⁸
1682 1226 1884 1295 fuisse
1933 1229 2422 1317 promulgatam
2465 1230 2844 1311 editionem,
2876 1231 2950 1298 id

844 1336 965 1413 est,
998 1332 1437 1420 Septuaginta
1466 1330 1934 1418 Interpretum.
2027 1329 2160 1399 Sed
2191 1330 2518 1398 Eusebius
2547 1354 2685 1399 non
2727 1335 2951 1421 posuit

846 1434 978 1501 nisi
1022 1436 1195 1515 9423
1250 1438 1321 1503 et
1363 1434 1485 1499 hoo
1529 1436 1633 1501 est
1674 1433 1896 1499 minus
1971 1433 2044 1499 in
2099 1436 2248 1511 130,
2296 1438 2376 1501 ut
2448 1434 2672 1521 patuit
2737 1458 2949 1523 supra.

852 1536 1123 1603 Orosius
1150 1558 1329 1617 vero,
1358 1536 1433 1603 in
1460 1534 1634 1603 libro
1664 1534 1747 1603 de
1779 1532 2124 1603 Ormesta⁴
2155 1534 2412 1617 Mundi,
2445 1536 2734 1605 scribens
2760 1538 2957 1607 beato

848 1638 1243 1727 Augustino,
1290 1638 1395 1705 his
1452 1636 1645 1705 addit
1702 1659 1916 1705 unum
1973 1658 2243 1717 annum,
2305 1638 2529 1707 dicens
2573 1641 2754 1726 quod
2811 1640 2950 1707 fue·

846 1740 986 1807 rint
1027 1741 1115 1808 ab
1158 1740 1379 1807 Adam
1453 1760 1665 1827 usque
1738 1739 1826 1807 ad
1899 1738 2352 1807 Nativitatem
2405 1740 2658 1809 Christi
2735 1744 2951 1824 5199;

848 1843 965 1931 qui
1016 1864 1347 1919 numerum
1402 1840 1561 1911 lieet
1603 1840 1914 1911 videatur
1987 1842 2306 1911 inclusive
2353 1842 2662 1931 intelligi,
2725 1850 2952 1913 tamen

847 1944 1177 2013 exclusive
1220 1944 1549 2026 scribitur,
1593 1943 1669 2011 in
1712 1964 1898 2011 cereo
1963 1944 2272 2031 paschali.
2367 1942 2746 2013 Secundum
2791 1968 2950 2013 vero

848 2048 1250 2115 Hebraioam
1292 2046 1658 2125 veritatem,
1708 2046 1882 2113 sicut
1927 2045 2112 2113 Beda
2155 2046 2386 2115 scribit
2429 2047 2506 2113 in
2547 2047 2718 2115 libro
2761 2046 2951 2115 Tem-

846 2174 1094 2239 porum,
1160 2150 1430 2217 fuerunt
1484 2150 1661 2217 3952
1724 2148 1900 2215 anni.
1993 2147 2186 2217 Sicut
2246 2170 2404 2217 vero
2469 2150 2802 2239 colligitur
2869 2174 2950 2219 ex

845 2255 1307 2321 modernorum
1338 2252 1777 2321 Hebraeorum
1820 2250 2331 2339 computatione,
2379 2252 2466 2319 ab
2495 2252 2716 2321 Adam
2745 2274 2952 2341 usque

846 2358 933 2423 ad
960 2362 1223 2449 tempus
1252 2376 1383 2442 quo
1412 2376 1534 2421 nos
1564 2353 1874 2441 ponimus
1901 2353 2357 2423 Nativitatem
2382 2354 2655 2436 Christi,
2678 2354 2950 2425 fuerunt

850 2458 1027 2531 3760
1070 2458 1251 2526 anni.
1362 2456 1691 2525 Similiter
1734 2456 1809 2523 in
1853 2455 2159 2543 partibus
2201 2456 2402 2543 hujus
2421 2453 2450 2493 ³
2493 2459 2810 2546 temporis
2855 2464 2954 2525 est

848 2582 1094 2648 magna
1178 2558 1633 2639 contrarietas,
1710 2563 1782 2627 et
1859 2557 2196 2625 dubitatio
2271 2557 2500 2645 major.
2626 2559 2696 2626 N
2697 2582 2807 2627 am
2881 2562 2954 2629 in

846 2663 1133 2731 secunda
1176 2666 1397 2741 aetate,
1444 2654 1794 2729 undecimo
1838 2661 2130 2747 capitulo
2177 2660 2524 2743 Geneseos,
2553 2662 2838 2730 habetur
2879 2665 2954 2731 in

847 2764 1185 2831 codicibus
1230 2763 1643 2845 Latinorum,
1690 2761 1871 2853 quod
1930 2764 2112 2833 vixit
2155 2763 2542 2851 Arphaxad,
2601 2770 2954 2852 postquam

848 2866 1085 2956 genuit
1174 2864 1345 2946 Sale,
1438 2866 1756 2934 trecentis
1846 2865 2060 2934 tribus
2147 2866 2397 2948 annis3
2479 2872 2550 2936 et
2603 2868 2952 2936 Hebraeus

848 2969 1053 3036 habet
1094 2969 1615 3056 quadringentos
1657 2975 1794 3036 tres
1837 2991 2100 3050 annos3
2143 2975 2213 3038 et
2259 2970 2544 3049 Graecus,
2593 2973 2954 3040 secundum

850 3071 1293 3158 Septuaginta
1338 3070 1766 3160 Interpretes,
1813 3072 1996 3140 inter
2037 3071 2405 3159 Asphaxad
2449 3080 2520 3142 et
2549 3073 2704 3142 Sale
2747 3075 2954 3142 inter-

848 3175 1043 3262 ponit
1085 3178 1357 3240 aetatem
1422 3173 1741 3242 Chamam
1805 3174 1878 3238 in
1943 3176 2073 3240 130
2120 3175 2354 3255 annis3
2400 3174 2484 3240 de
2541 3197 2674 3262 quo
2742 3177 2953 3244 Lucas

848 3276 1155 3344 meminit
1214 3277 1289 3344 in
1349 3275 1776 3364 generatione
1836 3275 2124 3344 Domini.
2237 3275 2565 3346 Similiter
2615 3277 2698 3346 de
2759 3281 2953 3346 annis

850 3378 1155 3448 Abrahae.
1306 3377 1559 3446 Textus
1634 3377 1812 3446 enim
1903 3375 2082 3458 dicit,
2159 3379 2590 3466 septuaginta
2661 3381 2954 3468 quinque

849 3504 1171 3550 annorum
1230 3485 1375 3550 erat
1433 3481 1791 3558 Abraham,
1856 3499 2008 3547 cum
2073 3481 2496 3568 egrederetur
2562 3480 2644 3550 de
2707 3483 2951 3550 Haran.

848 3585 983 3654 Sed
1024 3607 1175 3653 cum
1220 3589 1371 3671 post
1412 3587 1695 3652 mortem
1738 3581 1951 3669 patris
1993 3581 2228 3661 exivit,
2261 3581 2378 3670 qui
2421 3583 2720 3652 ducentis
2762 3586 2954 3672 quin-

848 3711 975 3776 que
1016 3686 1209 3754 aunis
1238 3687 1433 3765 vixit,
1478 3691 1549 3753 et
1576 3685 1792 3752 Thare
1837 3684 2124 3752 existens
2167 3685 2590 3774 septuaginta
2631 3708 2954 3756 annorum

846 3790 1189 3877 generavit
1248 3787 1608 3867 Abraham,
1674 3790 1935 3856 constat
1989 3788 2164 3874 quia,
2232 3793 2496 3856 mortuo
2559 3793 2764 3876 patre,
2811 3795 2957 3856 eret

854 3895 979 3958 135
1048 3911 1417 3972 annorum3
1498 3911 1655 3956 nam
1733 3893 1842 3956 tot
1910 3893 2273 3971 remanent,
2342 3891 2632 3978 demptis
2691 3897 2953 3980 septua-

846 3993 1039 4078 ginta
1114 3991 1195 4058 de
1270 3993 1417 4059 205.
1539 3990 1954 4077 Augustinus
2027 3991 2273 4059 nititur
2345 3992 2468 4060 hoc
2539 3993 2808 4072 solvere,
2885 4001 2956 4062 et

851 4095 1323 4180 HieronymuS,
1398 4098 1468 4162 et
1544 4093 1862 4176 Hebroei3
1937 4095 2053 4162 sed
2125 4093 2353 4162 valida
2433 4100 2504 4162 et
2577 4096 2956 4163 insolubilia

743 4265 757 4278 ‚
846 4197 1061 4264 adhuc
1126 4197 1301 4264 fiunt
1366 4201 1759 4284 argumenta
1825 4201 2056 4266 contra
2117 4195 2485 4284 quamlibet
2545 4199 2954 4266 solutionem.

915 4597 929 4628 ¹
966 4594 1089 4647 libro
1126 4633 1138 4646 .
1180 4632 1195 4647 .
1244 4631 1257 4648 .
1294 4633 1307 4648 .
1346 4633 1358 4648 .
1394 4595 1474 4663 3.]
1531 4595 1676 4650 xviii.
1700 4595 1845 4657 libro,
2015 4597 2035 4626 ⁸
2057 4596 2209 4664 auno]
2235 4595 2374 4660 anni,
2403 4596 2465 4649 Τ.

848 4673 1282 4821 um}
2017 4673 2514 4821 :mmm-¹·
