3517 5750
517 835 624 925 v.]
1315 841 1490 904 orus
1534 849 1852 904 TERTIUM.
2537 839 2619 904 19

513 1022 695 1103 laria,
747 1027 827 1090 ut
876 1023 1270 1092 Aristotelea
1321 1023 1486 1093 dicit
1531 1025 1745 1115 primo
1799 1027 2231 1112 Physicorum
2253 1021 2298 1107 ;ι
2359 1031 2429 1092 et
2474 1025 2622 1091 ideo

513 1125 590 1192 in
659 1147 914 1194 vanum
987 1127 1236 1216 aspirat
1307 1129 1506 1194 homo
1573 1130 1660 1194 ad
1725 1129 2095 1195 habendam
2160 1129 2483 1206 diffusam,
2551 1133 2622 1194 et

513 1228 792 1316 plenam,
854 1251 932 1295 ac
987 1230 1330 1318 specialem
1390 1231 1772 1310 doctrinam,
1834 1231 1963 1296 nisi
2022 1233 2204 1319 prius
2267 1235 2491 1319 gustet
2548 1231 2621 1296 in

511 1331 874 1398 universali
925 1337 994 1398 et
1065 1332 1142 1398 in
1190 1355 1462 1412 summa,
1517 1333 1694 1420 quod
1744 1339 1974 1420 postea
2022 1333 2223 1400 latius
2275 1335 2474 1399 debet
2523 1355 2624 1398 re-

513 1431 764 1520 cipere⁸
809 1435 884 1500 in
939 1433 1324 1522 particulari
1382 1435 1692 1504 doctrina.
1786 1435 1861 1501 Si
1921 1435 2099 1502 enim
2158 1435 2621 1522 particularem

515 1537 858 1603 scientiam
903 1541 973 1604 et
1024 1535 1390 1625 propriam⁸
1435 1538 1787 1624 cujuslibet
1827 1539 2039 1626 primo
2086 1538 2274 1625 petit,
2326 1542 2487 1603 tunc
2537 1537 2621 1603 de

513 1639 900 1706 necessitate
939 1639 1280 1727 ingenium
1323 1641 1640 1706 obruetur
1681 1639 2089 1719 difficultate,
2132 1640 2448 1706 memoria
2490 1640 2619 1705 fra-

513 1741 668 1828 guis
684 1740 712 1778 ⁴
757 1741 1196 1808 confundetur
1244 1741 1690 1820 multitudine,
1753 1746 1825 1808 et
1882 1743 2097 1830 ejiciet
2157 1741 2329 1808 sicut
2385 1742 2620 1831 recipit

511 1842 784 1924 lubrica,
829 1847 900 1910 et
941 1843 1328 1909 abominans
1371 1847 1634 1910 evomet
1677 1842 2147 1930 quodcunque⁵
2191 1844 2521 1932 receperit.
2636 1835 2639 1840 ’

608 1945 937 2012 Caeterum
993 1951 1150 2011 ante
1209 1945 1434 2010 omnia
1487 1945 1748 2012 utilitas
1806 1947 2156 2033 cujuslibet
2213 1947 2310 2012 rei
2326 1945 2355 1985 ⁶
2412 1945 2620 2010 consi-
2646 1966 2833 2032 Utility
2853 1966 2907 2016 in

513 2047 810 2113 deranda
873 2051 989 2112 est.
1096 2045 1262 2116 Haeo
1327 2051 1549 2112 autem
1617 2047 1875 2114 utilitas
1950 2048 2249 2114 consistit
2318 2045 2397 2112 in
2468 2047 2617 2126 fine,
2644 2033 2709 2082 ⁸¹¹
2732 2033 2905 2098 things

513 2155 786 2237 propter
834 2169 1032 2236 quem
1075 2169 1180 2214 res
1237 2153 1381 2215 est:
1443 2153 1524 2215 ut
1571 2149 1726 2215 finis
1785 2150 2020 2215 domus
2076 2155 2179 2215 est
2237 2149 2533 2214 custodia
2578 2171 2620 2214 a
2644 2101 2917 2216 stiffi-‘effn-

515 2251 944 2333 caumatibus,
1005 2257 1076 2316 et
1132 2250 1476 2339 algoribuS,
1531 2257 1601 2316 et
1659 2251 1913 2316 caeteris
1971 2251 2489 2338 tempestatibuS‚
2550 2256 2621 2317 et

516 2355 604 2420 ab
653 2354 952 2432 inimicia,
1007 2359 1078 2418 et
1125 2354 1210 2418 ab
1261 2354 1656 2419 animalibus
1707 2353 2069 2439 rapacibuS,
2126 2359 2189 2418 et
2243 2353 2621 2438 hujusmodi

516 2457 836 2544 periculis,
927 2456 1019 2522 Et
1072 2455 1188 2542 qui
1238 2456 1414 2522 hunc
1458 2456 1660 2520 finem
1721 2456 1953 2520 domus
2014 2456 2235 2534 nescit,
2278 2477 2619 2541 nunquam

516 2559 716 2628 faciet
773 2559 1058 2624 domum.
1171 2556 1350 2624 Nam
1395 2558 1548 2624 finis
1597 2561 1700 2624 est
1742 2557 2031 2644 primum
2092 2558 2165 2622 in
2223 2559 2614 2638 intentione,

521 2665 594 2726 et
636 2667 860 2726 movet
909 2659 1292 2726 efficientem
1339 2665 1419 2724 ut
1463 2657 1903 2724 transmutet⁷
1946 2660 2293 2724 materiam
2346 2666 2417 2726 et
2459 2661 2615 2725 edu-

519 2768 631 2829 cat
685 2763 980 2842 formam,
1049 2768 1119 2830 et
1183 2767 1395 2828 totam
1463 2783 1600 2827 rem
1670 2763 1744 2826 in
1816 2783 1953 2828 esse
2017 2763 2395 2828 constituat.
2510 2761 2620 2828 Sic

517 2865 727 2954 igitur
789 2869 890 2933 est
940 2866 1016 2931 in
1061 2865 1364 2931 omnibus
1415 2863 1611 2929 rebus
1676 2870 1744 2931 et
1791 2865 2093 2931 scientiis
2210 2865 2621 2954 Quapropter

517 2974 780 3055 oportet
836 2968 1014 3057 quod
1071 2968 1266 3033 homo
1325 2966 1687 3033 consideret
1757 2968 2124 3035 utilitatem
2196 2969 2619 3035 scientiarum

518 3076 876 3159 antequam
949 3070 1372 3157 aggrediatur
1446 3069 1738 3155 singulas
1812 3070 2081 3137 divisim
2156 3072 2618 3159 prosequendo,

520 3172 655 3241 Sed
707 3174 830 3241 hoc
879 3172 1286 3261 impossibile
1332 3176 1452 3251 est,
1482 3171 1612 3239 nisi
1658 3172 1736 3237 in
1761 3176 2053 3239 tractatu
2102 3172 2503 3259 praeambulo
2550 3178 2621 3239 et

518 3281 818 3363 separato
847 3296 890 3341 a
917 3274 1198 3362 singulis
1234 3274 1628 3341 tractatibus
1672 3274 2199 3361 particularibus,
2233 3276 2389 3360 quia
2432 3297 2619 3341 enar-

519 3378 692 3445 ratio
741 3383 811 3443 et
855 3376 1208 3443 declaratio
1257 3376 1540 3443 istarum
1585 3376 1961 3441 utilitatum
2010 3380 2111 3441 eet
2154 3376 2505 3461 multiplex
2550 3382 2621 3445 et

517 3500 776 3567 magna,
823 3484 894 3547 et
939 3478 1238 3555 difficilis,
1287 3483 1356 3544 et
1397 3478 1623 3559 utilie;
1677 3483 1746 3543 et
1790 3477 1942 3543 ideo
1990 3478 2261 3542 scientia
2304 3478 2621 3545 constitu-

516 3582 692 3649 enda
740 3585 841 3647 eet
894 3582 978 3649 de
1029 3602 1108 3647 ea
1167 3586 1522 3665 antequam
1574 3580 1854 3647 ulterius
1922 3579 2329 3666 procedatur.
2423 3588 2459 3613 “
2488 3581 2618 3647 Ars

519 3690 559 3720 “
604 3680 840 3761 enim‚”
883 3686 964 3749 ut
1008 3682 1170 3748 dicit
1211 3679 1634 3747 Aristotele&
1676 3682 1752 3747 in
1798 3680 2069 3762 Ethiois,
2114 3688 2151 3717 ‘⁶
2180 3686 2281 3747 est
2325 3682 2407 3749 de
2440 3682 2617 3749 'diffi-

522 3790 558 3823 “
605 3785 714 3851 cili
759 3789 826 3851 et
869 3784 1042 3852 bono
1061 3784 1122 3862 ;''
1159 3789 1228 3851 et
1271 3784 1585 3870 quoniam
1628 3784 1797 3849 illud
1839 3783 2089 3849 bonum
2131 3785 2375 3851 multas
2416 3786 2620 3853 habet

517 3886 853 3969 veritates,
915 3891 1177 3975 oportet
1244 3886 1422 3971 quod
1478 3890 1841 3952 tractatum
1900 3886 2142 3953 habeat
2201 3888 2618 3975 separatum?

519 3990 656 4059 Sed
686 3992 856 4057 circa
881 3990 1082 4056 istam
1109 3988 1478 4055 utilitatem
1506 3993 1663 4055 sunt
1692 3990 1919 4057 multae
1948 3988 2265 4056 veritates
2310 3992 2614 4059 difficiles,

591 4338 971 4407 'Physica-um]
1008 4338 1171 4405 cap-l.
1677 4336 1819 4404 θινὶ]
1858 4338 2055 4391 om.L.

586 4422 608 4451 2
627 4420 866 4487 recipere]
903 4419 1142 4484 accipere,
1173 4419 1235 4469 L.
1682 4418 1700 4445 '
1722 4418 2031 4483 van-smum]
2068 4418 2387 4479 transmittat,
2419 4418 2480 4469 1..

585 4500 608 4531 ³
625 4500 876 4550 scientim
917 4506 966 4549 ct
998 4497 1278 4565 propriam]
1329 4502 1382 4548 ct
1411 4509 1526 4560 pro-
1675 4497 1700 4527 ⁸
1720 4496 1841 4547 dicit
1916 4494 2225 4560 Armocela]
2314 4496 2615 4549 Aristoteles

517 4578 680 4645 priam
701 4577 978 4640 scientiam,
1000 4578 1060 4629 L.
1612 4573 1750 4637 dicit,
1784 4576 1845 4627 L.
1912 4575 2078 4626 Ethic.
2119 4574 2171 4626 ii.
2198 4581 2246 4626 3.
2272 4576 2301 4640 §
2334 4580 2411 4626 10.

585 4659 606 4689 ⁴
611 4654 851 4723 fiaqilis]
885 4672 986 4709 om.
1009 4656 1070 4708 Τ.
1678 4655 1699 4684 ⁹
1719 4652 1897 4705 habeat
1929 4654 2235 4720 separatum]
2272 4654 2454 4706 habeat
2484 4654 2616 4706 veri-
