3517 5750
915 889 1046 954 516
1661 897 1921 950 nocam
1966 895 2257 946 mcoms
2843 877 3027 964 [m.

917 1074 1304 1156 catholicus,
1361 1079 1464 1140 est
1537 1074 1741 1141 dictio
1798 1072 2158 1160 composita
2216 1093 2303 1137 ex
2370 1069 2629 1136 duobus
2692 1069 3024 1156 correptis,

917 1179 1165 1246 scilicet
1207 1201 1250 1244 a
1293 1183 1444 1244 outa
1489 1176 1712 1264 (xa-eoi)
1759 1183 1831 1242 et
1874 1174 2077 1241 holon
2128 1173 2340 1262 (ἔλον),
2388 1173 2565 1258 quod
2610 1177 2715 1238 est
2767 1177 3026 1252 totum;

917 1280 1034 1347 sed
1077 1279 1372 1346 aufertur
1433 1278 1672 1344 ultima
1729 1277 1977 1343 vocalis
2042 1275 2239 1362 hujus
2304 1274 2786 1363 praepositionis
2828 1281 2977 1339 cata
3001 1299 3029 1352 ;

919 1386 988 1448 et
1031 1381 1190 1468 quia
1233 1380 1436 1448 holon
1477 1381 1811 1468 aspiratur
1840 1379 2036 1467 [non]
2070 1383 2370 1444 mutatur
2414 1375 2526 1462 tas
2560 1377 2631 1441 in
2678 1375 2867 1442 mita.
2936 1376 3029 1440 Et

919 1485 1060 1551 haec
1104 1485 1306 1550 etiam
1355 1483 1556 1550 dictio
1599 1481 1949 1570 ephimera
1978 1479 2301 1568 (ἐφήμερα)
2332 1480 2589 1567 patitur
2629 1478 3025 1544 ablationem

920 1585 1176 1652 vocalis.
1269 1585 1706 1673 Componitur
1747 1583 1927 1650 enim
1968 1583 2055 1648 ab
2102 1581 2218 1668 epi
2260 1587 2331 1646 et
2376 1579 2665 1660 himera,
2712 1582 2889 1667 quod
2930 1585 3031 1645 est

921 1689 1080 1768 dies,
1151 1689 1340 1776 quasi
1413 1689 1488 1752 in
1551 1687 1660 1753 die
1712 1687 1821 1752 vel
1878 1685 2078 1750 unius
2154 1684 2287 1749 diei
2360 1705 2479 1750 res
2604 1683 2694 1749 Et
2756 1687 3034 1749 vocatur

923 1790 1292 1878 specialiter
1345 1789 1548 1856 febris
1609 1788 1807 1853 unius
1873 1787 2006 1852 diei
2071 1790 2343 1874 propter
2408 1787 2548 1866 hoc,
2596 1786 2773 1872 quod
2846 1793 3035 1852 nota-

925 1895 1150 1960 biliter
1221 1891 1460 1960 accidit
1523 1887 1732 1978 saepe'
1850 1889 2053 1956 Unde
2118 1887 2419 1954 aufertur
2482 1889 2718 1954 ultima
2790 1887 3034 1953 vocalis

924 1995 1122 2082 hujus
1195 1993 1677 2082 praepositionis
1751 1997 1823 2058 et
1897 1996 2201 2057 mutatur
2266 1990 2367 2076 pi·
2424 1991 2497 2055 in
2552 1990 2700 2078 phi,
2764 1997 3035 2078 propter

925 2098 1048 2164 hoc
1127 2097 1300 2185 quod
1392 2097 1722 2183 aspiratur
1790 2094 2003 2181 prima
2092 2092 2353 2180 syllaba
2440 2093 2638 2178 hujus
2728 2093 3035 2158 dictionis

925 2200 1208 2267 himera.
1319 2199 1414 2265 Et
1479 2198 1572 2264 sic
1637 2197 1719 2262 de
1795 2196 1944 2262 aliis
2010 2195 2271 2262 duabus
2352 2196 2710 2276 vocalibus,
2786 2196 3035 2262 scilicet

925 2324 964 2370 ο
1015 2308 1086 2369 et
1130 2324 1176 2368 e.
1301 2301 1394 2366 Et
1439 2299 1683 2366 dicitur
1727 2300 1803 2365 in
1849 2298 2228 2385 hujusmodi
2274 2299 2654 2386 compositis
2700 2320 2839 2366 esse
2882 2319 3037 2386 apo-

927 2403 1213 2492 strophe,
1259 2403 1430 2468 siout
1491 2402 1564 2468 in
1627 2401 2041 2488 appositione
2096 2400 2483 2468 dictionum.
2578 2399 2711 2467 Sed
2780 2403 3037 2488 proprie

927 2513 998 2574 et
1041 2503 1497 2594 principaliter
1539 2503 1783 2570 accidit
1828 2503 1903 2567 in
1946 2503 2383 2590 appositione,
2428 2509 2499 2569 et
2558 2509 2719 2570 tunc
2778 2503 3041 2590 procul-

927 2609 1131 2676 dubio
1193 2612 1294 2674 est
1369 2607 1730 2674 necessaria
1802 2610 1980 2684 nota,
2044 2610 2203 2671 sunt
2224 2605 2253 2643 ²
2326 2611 2795 2673 consonantem
2854 2606 3041 2693 cujus

928 2711 1174 2778 vocalis
1242 2708 1482 2790 deesse,
1527 2729 1612 2774 ne
1671 2707 1822 2774 duae
1890 2706 2211 2774 dictiones
2270 2709 2627 2775 videantur
2688 2731 2826 2775 esse
2886 2731 3039 2774 una.

931 2811 1064 2881 Sed
1131 2833 1266 2879 non
1339 2818 1442 2878 est
1515 2810 1671 2878 talis
1745 2811 2099 2879 necessitas
2171 2811 2245 2878 in
2320 2811 2806 2899 compositione,
2876 2811 3041 2898 quia

929 2938 1064 2982 una
1109 2914 1313 2981 dictio
1359 2915 1722 3001 composita
1784 2914 2068 2979 resultat
2130 2918 2201 2979 et
2263 2914 2461 2981 debet
2524 2936 2659 2981 esse
2702 2936 2851 2981 una
2946 2914 3043 2979 Et

928 3017 1080 3083 ideo
1145 3014 1512 3082 notandum
1576 3015 1754 3103 quod
1806 3017 1879 3081 in
1926 3016 2395 3103 compositione
2438 3016 2831 3104 apostrophe
2888 3038 3043 3104 pro·

929 3120 1070 3207 prie
1123 3117 1304 3183 dicta
1345 3122 1617 3206 propter
1660 3118 1831 3184 hanc
1874 3119 2200 3183 rationem
2244 3140 2381 3184 non
2425 3119 2516 3197 sit
2558 3118 2670 3185 ibi.
2764 3119 2857 3185 Et
2898 3141 3043 3185 non

929 3220 1142 3287 solum
1187 3226 1454 3309 propter
1497 3242 1660 3299 eam,
1693 3221 1809 3286 sed
1850 3226 2119 3307 propter
2154 3220 2292 3299 hoc,
2337 3220 2513 3307 quod
2543 3222 2617 3285 in
2660 3223 3043 3308 compositis

929 3323 1331 3391 dictionibus
1373 3344 1542 3409 saepe
1588 3327 1690 3388 est
1752 3322 2116 3409 composita
2166 3344 2253 3389 ex
2296 3328 2593 3409 correpto
2638 3330 2706 3389 et
2752 3324 3036 3411 integro,

929 3432 1002 3494 et
1089 3448 1174 3492 ex
1249 3425 1568 3491 ambobus
1629 3425 1957 3511 correptis.
2082 3424 2175 3489 Et
2249 3425 2343 3489 sic
2418 3426 2489 3489 in
2564 3427 3041 3513 compositione

931 3529 1233 3595 aufertur
1263 3526 1508 3594 vocalis
1547 3525 1809 3613 pluries,
1844 3529 1911 3591 et
1957 3526 2216 3603 vocalis,
2250 3531 2322 3591 et
2364 3548 2745 3605 consonans,
2792 3534 2862 3594 et
2890 3530 3045 3596 aliae

932 3632 1188 3700 vocales
1255 3652 1296 3695 a
1363 3628 1698 3717 praedictis
1766 3633 2069 3715 quatuor,
2116 3633 2186 3695 et
2261 3629 2466 3695 etiam
2530 3629 2807 3715 syllaba.
2902 3632 3045 3697 Sed

933 3735 1090 3821 quia
1118 3754 1237 3821 pro
1266 3731 1779 3798 consonantibus
1824 3729 2066 3795 ablatis
2110 3735 2180 3795 et
2224 3730 2372 3796 aliis
2417 3732 2773 3813 vocalibuS,
2806 3738 2875 3797 et
2918 3754 3043 3819 pro

933 3835 1206 3921 syllabis
1271 3855 1406 3899 non
1469 3834 1827 3919 apponitur
1872 3838 2037 3897 nota
2080 3834 2475 3919 apostrophe
2517 3856 2638 3900 nec
2682 3835 2813 3899 alia
2856 3842 3039 3913 nota,

932 3936 1082 4001 ideo
1150 3935 1415 4001 videtur
1477 3933 1653 4019 quod
1715 3936 2079 4009 necessaria
2140 3936 2229 3999 sit
2297 3936 2695 4025 apostrophe
2761 3944 2925 4005 nota
2969 3940 3045 4004 in

931 4036 1325 4122 compositis,
1370 4035 1527 4101 licet
1591 4042 1877 4123 quatuor
1946 4036 2141 4104 dictae
2186 4036 2445 4105 vocales
2504 4038 2603 4107 ibi
2646 4040 3044 4109 auferuntur

931 4140 1103 4206 sicut
1147 4138 1219 4204 in
1273 4138 1696 4226 appositione.
1817 4138 2011 4219 Quod
2074 4141 2131 4207 si
2196 4140 2293 4207 ibi
2358 4142 2618 4209 dicatur
2683 4165 2725 4209 a
2790 4144 3039 4223 multis,

933 4242 1168 4308 saltem
1211 4241 1478 4329 propria
1518 4263 1654 4307 non
1713 4242 1861 4323 erit,
1907 4264 2026 4309 nec
2087 4244 2377 4309 multum
2438 4247 2799 4313 necessaria
2862 4254 3041 4314 notae

933 4344 1324 4433 apostrophe
1371 4349 1642 4431 propter
1685 4345 1897 4411 dictas
1942 4367 2183 4412 causas.

1026 4446 1328 4513 Secunda
1373 4448 1455 4511 de
1498 4447 1602 4511 his
1646 4447 1718 4513 in
1749 4448 2033 4535 propriis
2072 4449 2392 4537 prosodiis
2437 4459 2713 4522 vocatur
2763 4452 3040 4541 hiphen,

934 4549 1119 4636 cujus
1185 4555 1347 4615 nota
1415 4550 1760 4638 conjungit
1817 4571 1899 4617 ea
1965 4574 2113 4638 quae
2182 4560 2454 4640 possent
2517 4556 2735 4622 videri
2808 4556 3039 4622 divisa.

995 4849 1008 4879 ¹
1037 4848 1190 4916 cepe]
1218 4864 1319 4915 spe,
1343 4850 1456 4903 MS.
1952 4852 1963 4921 Ι
2051 4851 2071 4881 “
2096 4854 2234 4923 unt]
2264 4854 2335 4907 So
2356 4855 2411 4907 in
2434 4854 2547 4911 MS.
2574 4860 2838 4923 sequent?
