3517 5750
866 828 999 897 336
1622 840 1879 891 nonam
1923 840 2214 893 sacoma

534 1018 713 1099 orphe
867 1008 1077 1097 gister
1122 1010 1590 1091 Historiarum,
1634 1020 1705 1079 et
1752 1012 1972 1101 Engo,
2003 1020 2076 1080 et
2119 1013 2494 1099 hujusmodi
2537 1019 2855 1093 auctores,
2885 1016 2970 1082 de

524 1100 751 1203 m
766 1152 827 1203 or
866 1134 1039 1177 novo
1068 1112 1439 1181 formatam¹
1472 1115 1808 1181 aestiment
1839 1116 1912 1181 in
1941 1116 1989 1182 J
1991 1116 2212 1183 ericho
2247 1115 2458 1182 fuisse.
2509 1116 2784 1181 Sextam
2815 1140 2972 1183 vero

524 1216 615 1268 *δ’
636 1220 809 1283 Serip·
865 1220 937 1279 et
1000 1216 1305 1301 quintam
1366 1216 1684 1305 Origenes
1740 1218 2018 1295 invenit,
2079 1224 2160 1285 ut
2215 1218 2448 1285 scribit
2497 1218 2970 1303 Hieronymus,

522 1290 675 1337 ω
862 1315 967 1382 et²
1010 1338 1159 1383 cum
1206 1318 1463 1385 eaeteris
1504 1320 1928 1407 comparavit.
2019 1319 2112 1386 Et
2155 1320 2262 1387 hae
2305 1340 2534 1387 omnes
2577 1318 2846 1387 fuerunt
2889 1320 2972 1386 de

864 1418 1153 1487 Hebraeo
1198 1422 1269 1485 in
1316 1422 1619 1489 Graecmn
1674 1422 2040 1502 transfusae,
2087 1426 2158 1487 et
2202 1444 2338 1489 una
2390 1422 2656 1489 illarum
2703 1426 2968 1488 tantum

860 1521 943 1587 de
990 1521 1217 1589 Graeoo
1260 1524 1335 1589 in
1380 1522 1715 1604 Latinum,
1763 1524 2012 1590 scilieet
2053 1524 2262 1590 editio
2307 1524 2615 1611 Vulgata,
2647 1546 2798 1610 quoe
2837 1524 2970 1591 fuit

860 1622 1302 1711 Septuaginta
1362 1624 1822 1711 interpretum,
1877 1630 2150 1713 excepto
2209 1624 2387 1713 quod
2447 1626 2745 1693 Danielis
2803 1626 2969 1691 liber

850 1726 1055 1811 juxta
1130 1726 1627 1792 translationem
1702 1727 2171 1793 Theodotionis
2229 1726 2302 1793 in
2363 1726 2680 1793 Latinum
2740 1748 2967 1793 versus

860 1826 1007 1908 fuit,
1078 1828 1233 1913 quia
1304 1827 1737 1895 translatione
1803 1828 2248 1917 Septuaginta
2305 1828 2378 1894 in
2433 1828 2708 1895 Daniele
2769 1830 2962 1895 eoele-

860 1930 977 1996 siae
1022 1930 1153 1995 Dei
1200 1952 1337 1995 non
1386 1935 1691 2011 utuntur,
1742 1935 1824 1997 ut
1883 1931 2048 1997 dicit
2079 1930 2536 2017 Hieronymus
2579 1931 2656 1995 in
2699 1930 2963 2019 prologo

862 2030 1205 2097 Danielis.³
1294 2030 1471 2111 Quia
1514 2036 1741 2097 autem
1793 2054 1930 2099 non
1973 2032 2186 2097 solum
2233 2052 2319 2096 ex
2365 2032 2534 2097 vitio
2575 2031 2962 2119 scriptorum

862 2132 1358 2199 translationem
1418 2132 1863 2221 Septuaginta
1905 2139 2284 2221 oon-uptam
2327 2133 2590 2199 invenit
2634 2133 2960 2218 Hierony-

863 2256 1023 2313 mus,
1082 2234 1197 2300 sed
1260 2236 1349 2300 ab
1414 2235 1557 2321 ipso
1616 2234 1816 2301 initio
1881 2235 2127 2300 multas
2190 2234 2428 2300 habuit
2487 2234 2829 2312 falsitates,
2893 2240 2962 2299 et

861 2338 1151 2403 defectus
1178 2340 1701 2414 necessariorum,
1732 2343 1805 2404 et
1835 2337 2079 2403 multas
2109 2336 2616 2423 superfluitateS,
2659 2341 2729 2401 et
2757 2336 2962 2403 haeret

861 2440 999 2529 ibi-⁴
1046 2440 1297 2507 veritas
1340 2439 1622 2518 devicta,
1670 2439 1820 2505 ideo
1865 2438 2102 2504 beatus
2171 2436 2624 2521 Hieronymus
2683 2437 2962 2503 eeclesiae

862 2540 1251 2608 Latinorum
1324 2542 1621 2607 reddidit
1692 2540 2193 2607 translationem
2269 2539 2351 2605 de
2427 2538 2732 2617 Hebrae0‚
2793 2539 2958 2605 veri-

856 2648 1067 2708 tatem
1130 2643 1529 2709 Hebraicam
1602 2647 1802 2731 prout
1877 2640 2091 2721 seivit,
2151 2646 2224 2707 et
2297 2640 2500 2706 etiam
2575 2662 2771 2707 ausus
2831 2641 2960 2707 fuit

858 2742 1210 2809 transferre
1262 2744 1783 2824 convenientem,
1849 2743 2070 2831 [quia]
2125 2763 2208 2807 ne
2265 2741 2473 2807 nimia
2528 2741 2788 2807 novitas
2847 2742 2962 2807 de-

858 2849 1137 2910 terreret
1194 2846 1557 2912 audientes.
1652 2844 1745 2910 Et
1805 2845 1968 2931 quia
2025 2844 2464 2931 reputabatur
2524 2842 2822 2909 falsarius
2889 2848 2961 2910 et

858 2950 1199 3032 corruptor
1246 2943 1618 3032 Scripturae,
1674 2969 1810 3012 non
1861 2967 2061 3012 ausus
2111 2945 2243 3012 fuit
2297 2946 2535 3026 omnia,
2587 2951 2666 3010 ut
2715 2946 2958 3034 potuit,

858 3046 1113 3112 meliori
1161 3046 1354 3112 modo
1390 3047 1760 3128 transferre,
1793 3048 1964 3114 sicut
2015 3047 2176 3113 satis
2220 3052 2409 3134 patet
2451 3069 2535 3114 ex
2579 3047 2722 3132 ejus
2765 3049 2962 3134 soi-ip·

856 3149 1071 3228 turis3
1134 3153 1205 3214 et
1247 3145 1539 3214 humana
1584 3148 1948 3236 fragilitate
2013 3148 2400 3235 compulsus,
2447 3148 2804 3235 aliquando
2849 3171 2957 3216 ve-

856 3249 1122 3316 locitate
1168 3249 1465 3331 dictavit,
1532 3256 1601 3316 et
1646 3251 1862 3316 minus
1906 3251 2074 3316 bene
2119 3249 2514 3336 conscripsit,
2557 3255 2638 3316 ut
2680 3251 2959 3336 ipsemet

857 3353 945 3418 ad
993 3352 1313 3442 Magnum
1376 3357 1721 3430 oratorem,
1771 3357 1842 3418 et
1899 3373 2095 3440 super
2147 3351 2408 3432 Isaiam,
2463 3358 2535 3417 et
2583 3350 2748 3417 alibi
2808 3373 2958 3418 oon·

856 3457 1104 3536 fitetur,
1152 3455 1313 3521 dum
1360 3455 1527 3522 male
1573 3453 1902 3520 translata
1945 3454 2190 3520 nititur
2233 3475 2551 3520 revocare.

948 3559 1277 3640 Quoniam
1324 3557 1531 3645 igitur
1589 3557 1770 3644 apud
1823 3556 2094 3622 Latinos
2155 3577 2290 3621 non
2348 3555 2618 3620 fuerunt
2674 3555 2954 3620 transla-

856 3660 1069 3726 tiones
1114 3661 1242 3726 nisi
1287 3660 1455 3738 duae,
1508 3659 1754 3725 seilicet
1799 3657 2240 3745 Septuaginta
2285 3663 2354 3722 et
2402 3657 2840 3743 Hieronymi;
2889 3661 2959 3722 et

857 3760 1297 3848 Septuaginta
1341 3783 1475 3825 non
1533 3758 1970 3826 inveniuntur
2017 3760 2090 3824 in
2137 3758 2357 3844 aliquo
2409 3759 2549 3824 loeo
2601 3759 2780 3846 apud
2831 3759 2955 3823 La-

854 3863 1046 3939 tinos,
1062 3892 1085 3902 -
1112 3865 1373 3948 oportet
1432 3861 1610 3946 quod
1666 3861 1808 3927 haeo
1867 3881 2016 3947 quae
2075 3857 2390 3948 vulgatur
2447 3861 2626 3947 apud
2685 3859 2957 3926 Latinos

854 3959 981 4026 sit⁵
1043 3961 1455 4046 Hieronymi.
1548 3961 1681 4028 Sed
1740 3985 1892 4029 eum
1953 3962 2410 4048 multipliciter
2469 3964 2542 4027 in
2603 3961 2958 4049 exemplari

855 4060 1203 4128 Parisiensi
1251 4063 1610 4149 depravata
1650 4064 1755 4143 sit,
1808 4065 1938 4151 [et]
1971 4064 2118 4129 ideo
2155 4084 2290 4128 non
2335 4063 2638 4128 omnibus
2683 4069 2957 4149 apparet

854 4163 1029 4251 quod
1089 4164 1180 4230 sit
1241 4164 1652 4251 Hieronymi,
1703 4164 2010 4251 quamvis
2057 4165 2497 4260 consideranti
2549 4164 2772 4229 omnia
2827 4163 2958 4229 alia

924 4463 937 4494 ¹
947 4461 1243 4529 formatam]
1314 4460 1600 4525 formatum,
1670 4459 1853 4525 Hod53
2021 4459 2039 4490 ⁴
2061 4457 2206 4510 haeree
2223 4458 2317 4526 ibi]
2353 4457 2592 4520 heretici,
2607 4459 2736 4521 MS„
2749 4461 2958 4514 omitted

838 4531 1068 4608 somate,
1094 4543 1208 4594 MS.
1892 4459 1908 4640 Ι
1953 4540 2025 4604 by
2047 4537 2215 4604 Hody.

923 4621 944 4652 ²
964 4620 1035 4686 et]
1073 4635 1173 4670 om.
1208 4617 1329 4672 MS.
2023 4617 2044 4648 ⁸
2064 4616 2154 4684 sit]
2193 4616 2336 4680 sicut,
2361 4617 2474 4671 MS,

920 4701 940 4732 ⁸
964 4697 1220 4764 Danielis]
1259 4697 1407 4764 Apol.
1432 4697 1501 4752 ib.
1526 4696 1653 4765 §33-
1895 4641 1910 4761 1
