3517 5750
536 884 642 971 11.]
1228 901 1695 951 conrnnnmu
1740 901 1987 951 srunn.
2509 888 2635 951 411

534 1076 821 1143 maxime
866 1081 1025 1143 sunt
1088 1082 1317 1143 contra
1380 1078 1655 1143 humani
1720 1076 1980 1165 generis
2043 1077 2455 1164 dignitatem.
2549 1077 2644 1143 Et

534 1178 629 1243 ibi
676 1178 839 1245 dicit
881 1179 987 1245 hee
1032 1178 1499 1247 delectationes
1560 1183 1719 1246 sunt
1763 1179 2048 1267 propriae
2091 1180 2439 1245 brutorum
2500 1178 2645 1244 ani-

535 1280 821 1349 malium.
958 1281 1233 1349 Nullam
1316 1283 1495 1349 enim‘
1578 1282 1892 1348 animalia
1965 1282 2469 1349 delectationem
2543 1303 2642 1349 re-

539 1382 813 1469 quirunt
855 1383 985 1449 nisi
1046 1390 1282 1472 gustus
1323 1390 1395 1451 et
1438 1390 1697 1465 tactus3
1765 1384 1924 1471 quia
1965 1385 2022 1451 si
2073 1384 2367 1453 habeant
2408 1383 2646 1465 visum,

539 1484 867 1565 olfactum,
914 1496 983 1553 et
1048 1488 1369 1567 auditum,
1439 1510 1575 1555 non
1639 1493 1868 1555 tamen
1930 1487 2342 1555 delectantur
2406 1488 2479 1553 in
2543 1487 2650 1553 his

538 1587 668 1653 nisi
710 1593 979 1677 propter
1022 1596 1293 1679 gustum
1354 1596 1425 1657 et
1483 1594 1765 1657 tactum.
1880 1588 2084 1657 Videt
2142 1591 2320 1657 enim
2378 1590 2650 1658 brutum

540 1690 787 1756 animal
829 1692 1118 1771 herbam,
1162 1697 1233 1759 et
1274 1692 1517 1771 olfacit,
1565 1693 1683 1760 sed
1724 1701 1992 1781 propter
2053 1698 2340 1780 gustum.
2446 1691 2652 1760 Videt

540 1803 609 1859 et
670 1793 863 1860 audit
926 1794 1283 1875 foeminam,
1330 1800 1401 1861 et
1462 1795 1735 1861 festinat
1799 1796 1886 1861 ad
1947 1817 2095 1862 eam
2155 1800 2426 1883 propter
2499 1816 2650 1862 oon-

532 1893 945 1979 junctionem
997 1897 1381 1965 naturalem
1493 1896 1662 1964 Cum
1723 1898 1934 1984 igitur
1994 1899 2190 1965 homo
2256 1898 2650 1965 naturaliter

543 1996 767 2063 differt
839 2022 883 2065 a
954 2000 1187 2081 brutis,
1236 1999 1565 2066 concludit
1628 2000 1926 2088 egregius
1989 2001 2414 2089 philosophus
2477 2002 2652 2087 quod

544 2100 833 2167 maxime
876 2107 1107 2169 contra
1148 2108 1459 2169 naturam
1504 2124 1693 2169 suam
1735 2103 1902 2168 facit
1945 2102 2158 2183 home,
2208 2109 2278 2170 et
2324 2103 2649 2191 praeeipue

542 2203 903 2289 culpandus
947 2210 1051 2271 est
1095 2228 1301 2292 quum
1347 2205 1496 2271 istis
1542 2204 2090 2273 delectationibus
2129 2206 2518 2273 bestialibus
2581 2229 2650 2272 se

542 2305 837 2373 inclinat.
932 2308 1023 2373 Et
1084 2312 1447 2396 propterea,
1496 2330 1645 2375 cum
1709 2329 1826 2395 per
1889 2308 2282 2395 sapientiam
2353 2308 2562 2375 distat
2607 2332 2652 2374 a

541 2408 773 2487 brutiS,
850 2410 1143 2475 maxime
1206 2414 1539 2497 repugnat
1606 2409 1951 2497 sapientiae
2019 2410 2372 2477 delectatio
2415 2411 2651 2498 volup-

542 2511 717 2576 tatis.
811 2511 904 2577 Et
963 2511 1165 2579 infert
1209 2512 1471 2599 signum
1530 2513 1619 2579 ad
1684 2512 1822 2593 hoc,
1889 2513 2066 2598 quod
2118 2512 2399 2597 juvenes
2443 2534 2650 2599 quum

541 2613 758 2699 primo
826 2614 1253 2680 luxuriantur
1324 2615 1860 2681 verecundantur
1947 2615 2360 2683 naturaliter.
2454 2617 2649 2697 Quod

543 2737 677 2782 non
727 2720 1091 2783 occurreret
1150 2716 1245 2782 eis
1290 2716 1422 2781 nisi
1468 2718 1646 2803 quod
1705 2716 1973 2783 luxuria
2017 2724 2119 2783 est
2179 2724 2410 2785 contra
2452 2725 2650 2786 natu·

543 2817 747 2885 ralem
766 2819 1165 2906 dignitatem
1191 2819 1551 2887 hominum.
1645 2818 1848 2888 Unde
1881 2820 2176 2888 membra
2199 2822 2316 2888 illa
2343 2823 2645 2904 verenda,

540 2943 795 2988 necnon
868 2928 939 2988 et
1012 2922 1404 3010 pudibunda
1491 2923 1727 2990 merito
1815 2929 2306 3012 nuncupantur,
2381 2931 2649 3013 propter

544 3025 723 3110 quod
775 3025 1073 3092 homines
1117 3026 1327 3113 magis
1372 3029 1681 3112 quaerunt
1723 3025 2033 3106 latebras,
2081 3027 2157 3092 in
2200 3027 2323 3094 hoc
2362 3033 2644 3116 peccato,

543 3148 743 3212 quam
786 3127 861 3193 in
906 3127 1070 3206 aliis,
1120 3134 1191 3194 et
1254 3129 1469 3216 magis
1532 3129 2065 3200 verecundantur
2130 3130 2474 3214 confiteri3
2549 3129 2650 3197 ita

542 3229 721 3316 quod
753 3229 875 3294 vix
913 3230 1149 3297 ultimo
1192 3235 1345 3317 post
1390 3230 1613 3296 omnia
1657 3235 1925 3318 peccata
1969 3253 2089 3298 sua
2123 3231 2385 3298 extrahi
2431 3237 2648 3320 potest

542 3335 877 3418 peceatum
943 3332 1227 3398 luxuriae
1300 3333 1387 3398 ab
1448 3355 1561 3398 ore
1626 3353 1871 3411 eorum,
1928 3335 2044 3420 qui
2117 3335 2650 3400 verecundantur

541 3435 953 3516 naturaliter,
1004 3445 1323 3521 tanquam
1366 3435 1579 3523 magis
1644 3435 1737 3500 sit
1799 3436 2152 3522 indignum
2215 3436 2485 3503 cuilibet
2526 3437 2650 3502 hoc

539 3541 896 3624 peccatum,
974 3560 1175 3626 quam
1248 3537 1503 3624 aliquid
1578 3538 1766 3604 aliud
1837 3543 2190 3626 peccatum.
2313 3538 2405 3604 Et
2474 3544 2650 3608 certe

542 3661 727 3706 senes
770 3641 1060 3706 maxime
1089 3640 1515 3728 vituperandi
1560 3646 1733 3719 sunt,
1799 3645 1870 3706 et
1921 3641 2210 3708 maxime
2257 3640 2652 3708 erubescunt

542 3743 935 3809 naturaliter
978 3765 1049 3808 se
1092 3743 1481 3830 reprehendi
1524 3744 1597 3810 in
1640 3744 1765 3809 hoc
1808 3750 2090 3831 peccate,
2137 3749 2208 3810 et
2251 3743 2371 3810 vix
2413 3744 2652 3810 volunt

546 3846 859 3924 confiteri,
937 3846 1142 3912 immo
1208 3846 1405 3912 multi
1452 3846 1750 3932 pluribus
1795 3848 1990 3912 annis
2051 3869 2188 3914 non
2231 3847 2647 3928 confitentur,

544 3950 702 4034 quia
746 3950 956 4035 magis
995 3949 1349 4035 indignum
1398 3954 1501 4016 est
1544 3949 1701 4027 seni,
1750 3971 1949 4036 quam
1992 3950 2243 4037 juveni.
2350 3950 2529 4016 Nam
2572 3955 2653 4020 ut

541 4051 642 4116 ait
712 4051 959 4118 Seneca
1036 4051 1237 4118 tertio
1323 4051 1900 4118 Declamationum
1975 4052 2160 4132 libro,
2255 4053 2652 4123 Adolescens

540 4152 917 4220 luxuriosus
977 4158 1221 4242 peccat,
1298 4174 1502 4220 senex
1575 4154 1951 4220 luxuriosus
2008 4155 2274 4236 insanit,
2342 4160 2652 4244 quoniam

552 4257 909 4323 senectutis
996 4256 1195 4323 decus
1268 4256 1483 4344 perit;
1580 4260 1649 4322 et
1739 4257 2250 4325 adolescentiam
2329 4259 2652 4345 juvenum

548 4358 637 4424 im
646 4359 1129 4448 pudentiorem,
1174 4362 1255 4425 ut
1300 4355 1565 4445 pulchre
1618 4357 1782 4425 dicti
1842 4359 2106 4428 Senecae
2131 4358 2151 4397 ¹
2219 4359 2448 4430 Cicero
2506 4363 2652 4430 red-

560 4593 697 4603 ι--ο-ι
710 4589 1051 4600 ——aqnnua—-u-
1066 4587 1151 4598 -.μ-α·
1163 4589 1210 4597 ἢ...
1235 4589 1608 4598 a.————-—--.——--·—
1632 4589 2180 4598 —n-——n-—u-——ffl
2193 4589 2651 4603 anm-<Q-

1212 4761 1225 4802 ¹
1255 4767 1477 4837 seam]
1519 4769 1596 4824 01:
1619 4767 1782 4836 Epist.
1803 4769 1990 4824 xxxvi.
