3517 5750
862 878 991 945 162
1562 888 1818 943 Rosam
1861 887 2156 941 nacoms
2783 873 2956 961 [cm

860 1064 1131 1153 aliquid,
1194 1064 1371 1151 quod
1444 1062 1647 1131 habet
1712 1066 2024 1131 naturam
2089 1062 2458 1150 specificam
2531 1062 2850 1146 alimenti,
2895 1069 2966 1132 et

860 1168 1039 1255 quod
1114 1168 1243 1235 erit
1315 1166 1724 1247 alimentum,
1801 1166 1956 1233 licet
2009 1164 2523 1252 incompletum3
2597 1166 2766 1235 sicut
2840 1167 2960 1235 lux

860 1272 1013 1337 solis
1056 1270 1256 1337 faciet
1296 1270 1509 1337 lueem
1552 1270 1626 1337 in
1670 1274 1822 1335 ae're
1865 1268 2346 1355 incompletam,
2389 1268 2519 1335 sibi
2563 1270 2841 1336 similem
2885 1271 2958 1339 in

858 1380 1115 1441 natura.
1206 1372 1383 1460 Ergo
1428 1394 1545 1459 per
1588 1372 1914 1437 actionem
1957 1370 2258 1439 alimenti
2301 1371 2772 1443 assimilabitur
2817 1394 2964 1439 caro

860 1476 1193 1557 alimentO,
1270 1479 1338 1542 et
1398 1473 1816 1541 ordinabitur
1875 1474 1962 1539 ad
2005 1472 2130 1540 hoc
2173 1479 2318 1541 tota
2381 1476 2676 1562 operatio
2751 1476 2962 1542 nutri-

860 1580 1077 1646 tionis.
1168 1577 1301 1645 Sed
1344 1599 1520 1643 nunc
1548 1576 1940 1643 Aristoteles
1985 1581 2054 1642 et
2097 1598 2320 1643 omnes
2365 1577 2746 1658 concedunt,
2787 1578 2966 1665 quod

862 1704 979 1769 per
1050 1681 1221 1747 hanc
1280 1679 1727 1767 operationem
1792 1678 2134 1745 nutriendi
2191 1679 2569 1745 intenditur
2627 1680 2801 1767 quod
2844 1681 2962 1745 ali-

862 1789 1161 1849 mentum
1207 1782 1609 1849 assimiletur
1656 1781 1910 1869 corpori
1939 1782 2316 1860 nutriendo,
2349 1787 2420 1848 et
2445 1804 2786 1870 nunquam
2815 1804 2966 1849 eon-

860 1885 1107 1953 oedunt
1151 1884 1690 1952 assimilationem
1736 1884 2021 1971 eorporis
2059 1885 2398 1952 nutriendi
2431 1885 2517 1951 ad
2557 1886 2965 1953 alimentum.

862 1988 1041 2075 Ergo
1078 2010 1213 2055 non
1258 1988 1376 2055 fiet
1414 1987 1794 2073 hujusmodi
1837 1987 2121 2053 nutritio
2163 2010 2283 2075 per
2325 1989 2606 2075 speciem
2649 1989 2962 2055 alimenti.

952 2090 1227 2173 Iterum,
1267 2113 1356 2157 vex
1396 2090 1521 2157 hoc
1564 2090 1880 2177 sequitur,
1930 2090 2108 2176 quod
2151 2112 2288 2155 non
2330 2090 2754 2177 generabitur
2797 2112 2960 2171 caro,

860 2196 976 2261 sed
1019 2200 1263 2261 natura
1306 2193 1621 2259 alimenti.
1715 2191 1850 2258 Sed
1895 2196 2156 2279 oportet
2199 2194 2273 2259 in
2316 2193 2724 2261 nutrimento
2753 2193 2964 2282 quod¹

863 2299 987 2363 fiat
1044 2299 1195 2385 plus
1254 2298 1337 2365 de
1398 2318 1591 2363 carne
1641 2316 1844 2382 quam
1895 2296 2095 2381 prius.
2187 2294 2262 2361 Si
2320 2295 2579 2362 dicatur
2623 2297 2798 2383 quod
2843 2296 2968 2363 hoc

864 2406 967 2467 est
1010 2422 1241 2467 verum
1287 2404 1614 2486 quantum
1656 2399 1744 2465 ad
1789 2398 2121 2465 actionem
2167 2398 2534 2480 univocam,
2581 2400 2696 2465 sed
2741 2404 2966 2465 tamen

864 2508 1189 2590 quantum
1226 2502 1314 2568 ad
1356 2504 1682 2569 actionem
1722 2500 2128 2587 aequivocam
2163 2506 2383 2587 potest
2427 2502 2571 2569 fieri
2601 2522 2768 2581 caro,
2799 2504 2966 2568 sicut

862 2605 985 2672 lux
1058 2606 1131 2671 in
1204 2610 1353 2669 ae're
1427 2602 1587 2669 facit
1660 2602 1941 2669 calorem
1969 2628 1985 2683 ;
2048 2608 2280 2669 eontra
2337 2604 2458 2670 hoc
2517 2604 2969 2692 multipliciter

866 2708 1054 2795 argui
1098 2711 1330 2793 potest.
1422 2706 1601 2771 Nam
1640 2706 1854 2791 primo
1893 2705 2193 2791 sequitur
2231 2706 2408 2793 quod
2451 2706 2524 2771 in
2561 2728 2756 2773 carne
2799 2708 2968 2771 fiant

867 2809 1034 2892 du0;
1063 2810 1276 2897 primo
1306 2814 1547 2873 natura
1576 2808 1875 2894 specifica
1905 2808 2222 2888 alimenti,
2255 2830 2404 2896 quse
2435 2812 2536 2884 est
2563 2810 2822 2898 species,
2855 2830 2970 2897 per

866 2935 1064 2998 quam
1109 2911 1583 2978 assimilabitur
1626 2931 1776 2975 caro
1819 2911 2150 2990 alimento,
2199 2911 2370 2979 sicut
2414 2918 2528 2978 aer
2571 2912 2971 2978 assimilatur

864 3015 996 3080 luci
1040 3015 1195 3080 solis
1246 3035 1361 3101 per
1406 3012 1686 3100 speciem
1729 3013 1893 3080 lucis
1939 3035 2137 3100 quam
2189 3013 2409 3095 habet,
2455 3021 2526 3080 et
2567 3015 2972 3082 assimilatur

864 3118 1009 3206 igni
1052 3140 1172 3204 per
1225 3117 1505 3204 speciem
1565 3115 1741 3204 ignis
1803 3117 2065 3202 quando
2126 3115 2389 3199 calefit3
2453 3123 2522 3184 et
2583 3117 2970 3184 secundario

864 3219 1067 3286 habet
1128 3241 1277 3287 caro
1337 3223 1646 3285 naturam
1698 3219 1938 3284 'carnis
1987 3223 2373 3306 generatam
2433 3219 2520 3286 ab
2579 3219 2698 3285 illa
2760 3220 2970 3308 specie

866 3323 1181 3402 alimenti,
1260 3323 1431 3388 sicut
1496 3327 1612 3388 aer
1684 3321 1890 3387 habet
1948 3321 2227 3388 calorem
2269 3326 2658 3408 generatum
2702 3345 2786 3388 ex
2830 3322 2972 3390 luce

865 3427 1189 3516 praesenti.
1284 3425 1417 3492 Sed
1464 3426 1558 3492 sic
1608 3431 1779 3492 esset
1827 3423 1934 3490 hic
1983 3428 2252 3490 tantum
2302 3427 2642 3512 generatio
2697 3425 2972 3513 alicujus

865 3531 949 3596 de
992 3529 1293 3618 potentia
1310 3528 1339 3567 ⁹
1366 3527 1699 3607 materiae3
1754 3527 1911 3613 quia
1961 3526 2205 3612 species
2233 3532 2586 3614 generatur
2629 3529 2710 3596 de
2741 3534 2972 3615 poten-

865 3633 983 3710 tia,
1030 3637 1111 3697 ut
1154 3631 1431 3717 probavi
1473 3630 1547 3695 in
1584 3634 1880 3694 tractatu
1943 3629 2275 3715 praedictO,
2339 3635 2408 3695 et
2451 3631 2695 3717 species
2747 3653 2972 3718 operae-

867 3738 983 3799 tur
1026 3733 1360 3799 educendo
1404 3733 1488 3798 de
1538 3723 1842 3817 potentia
1885 3731 2182 3798 materiae
2231 3731 2526 3810 formam,
2580 3737 2661 3799 ut
2701 3732 2823 3799 lux
2867 3755 2970 3799 ca·-

871 3833 1116 3915 lorem;
1162 3854 1318 3921 ergo
1361 3833 1535 3898 nihil
1578 3833 1704 3898 erit
1750 3833 1855 3898 hic
1898 3833 2029 3898 nisi
2071 3832 2424 3921 generatio.
2547 3833 2682 3900 Sed
2755 3840 2972 3902 motus

870 3935 1257 4000 nutritionis
1331 3957 1467 4001 non
1540 3941 1641 4000 est
1708 3935 2066 4022 generatiO,
2141 3957 2263 4002 nec
2336 3941 2556 4002 motus
2631 3937 2972 4024 augmenti

870 4037 1219 4118 similiter3
1281 4059 1416 4104 non
1470 4037 1645 4126 enim
1711 4043 2068 4125 generatur
2125 4061 2274 4104 caro
2351 4061 2498 4125 qnae
2573 4040 2784 4106 crevit
2857 4063 2974 4127 per

870 4139 1375 4221 nutrimentum,
1437 4140 1550 4205 sed
1626 4140 1895 4206 additur
1955 4163 2041 4206 ex
2098 4140 2520 4208 conversione
2579 4141 2971 4209 substantiae

868 4242 1260 4308 nutrimenti
1306 4243 1379 4308 in
1421 4241 1862 4308 substantiam
1908 4244 2134 4309 carnis.

961 4345 1241 4428 Iterum,
1290 4345 1561 4412 effectus
1622 4345 1998 4431 aequivocus
2061 4367 2198 4412 non
2276 4351 2578 4415 remanet
2623 4346 2756 4412 nisi
2813 4347 2976 4413 dum

868 4449 1141 4516 effectus
1184 4449 1506 4516 univocus
1551 4452 1653 4514 est
1711 4470 1996 4536 praesens
2024 4475 2040 4530 3
2102 4454 2181 4516 ut
2225 4451 2402 4517 calor
2443 4472 2580 4517 non
2623 4437 2854 4518 manet
2898 4451 2974 4516 in

942 4729 957 4758 ¹
994 4729 1045 4777 in
1067 4729 1349 4780 nutrimento
1370 4728 1523 4796 quod]
1562 4729 1696 4794 quod
1717 4726 1772 4778 in
1789 4742 1880 4778 nu·
2031 4728 2052 4756 ²
2084 4727 2143 4778 de
2173 4727 2416 4795 potentia]
2468 4735 2665 4782 tantum
2698 4729 2762 4780 de
2795 4737 2970 4796 poten-

874 4806 1125 4870 trimento,
1159 4807 1221 4860 B.
1963 4805 2048 4870 tia,
2073 4805 2134 4860 Τ.
