3517 5750
488 2359 600 2410 The
621 2360 736 2412 flstlt

489 2427 702 2478 division
727 2449 741 2480 z

489 2509 576 2554 sc..
599 2495 770 2546 horta-

484 3980 596 4031 The
617 3982 768 4043 sixth,

475 4050 684 4111 judicia!
709 4069 722 4100 :

481 4116 699 4167 handled

481 4184 738 4249 cursorily.

831 837 916 900 52
1575 847 1831 898 11008111
1876 847 2167 898 31001118
2396 891 2403 898 .
2750 831 2929 920 [cAr.

831 1021 1145 1107 quaelibet
1191 1020 1274 1084 ad
1330 1019 1819 1085 conversionem
1872 1019 2237 1085 infidelium
2298 1019 2655 1084 secundum
2714 1021 2932 1085 varias

829 1129 1189 1210 potestates
1233 1127 1581 1209 operatur3
1627 1122 1784 1207 quia
1827 1143 1960 1187 non
2005 1123 2223 1186 minus
2270 1143 2386 1208 per
2434 1143 2633 1208 opera
2677 1123 2931 1208 sapien-

829 1227 944 1292 tiae
1001 1225 1331 1290 mirabilia
1427 1247 1573 1310 quae
1633 1225 1813 1311 prius
1882 1223 2277 1311 ignoramus,
2340 1228 2411 1288 et
2484 1224 2807 1289 credimus
2852 1230 2933 1289 ut

828 1333 1057 1414 postea
1129 1325 1594 1413 intelligamus,
1661 1325 1975 1412 erigimur
2032 1325 2115 1390 ad
2192 1325 2523 1412 magnalia
2580 1325 2735 1391 fidei
2796 1348 2929 1391 cre-

831 1429 1060 1508 denda,
1093 1449 1290 1515 quam
1331 1449 1448 1515 per
1489 1427 1962 1514 speculationes
2007 1427 2422 1513 sapientiales
2466 1429 2931 1514 persuademur

829 1531 911 1595 de
959 1531 1083 1595 hac
1130 1529 1358 1595 eadem
1407 1530 1554 1594 fide.
1665 1527 1947 1609 Quando
2008 1528 2187 1592 enim
2244 1528 2545 1594 videmus
2604 1529 2933 1595 mirabilia

828 1631 902 1696 in
943 1632 1351 1718 perspectiva
1393 1636 1464 1696 et
1507 1629 1656 1694 aliis
1699 1629 2008 1706 scientiis,
2042 1650 2189 1715 quae
2228 1635 2385 1695 ante
2430 1630 2928 1697 instructionem

827 1739 1210 1819 reputamus
1251 1731 1698 1818 impossibilia,
1743 1737 1906 1796 tunc
1953 1730 2145 1816 longe
2192 1731 2403 1818 magis
2457 1729 2767 1799 debemus
2810 1753 2931 1796 1108

827 1834 1173 1899 humiliare
1249 1837 1502 1898 mentes
1571 1843 1853 1898 nostras.
1903 1832 2149 1898 divinis
2208 1833 2604 1901 veritatibus
2663 1840 2741 1899 ut
2798 1856 2931 1899 crc-

825 1937 1058 2002 damus
1119 1957 1244 2013 eas,
1306 1934 1608 2021 quamvis
1667 1933 1835 2000 sint¹
1886 1955 2085 2021 supra
2130 1935 2535 2000 intellectum
2586 1941 2883 2001 nostrum
2914 1961 2930 2016 ;

825 2060 972 2104 cum
1031 2037 1126 2103 sic
1181 2042 1339 2103 sunt
1397 2035 1678 2102 infinitae
1735 2035 2051 2102 veritates
2125 2036 2197 2101 in
2250 2037 2579 2118 creaturis,
2652 2059 2929 2124 quarum

826 2140 1076 2204 nullam
1121 2138 1443 2204 rationem
1489 2137 1869 2224 possumus²
1898 2137 2155 2217 habere,
2202 2145 2272 2204 et
2315 2143 2541 2205 tamen
2582 2139 2929 2226 recipimus

827 2263 952 2319 eas,
1001 2241 1266 2327 quando
1309 2240 1702 2305 instruimur
1747 2238 1821 2304 in
1864 2239 1973 2304 eis.

915 2341 1170 2422 Quinta
1219 2363 1368 2407 vero
1413 2363 1564 2429 pars
1609 2347 1713 2406 est
1757 2341 1839 2406 de
1884 2345 2077 2407 sectae
2112 2340 2256 2428 jam
2300 2363 2625 2428 persuasae
2670 2347 2739 2408 et
2782 2362 2927 2428 pro-

824 2443 1038 2510 batae³
1075 2443 1550 2525 exhortatione,
1589 2444 1675 2508 ad
1718 2443 2127 2530 implendum
2172 2443 2241 2507 in
2286 2465 2478 2530 opere
2522 2451 2591 2510 et
2634 2445 2719 2510 ad
2764 2443 2932 2508 nihil

820 2544 1189 2612 faciendum
1237 2545 1310 2610 in
1361 2545 1805 2626 contrarium3
1864 2549 1935 2610 et
1985 2545 2095 2612 hic
2142 2544 2433 2632 exigitur
2479 2547 2711 2612 modus
2763 2569 2927 2633 prae-

821 2647 1188 2713 dicationis.
1277 2646 1367 2712 Et
1417 2652 1558 2712 tam
1605 2647 1745 2712 haec
1792 2668 1944 2734 pars
1993 2668 2195 2732 quam
2258 2652 2497 2733 quarta
2548 2649 2766 2714 utitur
2812 2671 2928 2734 po-

817 2753 1037 2815 tenter
1095 2751 1334 2814 ornatu
1392 2748 1731 2826 rhetoricO,
1796 2769 1932 2813 non
1981 2749 2195 2814 solum
2246 2749 2320 2814 in
2370 2749 2611 2831 verbis,
2658 2749 2773 2815 sed
2820 2749 2926 2816 et⁴

818 2851 890 2916 in
959 2850 1321 2929 sententiis,
1399 2855 1468 2916 et
1540 2851 1612 2915 in
1685 2850 1985 2939 gestibus
2060 2850 2363 2939 corporis,
2426 2855 2498 2919 et
2570 2853 2645 2917 in
2718 2853 2923 2918 animi

817 2954 1123 3034 motibus,
1185 2953 1357 3019 sicut
1415 2974 1536 3040 ego
1598 2953 1854 3019 declaro
1922 2976 2039 3041 per
2101 2954 2349 3021 radices
2412 2960 2640 3036 certas,
2700 2976 2926 3021 secun-

816 3057 977 3121 dum
1051 3056 1196 3121 vias
1265 3060 1638 3121 sanctorum
1715 3052 1823 3121 et⁵
1884 3077 2021 3122 non
2094 3057 2308 3122 solum
2380 3055 2925 3145 philosophorum.

817 3158 993 3223 Nam
1057 3163 1137 3223 ut
1180 3156 1598 3245 Augustinus
1615 3154 1643 3193 ⁶
1689 3157 1895 3236 docet,
1944 3164 2181 3244 quarto
2242 3159 2323 3224 de
2354 3158 2673 3225 Doctrina
2709 3160 2927 3227 Chris-

813 3261 1018 3343 tiana,
1098 3282 1356 3327 summa
1429 3259 1808 3346 eloquentia
1880 3266 1983 3326 est
2058 3260 2129 3325 in
2204 3282 2329 3325 usu
2404 3268 2777 3329 sanctorum
2854 3264 2925 3327 in

817 3362 1198 3450 Scriptura3
1243 3367 1312 3427 et
1356 3362 1604 3449 optime
1650 3363 1774 3427 hoc
1818 3362 2023 3429 docet.

904 3464 1100 3531 Hanc
1157 3468 1381 3529 autem
1441 3468 1698 3551 partem
1748 3464 1934 3530 elevo
1982 3462 2069 3529 ad
2124 3464 2672 3531 considerationes
2718 3464 2923 3531 scien-

815 3566 1080 3645 tiarum,
1131 3565 1290 3652 quia
1347 3588 1650 3653 comparo
1705 3588 1853 3631 eam
1906 3566 1994 3631 ad
2046 3588 2234 3633 usum
2295 3566 2660 3655 theologiae,
2710 3571 2781 3632 et
2840 3568 2925 3632 si-

817 3667 1066 3732 militer
1121 3665 1286 3731 facio
1346 3666 1428 3732 de
1487 3667 1794 3733 omnibus
1854 3690 2007 3755 quae
2068 3668 2313 3754 scripsi,
2376 3673 2516 3733 tam
2576 3668 2649 3733 in
2710 3666 2923 3756 Opere

818 3766 1057 3851 Majori
1095 3788 1294 3855 quam
1335 3766 1598 3834 Minori.
1691 3768 1871 3833 Nam
1926 3792 2063 3835 una
2110 3770 2511 3858 comparatio
2564 3777 2665 3837 est
2710 3771 2920 3858 philo-

815 3869 1064 3957 sophiae
1107 3870 1194 3934 ad
1237 3868 1651 3955 theologiam,
1695 3876 1777 3936 ut
1820 3892 1991 3958 ssepe
2038 3871 2197 3937 dixi.

907 3970 1116 4037 Sexta
1173 3992 1330 4037 vero
1387 3992 1540 4058 pars
1598 3972 1863 4039 moralis
1922 3974 2353 4061 philosophiae
2412 3978 2513 4039 est
2570 3974 2651 4039 de
2710 3974 2921 4039 causis

815 4072 1218 4141 ventilandis
1269 4094 1486 4139 coram
1529 4074 1751 4161 judice
1798 4074 1976 4141 inter
2026 4081 2263 4164 partes,
2318 4081 2399 4141 ut
2448 4076 2570 4142 fiat
2610 4074 2918 4161 justitia;

816 4175 934 4243 sed
975 4174 1144 4241 hanc
1189 4175 1394 4241 solam
1437 4180 1641 4263 tango
1685 4180 1956 4264 propter
2002 4200 2245 4259 causas,
2295 4199 2457 4265 quas
2502 4177 2777 4265 assigno,

817 4376 885 4385 --—

885 4494 900 4525 ¹
923 4494 1050 4561 sint]
1087 4502 1219 4555 sunt,
1253 4494 1314 4545 B.
1981 4536 1999 4565 ⁴

881 4574 902 4602 ¹
914 4572 1193 4639 posumus]
1229 4572 1515 4634 sufficimus,
1537 4572 1598 4624 T.
2023 4536 2097 4603 a]
2136 4552 2234 4588 σω·
2270 4536 2331 4589 Τ·

879 4656 900 4684 ²
917 4668 1166 4719 pneuaeoe
1187 4660 1236 4703 et
1249 4651 1495 4718 pmbatoe]
1523 4652 1742 4717 probatae
1764 4660 1815 4705 et
1978 4643 1999 4672 ⁵
2020 4641 2094 4708 0⁸]
2131 4657 2230 4693 ⁰¹¹²·
2263 4642 2324 4694 B.

814 4746 1074 4799 pot-suase,
1109 4732 1170 4782 T.
1978 4733 1999 4762 ⁸
2024 4732 2352 4800 Anqusre'nus]
2424 4734 2518 4789 See
2540 4736 2714 4795 above,
2738 4748 2785 4798 p.
2814 4738 2860 4785 7.
