3517 5750
810 884 939 951 104
1556 895 1814 948 soem
1857 893 2151 947 mcoms
2733 874 2917 965 [οη.

808 1072 938 1137 nisi
987 1071 1215 1158 logica,
1248 1092 1397 1137 cum
1444 1092 1579 1157 qua
1630 1068 2108 1157 comprehendo
2139 1065 2652 1154 grammaticam.
2745 1063 2920 1145 Quia

812 1175 1147 1239 communi
1204 1173 1470 1239 nomine
1528 1178 1814 1258 utraque
1873 1170 2084 1258 logica
2135 1169 2424 1247 dicitur;
2484 1166 2558 1231 id
2603 1170 2722 1247 est,
2787 1186 2920 1230 ser-

812 1277 1151 1343 mocinalis
1210 1277 1499 1343 scientia.
1592 1275 1772 1340 Nam
1834 1274 2008 1361 λόγος
2069 1273 2244 1339 idem
2305 1276 2405 1337 est
2471 1270 2649 1356 quod
2703 1290 2919 1335 sermo

812 1382 887 1444 in
947 1401 1081 1444 una
1139 1377 1629 1466 significatione.
1724 1376 1822 1442 Et
1881 1375 2224 1442 Avicenna
2293 1374 2478 1455 dicit,
2537 1372 2608 1436 in
2669 1368 2914 1459 logica¹

816 1504 951 1560 sua,
987 1482 1165 1566 quod
1200 1482 1485 1547 rusticus
1514 1478 1840 1545 Arabicus
1880 1478 2004 1543 scit
2042 1475 2537 1564 grammaticam
2583 1496 2700 1561 per
2727 1479 2922 1539 natu-

814 1606 996 1663 ram3
1040 1583 1217 1668 quod
1250 1586 1524 1670 oportet,
1556 1581 1613 1647 si
1642 1582 1922 1667 logicam
1949 1580 2232 1645 sciamus
2261 1600 2380 1665 per
2419 1582 2745 1655 naturam,
2775 1597 2924 1661 quae

818 1685 1142 1771 posterior
1201 1690 1319 1750 est.
1428 1683 1770 1749 Vocabula
1828 1683 2005 1747 enim
2065 1681 2514 1769 grammaticae
2573 1683 2641 1745 et
2697 1678 2924 1764 logicae

821 1786 1172 1867 discimus;
1230 1786 1347 1851 sed
1398 1785 1794 1851 naturaliter
1846 1786 2086 1851 scimus
2147 1804 2536 1870 componere
2597 1782 2927 1847 orationes

821 1910 905 1953 ex
934 1887 1351 1965 dictionibus,
1384 1892 1453 1953 et
1483 1890 1870 1975 argumenta
1899 1908 1983 1952 ex
2013 1884 2582 1973 propositionibus.
2676 1882 2768 1948 Et
2805 1882 2928 1947 hoc

822 1992 1014 2056 docet
1056 1990 1508 2077 grammatica,
1564 1994 1635 2054 et
1692 1989 1920 2076 logica.

916 2092 1259 2171 Praeterea,
1294 2092 1352 2157 si
1379 2092 1591 2179 logica
1628 2091 1908 2157 inventa
1937 2092 2027 2157 sit
2063 2112 2181 2179 per
2209 2090 2504 2157 studium
2545 2090 2927 2168 humanum,

762 2191 783 2202 ‘
827 2180 1001 2260 sicut
1041 2196 1189 2261 aliae
1228 2194 1534 2273 scientim,
1567 2198 1637 2259 et
1678 2192 1855 2259 haec²
1899 2200 2000 2259 est
2045 2194 2126 2259 de
2157 2198 2560 2281 argumente,
2607 2198 2676 2259 et
2719 2192 2930 2256 omnis

827 2298 1101 2363 scientia
1152 2296 1393 2384 probat
1444 2318 1593 2362 suas
1652 2296 2096 2362 conclusiones
2149 2318 2267 2382 per
2316 2300 2724 2383 argumenta,
2777 2314 2932 2380 ergo

828 2407 984 2479 ante
1014 2400 1553 2466 constitutionem
1584 2398 1814 2485 logicae
1861 2404 2090 2464 auctor
2118 2396 2405 2485 primus⁸
2441 2397 2637 2463 scivit
2667 2416 2933 2483 arguere

830 2508 899 2568 et
930 2502 1199 2568 modum
1244 2501 1579 2588 arguendi,
1611 2506 1690 2565 ut
1729 2500 2010 2587 logicam
2052 2500 2497 2587 investigaret,
2529 2505 2599 2565 et
2627 2498 2934 2587 probaret

829 2606 901 2669 in
960 2626 1037 2669 ea
1097 2626 1245 2689 quae
1303 2602 1642 2689 probanda
1710 2607 1883 2668 sunt.
1975 2601 2152 2691 Ergo
2197 2603 2336 2688 ipse
2398 2601 2596 2667 scivit
2661 2620 2931 2687 arguere

832 2710 1188 2791 antequam
1240 2704 1499 2770 invenit
1542 2709 2054 2792 argumentum3
2107 2704 2286 2791 quod
2355 2708 2458 2771 est
2515 2700 2934 2788 impossibile,

834 2808 891 2870 si
942 2812 1406 2894 argumentum
1466 2810 1568 2870 est
1626 2806 1841 2871 solum
1893 2828 1976 2872 ex
2023 2807 2428 2872 inventione.
2521 2806 2937 2892 Quapropter

832 2909 1109 2976 scientia
1167 2909 1249 2974 de
1296 2909 1700 2995 argumentis
1765 2918 1866 2975 est
1917 2915 2078 2975 nota
2136 2910 2387 2976 homini
2443 2930 2559 2995 per
2609 2914 2935 2987 naturam,

832 3016 1160 3096 quatenus
1189 3033 1305 3098 per
1334 3031 1477 3076 eam
1502 3011 1709 3098 possit
1732 3010 2135 3099 investigare
2166 3032 2392 3078 omnes
2421 3011 2583 3076 alias
2612 3010 2934 3076 scientias.

833 3113 927 3178 Et
972 3114 1095 3180 hoc
1142 3113 1485 3180 manifeste
1532 3114 1772 3180 scimus
1825 3135 1942 3200 per
1979 3115 2470 3201 experientiam.
2560 3113 2738 3178 Nam
2784 3111 2938 3177 licet

832 3216 1036 3282 simus
1112 3217 1329 3282 edocti
1405 3215 1684 3304 logicam
1744 3215 2124 3282 Aristotelis
2181 3218 2253 3282 in
2303 3216 2654 3304 arguendo,
2713 3221 2939 3281 tamen

832 3340 980 3384 cum
1039 3323 1397 3386 tractamus
1474 3318 1894 3384 difficultates
1967 3317 2246 3384 aliarum
2305 3318 2744 3396 scientiarum,
2804 3338 2938 3382 non

832 3421 1317 3488 consideramus
1360 3425 1575 3488 artem
1604 3418 2004 3499 Aristotelis,
2037 3420 2349 3506 quoniam
2391 3441 2526 3485 non
2571 3421 2806 3486 scimus
2849 3440 2938 3483 an

834 3524 1109 3608 quaestio
1148 3524 1487 3611 proposita
1516 3523 1605 3588 sit
1658 3520 1994 3610 problema
2039 3522 2122 3588 de
2157 3543 2392 3610 genere
2424 3522 2531 3588 vel
2573 3521 2797 3609 specie,
2830 3521 2940 3586 vel

836 3624 1101 3712 aliquod
1154 3627 1355 3692 aliud.
1450 3625 1687 3710 Neque
1730 3623 1970 3689 scimus
2023 3645 2156 3709 qua
2213 3625 2726 3690 consideratione
2788 3623 2939 3688 Ari—

837 3727 1092 3790 stotelis
1112 3727 1139 3762 ⁴
1200 3728 1285 3791 ad
1342 3725 1459 3790 illa
1502 3725 1912 3812 problemata
1961 3730 2247 3806 utamur,
2298 3749 2418 3792 nec
2463 3727 2770 3792 sciremus
2821 3725 2942 3791 hoc

842 3826 1147 3912 signare;
1200 3832 1269 3892 et
1316 3834 1542 3892 tamen
1590 3827 1829 3892 scimus
1883 3827 2062 3912 quod
2107 3827 2278 3893 bene
2321 3827 2674 3915 arguimus.
2765 3827 2942 3914 Ergo

838 3927 1021 3992 aliud
1076 3929 1371 4014 regimen
1420 3929 1737 4016 arguendi
1767 3928 2084 3994 habemus
2133 3951 2332 4016 quam
2372 3951 2488 4016 per
2533 3935 2743 3996 artem
2791 3929 2940 3994 Ari-

842 4029 1097 4096 stotelis
1162 4031 1441 4111 datum3
1526 4030 1641 4097 sed
1708 4052 1845 4096 non
1923 4036 2024 4096 est
2101 4032 2284 4097 aliud
2357 4053 2554 4117 quam
2613 4031 2938 4096 innatum.

844 4130 1267 4217 Relinquitur
1344 4133 1555 4218 igitur
1622 4133 1798 4218 quod
1857 4156 1899 4197 a
1957 4139 2196 4200 natura
2277 4133 2514 4199 scimus
2553 4153 2844 4219 arguere,
2875 4138 2944 4198 et

842 4232 1147 4298 similiter
1254 4233 1605 4301 dissolvere
1694 4241 2086 4322 argumenta
2167 4257 2286 4322 per
2366 4237 2943 4322 interemptionem

841 4335 1361 4424 propositionum
1423 4337 1753 4418 falsarum,
1813 4342 1884 4404 et
1942 4361 2060 4425 per
2104 4338 2496 4405 divisionem
2557 4344 2626 4405 et
2677 4339 2944 4405 distinc-

1274 4535 1342 4544 -ι-
2608 4540 2936 4552 ...ψ-

910 4666 925 4696 ¹
950 4665 1128 4732 loyica]
1166 4665 1200 4716 f.
1226 4665 1273 4717 3.
1298 4681 1341 4716 a.
1368 4665 1443 4717 ed.
1472 4661 1599 4718 Ven.
1622 4667 1765 4718 1520.
1993 4668 2013 4700 ⁸
2037 4671 2254 4738 primun]
2295 4671 2448 4737 prius,
2481 4663 2544 4720 Τ.

910 4745 931 4776 ⁸
948 4743 1078 4810 ltoec]
1114 4744 1224 4807 hoc,
1258 4741 1319 4795 B.
1993 4755 2008 4783 ⁴
2031 4751 2332 4816 Aristotelis]
2371 4749 2662 4816 Aristotele,
2698 4741 2758 4800 Τ.
