3517 5750
810 848 941 913 298
1568 864 1828 916 soom
1873 864 2166 916 memus
2741 851 2916 939 [cuv.

804 1038 1113 1103 maximis
1186 1040 1469 1105 ecclesiis
1542 1040 2054 1119 cathedralibus,
2115 1048 2186 1107 et
2257 1042 2411 1107 aliis
2469 1043 2760 1131 collegiis
2817 1044 2912 1109 fa-

806 1140 1049 1221 mosis3
1108 1141 1183 1205 in
1242 1140 1485 1227 quibus
1542 1148 1764 1209 totum
1821 1143 2110 1211 officium
2169 1144 2604 1213 confunditur
2645 1152 2915 1235 propter

808 1244 949 1311 haec
992 1242 1177 1323 vitia,
1224 1266 1375 1331 quae
1418 1246 1701 1313 nan-avi.

1584 1634 1750 1702 CAPs
1802 1631 2129 1703 LXXIII.

471 1874 658 1953 Effepts
680 1876 739 1927 of
892 1865 1037 1932 SED
1082 1864 1359 1931 vitiosus
1404 1866 1721 1931 mutandi
1763 1866 1999 1933 modus
2041 1886 2178 1932 non
2221 1866 2434 1932 solum
2483 1868 2904 1955 corrigendus

470 1956 645 1993 ”¹²⁸¹ss
802 1972 905 2033 est
970 1973 1041 2033 et
1098 1967 1427 2047 vitandus,
1482 1968 1686 2033 immo
1736 1969 1855 2055 qui
1905 1968 2032 2035 rite
2085 1970 2438 2036 institutus
2489 1975 2605 2047 est,
2659 1975 2740 2036 ut
2791 1991 2903 2035 en-

802 2070 1233 2149 harmonicas,
1264 2067 1465 2137 debet
1492 2070 1563 2135 in
1604 2071 1838 2137 melius
1877 2092 2132 2158 semper
2159 2073 2569 2139 commutari.
2659 2072 2906 2139 Multos

804 2175 979 2241 enim
1030 2174 1273 2262 gradus
1316 2172 1535 2251 habet,
1582 2178 1653 2239 et
1702 2172 1874 2238 nihil
1917 2174 2282 2260 perfectum
2327 2174 2402 2240 in
2449 2173 2758 2241 humanis
2803 2176 2906 2242 in-

802 2277 1224 2344 ventionibus
1266 2276 1605 2364 reperitur.
1717 2276 1810 2341 Et
1853 2281 2028 2342 certe
2073 2281 2340 2363 possent
2383 2282 2526 2344 tam
2575 2278 2906 2364 exquisite

801 2378 1180 2468 excogitari,
1240 2384 1311 2446 et
1384 2400 1531 2445 cum
1606 2382 1802 2445 tanta
1858 2378 2157 2466 potentia
2225 2380 2506 2459 musicae,
2565 2380 2744 2467 quod
2818 2380 2905 2445 ad

802 2504 1060 2549 omnem
1106 2482 1385 2569 gradum
1446 2482 1836 2561 devotionis,
1883 2502 2078 2566 quem
2129 2482 2458 2561 vellemne,
2507 2484 2906 2549 excitaretur

800 2586 1079 2672 populus
1138 2584 1597 2666 Christianus3
1658 2584 1986 2671 praecipue
2044 2584 2103 2651 si
2165 2584 2610 2652 instrumenta
2665 2586 2904 2652 fierent

800 2687 1137 2753 musicalia
1181 2687 1539 2753 secundum
1590 2686 1790 2773 hujus
1841 2686 2130 2754 scientiae
2181 2708 2436 2763 arcana,
2489 2692 2903 2755 caeterarum-

801 2810 931 2876 que
986 2790 1279 2877 partium
1340 2790 1605 2856 musices
1673 2789 2140 2877 praedictarum
2153 2788 2172 2827 ¹
2227 2790 2442 2855 virtus
2491 2791 2902 2879 jungeretur,

800 2897 879 2956 ut
923 2913 1061 2959 non
1106 2893 1321 2958 solum
1378 2897 1613 2958 cantus
1664 2898 2095 2982 promoveret,
2125 2893 2261 2959 sed
2317 2894 2516 2959 simul
2565 2915 2716 2960 cum
2775 2915 2853 2960 eo
2875 2895 2904 2932 ⁹

798 2995 1006 3061 totius
1048 2995 1316 3062 musicae
1358 2999 1649 3082 potestas
1694 2995 2026 3081 exquisita
2067 2995 2376 3064 humanae
2418 2996 2719 3063 melodiae
2761 3017 2902 3063 mo-

797 3097 979 3164 tibus
1028 3095 1474 3164 consimilibus
1526 3102 1595 3164 et
1644 3096 2180 3184 proportionibus
2231 3099 2594 3186 aequalibus
2653 3099 2902 3166 confor-

460 3206 563 3284 1301·
584 3207 736 3258 devo·
796 3207 1103 3269 mai-etur.
1210 3201 1303 3267 Et
1346 3201 1495 3268 ideo
1541 3200 1868 3288 sapientes
1925 3201 2206 3287 antiqui,
2257 3207 2340 3268 ut
2389 3201 2778 3289 patriarchen
2829 3207 2902 3269 et

460 3281 581 3326 ‘¹⁰¹¹‘
794 3303 1145 3392 prophetae,
1190 3303 1676 3370 adinvenerunt
1718 3303 1936 3369 multa
1949 3303 1978 3342 ⁸
2035 3303 2274 3390 quibus
2325 3305 2643 3392 populum
2685 3305 2898 3371 rudis-

796 3407 1035 3474 simum
1074 3407 1163 3474 ad
1204 3427 1515 3495 magnam
1554 3405 1973 3472 devotionem
2019 3405 2480 3488 deducebant}
2524 3411 2602 3474 ut
2647 3407 2900 3474 Textus

794 3529 974 3576 sacer
1014 3509 1089 3578 in
1131 3510 1442 3598 psalterio
1486 3509 1664 3587 satis,
1708 3515 1778 3574 et
1819 3507 1892 3574 in
1935 3509 2092 3575 locis
2135 3507 2434 3596 pluribus
2475 3508 2640 3588 aliis,
2687 3511 2898 3575 mani-

792 3612 1009 3679 festat.
1106 3611 1175 3678 N
1176 3635 1284 3678 am
1336 3617 1407 3678 et
1452 3613 1594 3699 ipse
1624 3609 1905 3677 Elisaeus
1952 3611 2274 3699 propheta
2315 3611 2520 3698 jussit
2565 3611 2847 3698 psaltem
2869 3609 2898 3648 ⁶

793 3714 1049 3797 adduci,
1097 3719 1177 3780 ut
1228 3715 1316 3780 ad
1364 3714 1505 3801 ejus
1553 3713 1906 3780 melodiam
1966 3735 2102 3780 non
2161 3713 2374 3780 solum
2431 3721 2774 3801 raperetur
2823 3715 2900 3781 in

793 3815 1225 3894 devotionem,
1275 3817 1391 3882 sed
1438 3821 1521 3880 ut
1570 3815 1657 3882 ad
1702 3816 2140 3883 revelationes
2191 3815 2452 3882 divinas
2495 3817 2687 3884 fieret
2733 3839 2898 3904 prse-

790 3922 1075 4004 paratus.
1168 3917 1279 3984 Sic
1328 3917 1562 3984 beatus
1602 3918 1988 3985 Franciscus
2021 3917 2226 4005 jussit
2267 3919 2462 3986 fi-atri
2513 3918 2898 4005 cytharistse

790 4025 871 4085 ut
929 4019 1183 4086 dulcius
1255 4025 1651 4108 personaret,
1714 4025 2046 4108 quatenus
2105 4042 2292 4088 mens
2349 4021 2750 4088 excitaretur
2807 4022 2894 4087 ad

790 4123 1168 4189 harmonias
1226 4123 1537 4203 coelestes,
1595 4145 1758 4211 quas
1817 4124 2062 4212 pluries
2119 4123 2400 4190 audivit.
2495 4124 2671 4190 Mira
2717 4126 2895 4191 enim

788 4225 1055 4294 musicae
1114 4247 1309 4315 super
1382 4247 1609 4294 omnes
1672 4226 1980 4293 scientias
1995 4223 2024 4263 ⁶
2079 4229 2182 4293 est
2239 4232 2310 4293 et
2367 4228 2722 4316 spectanda
2781 4247 2895 4315 po·

856 4603 873 4638 ¹
888 4605 1263 4673 proeclictarnm]
1301 4619 1401 4657 om.
1426 4603 1488 4656 Τ.
1955 4601 1974 4634 ⁴
1997 4599 2316 4672 deduc-chaat]
2355 4607 2672 4668 reducebant,
2695 4605 2756 4658 B.
2782 4594 2844 4658 Τ.

852 4685 1256 4752 'simule-umen]
1294 4682 1667 4748 utcumes,'1'.
1953 4683 2539 4751 *pmumjpmlteam

860 4767 883 4798 ⁸
896 4764 1071 4833 multa]
1108 4767 1337 4830 multum,
1358 4765 1421 4816 B.
1959 4764 1979 4794 ⁸
1997 4781 2143 4830 super
2164 4779 2322 4816 omnes
2341 4765 2600 4832 scientias]
2637 4781 2737 4818 om.
2763 4765 2824 4818 Ta
