3517 5750
597 868 791 955 xm]
1418 882 1595 933 orus
1638 883 1960 935 mum
2576 868 2703 933 149

1447 1324 1603 1392 CAP.
1636 1326 1857 1391 XLII.

687 1537 1025 1619 QUOMAM
1076 1532 1231 1605 'vero
1284 1543 1505 1605 motus
1556 1544 1976 1605 mensuratur
2027 1562 2071 1603 a
2129 1543 2422 1627 tempore
2473 1545 2544 1605 et
2603 1544 2704 1605 est
2729 1560 3040 1615 Themotion

597 1664 995 1729 consequens
1052 1642 1139 1706 ad
1213 1643 1573 1723 materiam,
1637 1642 1794 1707 licet
1867 1666 1910 1707 a
1981 1642 2194 1729 longe,
2259 1648 2330 1708 et
2387 1644 2704 1709 veritates
2728 1628 2790 1707 ‘3‘
2803 1630 2974 1680 '’⁰⁶⁵oe

600 1745 927 1831 praeelarae
998 1750 1157 1809 sunt
1245 1745 1417 1810 cirea
1490 1750 1743 1810 motum
1836 1745 2344 1831 figurationibus
2418 1744 2708 1831 pulchris

602 1847 1055 1927 describendae,
1099 1846 1245 1912 ideo
1291 1868 1399 1911 eas
1444 1846 1789 1933 explicavi,
1837 1851 1906 1911 et
1950 1846 2170 1934 posui¹
2210 1847 2466 1914 radices
2509 1848 2709 1911 unius

600 1950 885 2015 scientiae
914 1971 1191 2035 magnae,
1224 1971 1371 2034 quae
1401 1953 1675 2013 vocatur
1710 1948 1984 2014 seientia.
2023 1948 2105 2014 de
2137 1950 2555 2036 ponderibus,
2587 1950 2709 2015 hoo

605 2058 704 2118 est
752 2052 831 2117 de
876 2052 1167 2116 motibus
1212 2051 1517 2138 gravium
1562 2055 1631 2115 et
1674 2049 1940 2116 levium.
2033 2050 2124 2116 Et
2169 2052 2309 2117 haeo
2350 2050 2709 2116 Distinetio

604 2160 705 2220 est
752 2154 833 2220 de
867 2154 1345 2241 pulchrioribus
1397 2176 1544 2241 quae
1594 2153 1764 2233 misi,
1811 2158 1880 2219 et
1927 2153 2218 2218 multum
2271 2154 2438 2219 utile
2487 2158 2587 2218 est
2639 2154 2709 2217 in

606 2257 1018 2323 naturalibus
1062 2255 1380 2338 sciendis3
1426 2256 1539 2320 sed
1570 2254 1812 2342 vulgus
1841 2260 2062 2320 totum
2091 2255 2214 2321 hoc
2257 2256 2538 2343 ignorat.
2617 2256 2710 2321 Et

606 2382 783 2425 nunc
811 2359 982 2425 addo
1012 2359 1235 2445 aliqua
1264 2358 1351 2423 ad
1380 2357 1537 2437 haee,
1571 2380 1721 2443 quae
1760 2379 1898 2423 non
1937 2358 2124 2445 posui
2156 2358 2333 2438 alibi,
2367 2358 2440 2423 in
2470 2357 2710 2443 quibus

606 2468 784 2528 errat
828 2462 1113 2549 vulgus3
1162 2465 1230 2526 et
1282 2482 1491 2525 unum
1532 2460 1708 2547 quod
1756 2466 2008 2526 eertum
2061 2460 2240 2547 apud
2272 2460 2549 2527 Latinos
2594 2482 2712 2525 na-

607 2565 853 2630 turales
904 2586 1039 2630 non
1094 2568 1238 2628 est:
1300 2584 1387 2627 an
1435 2570 1657 2629 motus
1714 2563 2020 2650 gravium
2069 2567 2138 2629 et
2195 2562 2445 2628 levium
2505 2565 2712 2650 possit·

2731 1710 2785 1746 ln
2808 1711 3037 1747 vacuum.

606 2668 749 2733 fieri
792 2668 863 2731 in
908 2666 1125 2733 medio
1154 2688 1375 2731 vacuo,
1467 2666 1533 2730 N
1536 2687 1643 2729 am
1687 2672 1843 2731 ante
1874 2666 2300 2732 Aristotelem
2343 2666 2712 2753 philosophi
2734 2683 2868 2734 How
2888 2685 2974 2737 the

606 2774 967 2856 posuerunt
1051 2790 1335 2833 vacuum
1409 2768 1483 2831 in
1555 2768 1802 2833 mundo
1891 2772 2157 2854 propter
2223 2774 2496 2847 motum,
2571 2790 2708 2834 non

2732 2751 2889 2802 belief
2901 2753 2956 2803 in
2978 2768 3011 2803 a

2732 2833 2948 2869 vaenum

608 2872 1007 2938 aestimantes
1054 2869 1228 2958 quod
1280 2875 1499 2936 motus
1548 2868 1776 2936 localis
1825 2870 2033 2958 possit
2079 2893 2216 2938 esse
2263 2871 2404 2938 sine
2458 2894 2662 2940 vacuo
2690 2897 2886 2954 ςιωεο.

610 2975 767 3060 quia,
838 2975 896 3040 si
952 2973 1027 3039 in
1098 2972 1292 3059 pleno
1352 2973 1438 3037 sit
1516 2977 1751 3050 motuS,
1812 2973 2177 3059 arguebant
2236 2975 2368 3042 duo
2442 2997 2712 3063 corpora

611 3099 747 3142 esse
822 3077 1018 3142 simul
1092 3076 1163 3139 in
1238 3074 1467 3140 eodem
1541 3073 1701 3152 loco,
1780 3075 1956 3160 quod
2031 3098 2168 3142 esse
2257 3099 2394 3144 non
2475 3083 2710 3165 potest.

616 3179 937 3258 Quaerunt
975 3175 1231 3264 igitur,2
1267 3199 1355 3242 an
1408 3177 1483 3242 in
1526 3183 1838 3263 tempore,
1888 3179 1996 3244 vel
2047 3179 2117 3244 in
2171 3179 2468 3258 instanti,
2524 3181 2715 3246 fieret

610 3281 779 3368 lapis
830 3305 873 3347 a.
919 3280 1083 3346 coelo
1136 3279 1210 3344 in
1258 3285 1524 3356 terram,
1576 3279 1633 3343 si
1670 3301 1952 3344 vacuum
2004 3287 2174 3347 esset
2218 3282 2290 3346 in
2338 3281 2571 3359 medie,
2617 3283 2716 3348 ita

612 3384 789 3471 quod
820 3383 1077 3449 nullum
1108 3379 1377 3468 eorpus³
1414 3381 1734 3460 naturale,
1767 3382 1882 3448 sed
1926 3383 2213 3469 spatium
2243 3404 2542 3448 vacuum.
2624 3384 2715 3449 Et

614 3486 950 3552 aestimant
989 3485 1259 3572 quidam
1301 3484 1479 3571 quod
1514 3484 1588 3549 in
1630 3484 1933 3564 instanti,
1971 3491 2041 3549 et
2086 3485 2212 3550 erit
2250 3483 2538 3550 mutatio
2581 3505 2718 3550 non

614 3594 885 3670 motus3
946 3588 1215 3676 quidam
1276 3586 1451 3675 quod
1510 3586 1582 3651 in
1642 3593 1934 3674 tempore
1993 3591 2063 3652 et
2121 3586 2247 3652 erit
2305 3592 2524 3652 motus
2581 3609 2717 3652 non

614 3693 916 3772 mutati0,
994 3691 1153 3779 quia
1210 3689 1493 3756 mutatio
1567 3693 1668 3756 est
1725 3689 1800 3755 in
1857 3689 2156 3771 instanti,
2217 3695 2288 3757 et
2357 3693 2578 3756 motus
2643 3690 2716 3755 in

620 3802 911 3884 tempore
970 3795 1328 3861 secundm
1387 3792 1739 3860 naturales.
1892 3791 2068 3858 Nam
2127 3793 2226 3859 illi
2287 3794 2401 3881 qui
2460 3798 2719 3882 ponunt

619 3897 693 3963 in
760 3895 1044 3964 instanti
1116 3900 1405 3984 arguunt
1466 3896 1599 3962 sie:
1684 3893 2079 3962 Aristoteles
2154 3896 2566 3964 demonstrat
2645 3899 2718 3963 in

610 3999 833 4067 littera
897 4023 978 4066 se,
1033 4004 1273 4086 quarto
1319 3999 1772 4086 Physieorum,
1821 3999 2110 4085 capitulo
2164 3999 2246 4065 de
2289 3999 2548 4078 vacuo‚⁴
2591 4000 2716 4066 sub

616 4101 721 4170 his
767 4101 1003 4169 verbis,
1099 4109 1135 4137 “
1156 4101 1363 4167 Vacui
1412 4103 1499 4166 ad
1551 4101 1820 4189 plenum
1863 4123 1998 4167 non
2042 4105 2143 4167 est
2202 4103 2555 4190 proportio,
2601 4102 2718 4169 sed

617 4213 655 4243 “
701 4205 1050 4293 cujuslibet
1094 4204 1408 4291 temporis
1454 4203 1540 4268 ad
1585 4203 1769 4270 aliud
1814 4209 1915 4270 est
1959 4207 2293 4292 proportio
2305 4229 2324 4284 ;
2373 4211 2443 4273 et
2487 4227 2718 4294 eorpus

618 4317 654 4347 “
700 4315 1007 4376 movetur
1068 4309 1137 4374 in
1201 4315 1495 4394 tempore
1554 4307 1779 4393 aliquo
1844 4308 1916 4372 in
1974 4310 2220 4395 pleno;
2280 4331 2436 4397 ergo
2510 4308 2569 4376 si
2643 4309 2718 4375 in

620 4419 657 4450 ‘³
702 4434 909 4480 vacuo
954 4416 1348 4489 moveretur,
1395 4429 1531 4475 non
1590 4409 1781 4476 fieret
1824 4410 1894 4474 in
1941 4416 2248 4496 tempore,
2305 4411 2422 4476 sed
2467 4411 2538 4475 in
2581 4433 2718 4476 non

823 4617 1158 4624 ffl———u-
1180 4615 1272 4622 *φ

690 4729 703 4758 ¹
726 4727 893 4794 posui]
923 4729 1063 4794 Opus
1087 4726 1271 4792 Mnjus,
1296 4741 1345 4793 p.
1371 4731 1453 4779 09.
1760 4726 1779 4756 ¹
1795 4725 1996 4794 corpus]
2023 4735 2234 4793 tempuS,
2255 4727 2319 4780 L.

690 4809 708 4838 ¹
730 4807 903 4874 ἱρέων]
942 4822 1078 4874 ergo,
1114 4807 1176 4857 Τ.
1756 4807 1774 4837 ⁴
1799 4805 2013 4873 capitulo
2033 4807 2093 4859 de
2117 4809 2296 4876 vacuo]
2325 4824 2429 4875 cap.
2455 4807 2558 4860 viii·
