3517 5750
550 870 745 963 vm]
1221 880 1687 937 consumuat
1728 882 1985 938 srunn.
2526 872 2662 944 46⁷

548 1062 692 1131 Nos
734 1062 939 1131 etiam
982 1062 1305 1143 videmus,
1352 1063 1529 1149 quod
1574 1084 1727 1129 cum
1793 1063 2024 1131 eadem
2078 1061 2310 1152 lingua
2351 1068 2514 1131 sunt
2555 1066 2662 1131 di-

548 1188 739 1235 versa
788 1167 1125 1251 idiomata,
1174 1166 1249 1233 id
1294 1170 1413 1245 est,
1472 1165 1657 1231 modi
1714 1170 1786 1233 et
1835 1166 2270 1253 proprietates
2323 1166 2658 1255 loquendi,

547 1274 627 1337 ut
670 1270 745 1336 in
787 1270 1073 1357 Anglico
1100 1269 1282 1357 apud
1324 1269 1635 1349 boreales,
1666 1272 1739 1335 et
1781 1270 2130 1352 australes,
2175 1275 2246 1337 et
2289 1271 2660 1353 orientales,

548 1377 619 1439 et
662 1372 1133 1453 occidentales3
1206 1372 1281 1436 in
1356 1370 1637 1438 Francia
1708 1372 1892 1460 apud
1943 1372 2272 1454 Pioardos,
2351 1378 2422 1441 et
2485 1374 2660 1441 Nor-

549 1496 839 1555 mannos,
902 1480 972 1542 et
1052 1496 1251 1563 puros
1310 1472 1615 1555 Gallicos,
1676 1479 1747 1541 et
1821 1474 2231 1563 Burgundos‚
2308 1477 2378 1544 et
2455 1476 2658 1559 alios3

548 1582 774 1645 tamen
832 1579 1012 1665 quod
1108 1577 1279 1645 bene
1356 1582 1549 1644 sonat
1623 1580 1695 1643 et
1760 1578 2020 1665 proprie
2097 1578 2275 1665 apud
2356 1578 2660 1645 homines

546 1682 747 1747 unius
812 1680 1165 1760 idiomatis,
1233 1679 1407 1746 male
1458 1683 1653 1746 sonat
1696 1685 1768 1747 et
1825 1679 2182 1768 improprie
2239 1682 2418 1768 apud.
2475 1682 2658 1749 alios.

546 1783 769 1871 Igitur
808 1785 1047 1850 merito
1092 1784 1307 1870 magis
1350 1782 1591 1849 accidit
1639 1782 1781 1849 haec
1810 1782 2138 1849 discordia
2185 1787 2254 1851 et
2291 1784 2660 1871 proprietas

546 1887 621 1952 in
648 1886 893 1974 linguis
922 1885 1189 1952 omnino
1235 1884 1527 1951 diversis.
1604 1882 2025 1973 Quapropter
2051 1906 2190 1953 non
2219 1891 2322 1953 est
2349 1886 2658 1973 possibile

546 1994 627 2055 ut
672 1991 850 2077 quod
888 1990 965 2055 in
1008 2010 1144 2055 una
1188 1988 1421 2075 lingua
1462 1987 1826 2054 secundum
1889 1989 2363 2076 proprietatem
2406 1988 2656 2055 factum

546 2096 665 2172 est,
712 2092 1077 2180 explicetur
1118 2092 1381 2180 proprie
1425 2096 1495 2157 et
1538 2092 1860 2157 veraciter
1901 2091 1978 2156 in
2019 2092 2194 2173 alia3
2247 2094 2318 2158 et
2368 2092 2656 2163 maxime

544 2196 627 2261 de
668 2195 977 2275 scientiis,
1025 2216 1175 2281 quae
1218 2197 1378 2259 sunt
1422 2192 1847 2259 difficultates
1889 2214 1977 2259 ex
2019 2194 2262 2281 seipsis.
2697 2268 2708 2279 ,

634 2296 835 2365 Nona
892 2298 1067 2363 ratio
1128 2301 1231 2363 est
1290 2296 1467 2382 quod
1508 2296 1814 2363 videmus
1871 2296 1946 2362 in
2003 2297 2312 2363 omnibus
2359 2296 2652 2365 scientiis
2675 2304 2787 2357 The
2809 2309 2898 2361 sth

544 2400 881 2467 translatis
941 2400 1119 2487 quod
1169 2398 1490 2465 vocabula
1536 2398 1834 2485 priorum
1879 2398 2276 2487 linguarum,
2322 2422 2650 2468 remanse-
2674 2388 2974 2495 fflgcoe,

544 2508 705 2569 runt
746 2504 1027 2581 infinita,
1076 2507 1155 2567 ut
1198 2502 1273 2567 in
1314 2506 1511 2567 textu
1560 2500 1707 2567 Dei.
1799 2502 1894 2568 Et
1936 2503 2030 2568 sic
2073 2503 2150 2569 in
2191 2504 2532 2583 medicina,
2581 2510 2651 2572 et
2673 2506 2774 2573 city
2795 2509 2850 2557 in
2873 2512 2942 2561 au

540 2606 617 2671 in
662 2604 1095 2685 naturalibus,
1138 2609 1208 2671 et
1252 2604 1322 2668 in
1376 2604 1683 2669 omnibus
1735 2605 2236 2687 mathematicis,
2283 2612 2356 2674 et
2395 2608 2470 2672 in
2511 2628 2651 2673 om·
2671 2576 2994 2711 33:¹52?ss

543 2708 757 2773 nibus.
846 2708 914 2773 N
918 2728 989 2774 ec
1034 2708 1257 2794 potuit
1284 2706 1479 2773 aliter
1518 2727 1674 2787 esse,
1708 2707 1866 2793 quia
1907 2708 2336 2775 translatores
2367 2731 2503 2775 non
2545 2710 2650 2775 in-
2675 2711 2866 2759 certain

544 2815 871 2878 venerunt
916 2811 987 2876 in
1032 2810 1265 2898 lingua
1314 2809 1555 2876 Latina
1602 2809 1922 2877 vocabula
1963 2810 2356 2878 sufficientia
2401 2812 2648 2900 linguis
2673 2778 2958 2897 ffiffiss?

544 2907 891 2992 extraneis,
944 2935 1067 2980 nec
1124 2917 1486 3000 potuerunt
1542 2933 1723 2978 nova
1782 2914 2102 2981 vocabula
2158 2915 2404 2982 Latina
2459 2915 2650 2982 adin-
2670 2910 2757 2962 *ΒΘ
2767 2914 2995 2980 original.

545 3018 817 3098 venire;
870 3022 939 3084 et
982 3016 1133 3082 ideo
1177 3035 1439 3082 necesse
1484 3019 1587 3081 est
1630 3016 1810 3101 quod
1853 3017 2148 3084 scientiae
2190 3018 2532 3084 translatae
2576 3019 2653 3085 in

548 3119 863 3185 Latinum
906 3120 1297 3207 ignorentur
1332 3117 1421 3184 ab
1462 3117 1573 3197 eis,
1607 3118 1725 3204 qui
1767 3117 2030 3206 linguas
2067 3120 2232 3186 alias
2275 3142 2412 3187 non
2455 3142 2658 3188 nove-

546 3227 717 3288 runt.
811 3221 1055 3288 Medici
1096 3220 1277 3287 enim
1306 3219 1381 3286 in
1422 3225 1687 3308 recepta
1722 3221 2098 3288 medicinali
2137 3223 2496 3290 inveniunt
2524 3223 2660 3290 fere

548 3325 771 3390 omnia
796 3324 1121 3391 vocabula
1148 3323 1517 3402 herbm,
1568 3328 1639 3390 et
1682 3323 2064 3409 specierum,
2112 3329 2181 3390 et
2225 3325 2506 3392 aliarum
2555 3349 2658 3392 re-

547 3449 697 3494 rum
771 3427 1261 3493 medicinalium
1337 3427 1419 3491 de
1493 3426 1641 3491 aliis
1717 3426 1966 3514 linguis
2023 3427 2134 3492 vel
2214 3449 2334 3514 pro
2411 3451 2658 3516 magna

550 3537 779 3618 parte;
824 3534 895 3595 et
940 3531 1089 3596 ideo
1134 3551 1269 3595 non
1300 3533 1578 3616 possunt
1608 3529 1974 3616 intelligere
2018 3529 2178 3614 quid
2207 3530 2366 3595 libri
2409 3531 2656 3614 dicant,

550 3655 670 3699 nec
758 3633 1011 3720 operari
1088 3632 1447 3698 secundum
1501 3631 1679 3716 quod
1748 3651 1856 3697 ars
1917 3631 2264 3698 medicinae
2351 3634 2652 3720 requirit.

551 3735 874 3801 Similiter
918 3737 991 3800 in
1050 3735 1375 3813 omnibuS,
1407 3739 1477 3800 et
1506 3732 1797 3799 maximo
1849 3734 1924 3797 in
1984 3733 2204 3801 Textu
2265 3734 2478 3814 Sacro,
2541 3737 2654 3802 ubi

552 3838 773 3904 omnia
816 3838 1139 3904 vocabula
1202 3857 1629 3924 personarum
1714 3841 1786 3904 et
1860 3837 2170 3916 locorum,
2232 3844 2474 3925 praeter
2523 3839 2656 3906 alia

550 3940 1079 4022 innumerabilia,
1138 3946 1299 4007 sunt
1348 3941 1593 4020 (lh-seca,
1640 3940 1751 4007 vel
1799 3938 2102 4020 Arabica,
2179 3942 2290 4008 vel
2351 3941 2653 4010 Hebraea„

552 4043 789 4130 Sicque
847 4049 947 4109 est
998 4045 1071 4108 in
1138 4045 1559 4123 astronomia,
1636 4043 1729 4109 sic
1811 4043 2016 4109 etiam
2061 4043 2135 4109 in
2183 4043 2476 4127 alkimia,
2531 4047 2654 4112 sic·-

552 4169 680 4233 que
752 4147 1041 4212 maxime
1116 4146 1189 4211 in
1280 4145 1584 4210 omnibus
1664 4146 1958 4212 scientiis
2015 4146 2295 4212 utilibus
2345 4153 2416 4213 et
2471 4169 2654 4236 mag-

550 4248 765 4316 nificis
822 4249 1164 4335 reperitur.
1286 4247 1464 4313 Sunt
1533 4247 1739 4313 etiam
1817 4249 2138 4314 vocabula
2195 4249 2657 4336 quamplurina

552 4351 635 4416 de
716 4351 947 4438 lingua
1006 4349 1459 4430 Lombardica,
1524 4355 1594 4415 et
1674 4349 2056 4437 Hispanica,
2131 4356 2204 4418 et
2261 4351 2408 4418 aliis
2469 4352 2656 4418 Lati-

550 4473 785 4518 norum
846 4453 1093 4540 linguis
1142 4453 1361 4539 posita
1412 4453 1485 4516 in
1530 4453 1723 4518 libris
1760 4453 2146 4536 translatis3
2215 4459 2297 4519 ut
2343 4459 2442 4520 est
2484 4454 2654 4520 fflud

550 4556 629 4621 de
698 4555 1180 4643 vegetabilibus
1234 4555 1661 4637 Aristotelis3
1715 4553 2028 4622 belenum
2078 4557 2154 4620 in
2200 4555 2464 4621 Perside
2505 4579 2652 4644 per-

545 4659 1068 4740 niciosissimum,
1121 4659 1681 4745 transplantatum
1748 4657 2166 4724 Hierusalem
2239 4657 2486 4724 factum
2553 4665 2654 4726 est

549 4761 964 4829 comestibile.
1058 4761 1253 4844 Quod
1305 4783 1453 4828 cum
1507 4761 1638 4849 legi
1680 4760 1752 4826 in
1813 4761 2049 4828 scholis
2095 4759 2275 4840 meis,
2321 4765 2390 4826 et
2447 4762 2651 4830 nesci-

2183 4879 2232 4928 o
2259 4877 2308 4928 a
2337 4867 2379 4930 2
