3517 5750
896 840 986 904 20
1643 846 1899 902 noema
1944 845 2235 898 mcoms
2829 827 3006 916 [cst.

902 1023 1082 1088 Nam
1154 1021 1416 1088 utilitas
1487 1018 1919 1107 philosophiae
1988 1021 2091 1082 est
2148 1020 2448 1104 respectu
2522 1013 2889 1102 theologiae,
2940 1017 3009 1080 et

903 1124 1204 1202 ecclesiae,
1251 1131 1322 1189 et
1379 1121 1773 1209 reipublicae,
1836 1124 1905 1186 et
1974 1117 2417 1186 conversionis
2490 1116 2878 1197 infidelium,
2940 1121 3011 1182 et

903 1225 1382 1314 reprobationis
1411 1245 1654 1306 eorum,
1687 1223 1805 1308 qui
1830 1221 2127 1288 converti
2156 1242 2292 1286 non
2334 1223 2621 1308 possunt.
2713 1219 2807 1286 Et
2834 1222 3011 1284 certe

905 1329 1010 1394 hae
1057 1328 1384 1393 utilitates
1434 1332 1595 1392 sunt
1635 1345 1898 1412 magnae
1950 1329 2021 1389 et
2068 1322 2297 1387 multis
2340 1321 2556 1387 modis
2598 1321 2895 1401 variatae,
2940 1325 3011 1386 et

905 1429 1056 1494 ideo
1086 1429 1395 1516 indigent
1422 1432 1715 1494 tractatu
1743 1430 2048 1513 separato
2078 1447 2121 1490 a
2148 1422 2545 1491 tractatibus
2587 1423 3011 1490 scientiarum

906 1553 1199 1618 proprus.

1001 1631 1275 1713 Iterum,
1324 1654 1462 1698 non
1511 1629 1722 1696 solum
1766 1634 1869 1695 est
1911 1628 2174 1694 utilitas
2222 1625 2357 1694 ista
2399 1626 2795 1715 quintuplex
2836 1625 3011 1692 radi-

911 1735 1087 1810 calis,
1137 1755 1286 1820 quae
1343 1733 1548 1799 habet
1597 1753 1813 1798 ramos
1859 1751 2046 1817 paene
2096 1729 2623 1810 innumerabiles,
2668 1729 2785 1794 sed
2839 1751 3015 1815 quse·

913 1836 1082 1902 libet
1131 1857 1282 1922 pars
1341 1833 1773 1922 philosophiae
1834 1837 1935 1898 est
1992 1831 2181 1898 utilis
2231 1836 2535 1918 respectu
2592 1830 2884 1913 alterius,
2932 1838 3014 1898 ut

911 1936 1187 2024 praedixi
1214 1961 1232 2018 ;
1275 1957 1397 2002 nec
1423 1940 1644 2023 potest
1671 1956 1808 1999 una
1836 1933 1979 2000 sine
2006 1932 2141 1998 alia
2166 1931 2361 1999 sciri.¹
2454 1933 2545 1998 Et
2585 1933 2729 2000 haec
2754 1933 3016 1998 utilitas

915 2046 1017 2106 est
1053 2038 1406 2126 multiplex
1449 2047 1518 2104 et
1560 2035 1849 2124 magna?
1878 2041 1948 2102 et
1989 2035 2194 2101 habet
2222 2033 2641 2102 difficultates
2685 2035 2903 2102 varias
2946 2041 3016 2100 et

917 2142 1220 2230 grandes,
1257 2145 1526 2228 propter
1569 2140 1748 2228 quod
1796 2143 2129 2206 tractatus
2178 2137 2543 2224 requiritur
2588 2137 2887 2226 specialis
2931 2138 3015 2203 de

917 2243 1021 2310 his
1049 2242 1476 2310 utilitatibus.

1798 2597 1956 2666 Gir.
2004 2597 2121 2665 VI.

589 2783 711 2838 Men
722 2789 882 2856 easily
1014 2789 1155 2856 SED
1239 2785 1398 2876 quia
1469 2787 1767 2853 homines
1834 2789 2136 2854 nesciunt
2203 2787 2528 2852 utilitates
2590 2786 3016 2875 philosophiae

584 2854 660 2923 fiy
676 2857 754 2907 off
766 2857 900 2910 stom

585 2924 672 2973 the
689 2926 883 2988 parauit
924 2892 1189 2981 primas,
1234 2892 1384 2957 ideo
1433 2889 1807 2977 despiciunt
1850 2891 2096 2957 multas
2147 2890 2453 2957 scientias
2512 2891 2891 2977 magnificas
2950 2897 3021 2957 et

587 2989 649 3038 of
655 2990 866 3053 scienca

585 3056 648 3105 of
659 3056 830 3109 which

923 2993 1405 3083 pulcherrimas,
1461 2997 1531 3058 et
1593 2991 1840 3072 dicunt,
1890 2998 1925 3027 “
1947 2991 2128 3073 Quid
2170 2990 2353 3058 valet
2394 2992 2536 3058 haec
2576 2992 2865 3071 scientia,
2910 2994 3019 3059 vel

584 3122 707 3188 they
731 3126 798 3173 <10
811 3131 903 3177 not
925 3104 965 3134 “
1008 3096 1124 3162 illa
1141 3098 1168 3161 2
1186 3095 1222 3122 ’³
1273 3092 1643 3171 deridendo,
1691 3098 1761 3159 et
1804 3114 1938 3159 non
1982 3098 2063 3159 ut
2121 3094 2477 3161 addiscant.
2591 3093 2661 3160 N
2662 3118 2733 3163 ec
2784 3096 3019 3161 volunt

587 3188 774 3256 clearly
789 3206 878 3271 ,⁸⁶0
923 3198 1306 3277 auscultare,
1353 3198 1422 3261 et
1465 3200 1732 3282 propter
1774 3195 1897 3261 hoc
1940 3194 2303 3261 excludunt
2342 3194 2487 3261 illas
2532 3196 2835 3263 scientias
2864 3220 2905 3263 a
2932 3219 3018 3277 se,

586 3255 672 3305 thc
695 3258 876 3324 utihty.

922 3307 992 3367 et
1040 3300 1472 3366 contemnunt
1523 3318 1648 3362 eas.
1741 3294 2061 3363 Similiter
2122 3299 2204 3363 de
2255 3297 2661 3364 utilitatibus
2724 3299 3019 3365 secundis

921 3403 1175 3469 accidit.
1268 3400 1446 3465 Nam
1475 3398 2013 3486 philosophantes
2056 3398 2159 3465 his
2203 3399 2450 3476 diebuS,
2484 3402 2747 3486 quando
2778 3400 3022 3467 dicitur

921 3504 1017 3570 eis
1065 3503 1244 3590 quod
1287 3502 1499 3567 sciant
1542 3500 2036 3587 perspectivam,
2088 3506 2207 3566 aut
2254 3502 2701 3587 geometriam,
2732 3508 2851 3567 aut
2893 3502 3017 3567 lin·

921 3628 1101 3694 guas,
1165 3608 1234 3670 et
1296 3604 1426 3669 alia
1492 3602 1722 3681 multa,
1785 3608 2095 3689 quaerunt
2167 3624 2315 3669 cum
2390 3604 2727 3685 derisione,
2776 3611 2818 3641 “
2840 3603 3019 3686 Quid

925 3714 966 3743 ‘⁴
1006 3707 1236 3773 valent
1277 3706 1418 3770 haec
1439 3708 1465 3769 ‘C
1489 3702 1524 3731 ''
1599 3710 1959 3770 asserentes
2021 3705 2195 3790 quod
2264 3704 2532 3771 inutilia
2595 3712 2769 3773 sunt.
2879 3706 2947 3771 N
2948 3728 3021 3773 ec

921 3808 1162 3874 volunt
1217 3806 1447 3872 audire
1505 3827 1870 3873 sermonem
1938 3806 2021 3871 de
2082 3807 2418 3887 utilitate;
2482 3807 2585 3873 et³
2627 3808 2773 3874 ideo
2816 3808 3021 3896 negli-

921 3914 1094 3997 gunt
1177 3913 1248 3973 et
1338 3913 1770 3973 contemnunt
1857 3908 2162 3975 scientias
2255 3931 2417 3995 quas
2496 3910 2822 3997 ignorant,
2927 3912 3020 3976 Et

923 4008 1278 4096 aliquando
1318 4008 1557 4075 accidit
1602 4008 1779 4095 quod
1840 4009 2045 4096 aliqui
2098 4010 2326 4077 dicunt
2387 4032 2456 4077 se
2514 4012 2683 4077 velle
2740 4010 3025 4077 libenter

923 4113 1084 4178 scire
1136 4109 1512 4195 hujusmodi
1555 4110 1901 4193 scientias3
1969 4111 2085 4177 sed
2150 4111 2465 4177 deficiunt
2538 4111 2712 4179 infra
2781 4134 3025 4200 paucos

923 4213 1079 4292 dies,
1141 4212 1297 4299 quia
1359 4232 1494 4277 non
1551 4210 1804 4277 .vident
1876 4211 2239 4279 utilitatem
2283 4214 2544 4279 illarum
2588 4206 3023 4281 scientiarum}

925 4314 1208 4383 Utilitas
1284 4313 1461 4380 enim
1553 4312 1821 4379 illarum
1842 4312 1867 4350 ⁴
1937 4336 2073 4380 non
2161 4316 2453 4383 traditur
2547 4316 2619 4381 in
2712 4316 2822 4394 eis,
2908 4318 3024 4383 scd

989 4648 1003 4677 ¹
1027 4645 1130 4695 sine
1149 4638 1253 4693 alia
1267 4640 1414 4707 sciri]
1449 4639 1568 4692 seiri
1588 4640 1696 4692 sine
1715 4640 1829 4705 alia,
1851 4640 1910 4693 T.
2052 4644 2072 4674 ⁸
2091 4642 2163 4709 et]
2200 4658 2298 4694 om.
2326 4644 2387 4695 L.
2416 4644 2477 4695 T.

985 4726 1008 4757 ²
1027 4730 1076 4773 et
1092 4722 1295 4790 magna]
1331 4735 1431 4773 om.
1476 4718 1540 4773 Τ.
2051 4722 2071 4754 ⁴
2091 4720 2309 4790 ιἨω-ιιηι]
2342 4738 2529 4785 earum,
2551 4722 2611 4774 Τ.
