3517 5750
582 850 775 941 Lxx]
1358 869 1533 921 orus
1594 870 1916 923 ramum.
2559 860 2693 929 289

576 1040 1015 1112 Hebraeorum
1088 1046 1181 1113 ad
1250 1066 1549 1113 oceasum
1620 1046 1776 1112 solis
1854 1046 2289 1126 Hierusalem,
2345 1045 2696 1116 'inveniet

571 1149 835 1235 plenam
899 1148 974 1213 in
1018 1147 1123 1212 his
1188 1149 1559 1217 veritatem.
1650 1148 1786 1215 Sed
1829 1150 2136 1235 quamvis
2178 1172 2452 1228 erroreS,
2522 1173 2686 1237 quos

578 1250 979 1330 enumeravi,
1054 1250 1191 1317 sint
1264 1252 1609 1318 horribiles
1675 1251 2036 1318 secundum
2103 1274 2190 1331 se,
2257 1256 2488 1327 tamen
2551 1277 2691 1321 non

585 1358 691 1419 est
758 1354 1164 1439 comparatio
1226 1353 1315 1419 ad
1376 1375 1503 1436 eos,
1552 1355 1669 1441 qui
1734 1376 1822 1420 ex
1854 1355 2002 1440 jam
2046 1354 2241 1421 dictis
2305 1362 2686 1443 sequuntur.

582 1455 761 1521 Nam
820 1460 1005 1523 totus
1070 1455 1231 1521 ordo
1299 1456 1878 1524 ecclesiasticarum
1953 1456 2456 1527 solemnitatum
2531 1480 2688 1526 con·
2713 1482 2824 1535 The
2845 1488 3008 1539 whole

568 1558 875 1624 funditur
944 1579 1063 1645 per
1134 1557 1247 1643 huj
1256 1558 1511 1625 usmodi
1571 1558 2000 1646 primationes
2067 1581 2372 1627 erroneas
2451 1583 2682 1629 secun·
2708 1552 2998 1672 teiecffieffffigr

572 1662 733 1726 dum
807 1658 1285 1741 kalendarium,
1359 1660 1531 1729 sieut
1603 1682 1721 1747 per
1804 1662 2350 1747 aequinoctiorum
2442 1663 2682 1729 falsam
2707 1684 2769 1733 of
2792 1686 2877 1735 the
2901 1703 3024 1751 year

575 1762 980 1830 fixationem.
998 1762 1021 1801 ¹
1133 1762 1225 1829 Et
1284 1783 1369 1830 ne
1414 1761 1711 1829 differam
1773 1763 1846 1828 in
1899 1762 2062 1829 alios
2129 1786 2337 1830 annos
2405 1766 2492 1831 ad
2543 1766 2681 1831 evi·
2704 1748 2960 1869 ξέῑοξζῑζέ

576 1865 869 1933 dentiam
942 1865 1136 1931 istius
1210 1864 1459 1942 erroris,
1539 1885 1709 1952 pone
1738 1862 1766 1901 ²
1850 1885 2071 1932 casum
2155 1867 2228 1931 in
2303 1867 2426 1933 hoo
2503 1890 2681 1935 anno
2707 1898 2912 1948 quenoe.

572 1983 961 2035 nccsaxvn.
1078 1966 1255 2031 Nam
1318 1986 1453 2031 non
1506 1966 1720 2032 solum
1789 1967 2007 2033 media
2069 1967 2448 2053 conjunctio
2527 1970 2682 2035 solis

574 2074 645 2135 et
688 2070 865 2135 lunae
896 2069 968 2133 in
1012 2068 1135 2135 hoe
1178 2088 1353 2133 anno
1399 2068 1530 2134 fuit
1574 2074 1765 2135 sexto
1812 2068 2148 2134 Kalendas
2193 2069 2443 2156 Aprilis
2485 2092 2684 2158 super

578 2188 621 2235 Β
664 2172 942 2252 literam,
1010 2170 1127 2237 sed
1192 2172 1408 2258 prima
1472 2170 1767 2237 accensio
1839 2170 2014 2237 lunae
2077 2178 2148 2237 et
2206 2172 2374 2237 visio
2450 2174 2680 2259 primae

582 2272 769 2339 lunae.
890 2272 1069 2359 Ergo
1130 2272 1295 2338 luna
1357 2270 1491 2338 fuit
1556 2276 1796 2359 quarta
1861 2272 2116 2338 decima
2200 2274 2436 2359 quinto
2516 2275 2679 2341 Idus

578 2376 827 2462 Aprilis
902 2397 1099 2462 super
1140 2390 1187 2441 A
1231 2374 1493 2441 literam
1530 2398 1546 2455 ;
1615 2379 1683 2441 et
1752 2380 1990 2460 quarta
2040 2376 2294 2441 decima
2352 2376 2510 2441 luna
2577 2384 2679 2443 est

580 2480 901 2545 terminus
1012 2477 1297 2556 Paschae,
1388 2497 1465 2543 ac
1553 2476 1906 2541 Dominica
1994 2498 2269 2563 sequens
2358 2483 2462 2544 est
2537 2479 2676 2545 dies

581 2578 885 2647 Paschae:
935 2601 1135 2666 quare
1182 2581 1257 2645 in
1286 2596 1329 2643 Β
1358 2580 1553 2645 litera
1596 2584 1930 2665 sequente,
1965 2578 2209 2645 scilicet
2253 2579 2326 2644 in
2370 2580 2674 2660 crastino,

586 2668 889 2749 videlicet
946 2687 1182 2768 quarto
1245 2680 1407 2747 Idus
1464 2680 1731 2767 Aprilis,
1799 2680 1998 2747 debet
2041 2702 2180 2747 esse
2226 2681 2364 2747 dies
2409 2682 2677 2749 Paschae

578 2786 937 2851 secundum
979 2784 1345 2851 veritatem.
1483 2782 1617 2849 Sed
1660 2782 1856 2848 modo
1900 2782 2296 2849 transfertur
2339 2806 2546 2871 usque
2590 2786 2676 2851 ad

579 2892 727 2956 octo
770 2888 909 2956 dies
970 2888 1168 2970 ultra,
1230 2891 1498 2975 propter
1562 2885 2029 2974 primationem
2079 2891 2412 2974 sumptam
2470 2888 2674 2975 juxta

578 3012 851 3057 aureum
894 3011 1256 3056 numerum.
1366 2987 1547 3054 Nam
1612 3009 1850 3054 aureus
1907 3009 2220 3054 numerus
2262 2989 2458 3056 istius
2517 2991 2678 3055 anni

578 3098 681 3158 est
724 3093 1013 3160 decimus
1054 3095 1349 3178 quartus,
1380 3089 1495 3176 qui
1536 3091 1808 3178 ponitur
1849 3090 2052 3156 tertio
2102 3090 2438 3157 Kalendas
2475 3091 2675 3180 Apri-

576 3197 659 3262 lis
704 3217 898 3283 super
956 3210 1000 3260 Ε
1042 3195 1319 3262 literam,
1432 3192 1525 3257 Et
1568 3193 1666 3259 ibi
1709 3193 1951 3258 dieitur
1995 3213 2130 3258 esse
2196 3193 2506 3280 primatio
2572 3217 2670 3260 se-

576 3299 864 3364 eundum
928 3295 1433 3362 kalendarium:
1511 3299 1583 3360 et
1626 3295 1776 3360 ideo
1840 3293 2196 3359 secundum
2270 3294 2394 3360 hoc
2437 3302 2678 3381 quarta

576 3401 829 3468 decima
870 3400 1047 3478 luna,
1090 3419 1239 3484 quae
1284 3403 1387 3465 est
1431 3397 1755 3470 terminus
1799 3393 2085 3476 Paschae,
2130 3400 2231 3462 est
2259 3396 2470 3482 pridie
2516 3397 2678 3462 Idus

578 3503 867 3589 Aprilis3
930 3506 1001 3567 et
1042 3501 1117 3567 in
1180 3499 1529 3565 Dominiea
1591 3501 1902 3583 sequente
1965 3497 2342 3583 assignatur
2411 3497 2676 3578 Pascha,

576 3605 825 3671 seilicet
892 3603 1127 3690 quinto
1172 3601 1423 3668 decimo
1471 3599 1808 3666 Kalendas
1853 3597 2036 3679 Maii,
2104 3603 2176 3665 et
2217 3599 2309 3666 sic
2351 3621 2470 3686 per
2506 3606 2675 3680 ‘octo

576 3706 717 3773 dies
760 3705 939 3772 ultra
981 3704 1349 3771 veritatem.
1436 3700 1858 3790 Quapropter
1901 3701 2279 3767 solemnitas
2324 3701 2675 3785 Paschalis‚

575 3831 707 3896 qua
750 3808 1037 3874 mundus
1078 3805 1390 3885 salvatur,
1420 3826 1558 3870 non
1585 3801 2025 3870 celebrabitur
2066 3809 2360 3890 tempore
2403 3826 2563 3886 su03
2607 3810 2678 3870 et

566 3911 913 3996 jejunatur
972 3910 1097 3976 hoc
1168 3929 1343 3974 anno
1432 3929 1549 3995 per
1610 3909 1825 3972 totam
1900 3906 2334 3994 septimanam
2410 3906 2676 3974 Paschae

581 4035 847 4093 veram3
908 4033 1067 4078 nam
1109 4009 1439 4097 jejunium
1503 4006 1886 4074 extenditur
1948 4029 2066 4094 per
2109 4011 2256 4074 octo
2325 4009 2465 4075 dies
2527 4010 2674 4096 plus

574 4135 773 4200 quam
816 4113 1099 4180 deberet.
1211 4111 1303 4178 Et
1349 4116 1509 4178 tunc
1567 4108 1865 4195 sequitur
1929 4107 2115 4174 aliud
2189 4109 2672 4191 inconveniens,

573 4218 747 4303 quod
790 4239 908 4305 per
952 4221 1097 4284 octo
1144 4215 1285 4282 dies
1326 4214 1583 4281 tardius
1642 4210 2079 4300 incipiebatur
2133 4211 2464 4298 jejunium
2516 4235 2676 4299 qua-

576 4319 1019 4406 dragesimale.
1112 4317 1292 4405 Ergo
1368 4315 1731 4383 Christiani
1795 4313 2230 4380 comedebant
2304 4335 2530 4379 carnes
2597 4316 2672 4379 in

574 4443 733 4488 vera
776 4422 1275 4508 quadragesima
1316 4441 1432 4506 per
1483 4421 1630 4484 octo
1676 4416 1814 4483 dies
1843 4439 1860 4496 ;
1928 4415 2104 4502 quod
2148 4420 2249 4480 est
2293 4415 2667 4481 absurdum.

576 4524 667 4590 Et
710 4525 951 4589 iterum
998 4528 1161 4589 tunc
1190 4543 1309 4589 nee
1341 4520 1758 4608 RogationeS,
1807 4539 1926 4584 nec
1954 4515 2291 4598 Ascensio,
2337 4538 2455 4582 nec
2500 4516 2668 4582 Pen-

638 4755 977 4821 ¹fitadonemJ
1016 4755 1273 4818 fixionem,
1297 4753 1359 4802 B.
1596 4748 1617 4818 ι
1741 4750 1765 4780 ²
1775 4747 1930 4814 pono]
1959 4761 2102 4812 pone,
2125 4743 2188 4798 Τ.

746 4851 896 4900 v01..
932 4851 977 4900 1.
2362 4843 2406 4893 Τ
