3517 5750
506 3299 599 3350 All
620 3301 707 3353 the

505 3367 695 3418 chun-ch

506 3437 666 3486 music
688 3435 769 3487 for

506 3502 593 3554 the
616 3503 711 3553 lest

505 3569 663 3636 thirty
673 3583 818 3634 years

502 3647 816 3819 {ffic-

553 3783 593 3820 r.

854 842 989 911 302
1622 856 1884 909 noenu
1929 856 2224 909 mcoms
2775 846 2956 933 [cu.

853 1035 1146 1103 fidelium
1190 1034 1279 1101 ad
1322 1032 1757 1116 devotionem,
1789 1040 1862 1103 et
1887 1034 2010 1103 hoc
2051 1036 2342 1103 maxime
2381 1042 2650 1126 propter
2675 1040 2961 1127 pulchri-

854 1140 1155 1206 tudinem
1218 1138 1559 1205 metricam
1602 1144 1675 1205 et
1714 1138 2180 1225 rhythmicam,
2211 1160 2470 1207 necesse
2531 1146 2634 1207 cst
2675 1142 2960 1211 eoclesiae

854 1240 1030 1328 quod
1064 1242 1205 1308 haec
1248 1240 1519 1307 scientia
1564 1242 1840 1307 metrica.
1882 1248 1954 1308 et
1981 1242 2360 1329 rhythmica
2394 1243 2656 1326 sciatur,
2687 1250 2960 1332 propter

852 1364 1045 1410 usum
1102 1344 1399 1423 ecclesiae,
1443 1348 1526 1408 ut
1570 1344 2093 1431 quandocunque
2157 1342 2666 1411 canonizantur¹
2725 1350 2951 1429 sancti,

852 1447 959 1513 vel
1004 1446 1287 1511 ecclesiae
1340 1445 1743 1527 dedicantur,
1765 1446 1794 1485 ⁹
1853 1447 1961 1513 vel
2021 1448 2169 1513 alise
2225 1447 2673 1514 solemnitates
2739 1454 2952 1516 statu-

850 1548 1097 1627 antur‚⁸
1142 1570 1288 1635 quae
1328 1548 1413 1614 ob
1442 1550 1786 1637 specialem
1831 1550 2246 1617 devotionem
2289 1553 2632 1637 requirunt
2675 1553 2955 1639 hymnos

850 1652 1144 1740 proprios
1186 1656 1257 1716 et
1298 1650 1643 1737 rhythmos
1686 1652 1759 1717 in
1804 1650 2014 1718 officio
2059 1650 2303 1734 divino,
2353 1659 2650 1720 occurrat
2707 1654 2950 1721 devota

850 1754 1089 1823 aneilla
1176 1754 1477 1833 ecclesiae,
1553 1776 1701 1840 quse
1775 1754 2024 1822 musica.
2115 1755 2377 1836 dicitur,
2455 1762 2532 1824 ut
2605 1757 2670 1823 ei
2741 1758 2948 1847 possit

852 1856 1186 1946 aptissime
1230 1853 1577 1923 deservire.

940 1958 1016 2027 Si
1090 1980 1247 2026 vero
1324 1960 1583 2027 dicatur
1645 1959 1823 2048 quod
1838 1960 1866 1999 ⁴
1940 1958 2080 2029 sine
2145 1960 2410 2030 musicae
2483 1960 2740 2028 ratione
2803 1960 2945 2030 haec

850 2064 1036 2143 fiant,
1092 2069 1163 2129 et
1234 2063 1381 2129 ficri
1440 2064 1711 2151 possint,
1782 2069 1860 2131 ut
1925 2064 2355 2151 grammatica
2421 2064 2715 2143 sufficiat,
2763 2069 2948 2153 patet

850 2168 1027 2254 quod
1112 2188 1263 2245 non,
1334 2190 1451 2255 per
1515 2166 1850 2255 praedicta,
1931 2169 2242 2253 quoniam
2306 2167 2538 2235 musici
2627 2172 2730 2235 est
2789 2168 2946 2235 dare

848 2292 1074 2337 causas
1118 2274 1187 2338 et
1240 2270 1527 2336 rationes
1580 2268 1833 2350 horum,
1891 2275 1972 2335 ut
2025 2270 2320 2357 legitime
2379 2270 2548 2337 fiant
2589 2271 2946 2339 secundum

848 2378 1057 2441 artem
1148 2374 1488 2439 metricam
1579 2379 1651 2439 et
1738 2372 2198 2459 rhythmicam.
2299 2372 2432 2441 Sed
2517 2375 2947 2463 grammatica.

846 2482 949 2543 est
999 2474 1377 2543 mechanica
1434 2476 1509 2543 in
1568 2474 1691 2541 hac
1748 2480 1953 2565 parte,
2001 2476 2234 2541 horum
2279 2497 2504 2543 causas
2549 2480 2619 2542 et
2659 2478 2946 2543 rationes

848 2582 1175 2669 ignorans.
1272 2576 1378 2645 Ex
1440 2600 1569 2665 quo
1632 2579 1932 2665 sequitur
2005 2580 2182 2665 quod
2271 2580 2640 2666 quicunque
2729 2578 2890 2647 facit
2918 2576 2947 2615 ⁶

848 2682 1211 2749 secundum
1280 2686 1509 2759 artem,
1572 2682 1782 2747 sciens
1861 2703 2085 2747 causas
2159 2686 2232 2747 et
2289 2682 2576 2747 rationes
2649 2684 2946 2762 istorum,

848 2789 1109 2871 oportet
1168 2804 1321 2849 eum
1380 2806 1519 2851 esse
1578 2785 1919 2865 musicum,
1967 2785 2122 2850 licet
2178 2783 2302 2851 hoc
2358 2784 2598 2873 vulgus
2671 2785 2944 2873 ignoret.

848 2885 941 2951 Et
994 2887 1050 2950 si
1110 2885 1370 2951 dicatur
1430 2886 1605 2972 quod
1664 2908 1802 2952 non
1849 2884 2146 2974 exigitur
2209 2909 2450 2973 magna
2513 2910 2622 2953 ars
2675 2888 2761 2953 ad
2803 2887 2942 2969 hoc,

845 2988 1001 3074 quia
1055 2987 1351 3055 homines
1418 2988 1502 3054 de
1554 2988 1730 3054 facili
1785 2987 2038 3056 faciunt
2105 2990 2268 3056 talia
2333 2990 2406 3054 in
2469 2989 2696 3055 officiis
2762 3013 2946 3057 senc-

844 3097 1083 3173 torum,
1130 3096 1199 3157 et
1258 3091 1421 3172 aliis,
1469 3090 1732 3176 quando
1805 3089 2096 3174 volunt‚⁰
2155 3091 2504 3158 dicendum
2561 3097 2664 3160 est
2682 3091 2708 3130 ⁷
2771 3095 2948 3179 quod

844 3193 1013 3258 nihil
1084 3193 1340 3260 faciunt
1414 3194 1770 3259 secundum
1845 3199 2073 3274 artem,
2150 3217 2270 3261 nec
2343 3195 2701 3260 secundum
2775 3197 2950 3262 veri-

844 3299 1079 3379 tatem,
1124 3297 1239 3362 sed
1285 3300 1385 3362 est
1430 3293 1669 3362 derisio
1714 3295 1910 3362 officii
1970 3296 2198 3362 divini.
2312 3296 2382 3362 Ν
2382 3317 2490 3362 am
2552 3298 2860 3385 quicquid
2903 3321 2944 3364 a

844 3399 1127 3486 triginta
1170 3399 1364 3464 annis
1418 3397 1667 3465 factum
1724 3404 1844 3479 est,
1901 3403 2000 3464 est
2047 3402 2276 3465 contra
2329 3405 2540 3466 artem
2595 3405 2664 3465 et
2717 3405 2946 3466 contra

842 3503 1237 3570 veritatem:
1309 3502 1467 3589 quia.
1540 3502 2003 3587 compositores
2077 3501 2456 3587 hujusmodi
2536 3523 2654 3568 nec
2727 3504 2945 3568 sciunt

844 3606 1085 3694 quibus
1158 3604 1441 3692 pedibus
1516 3603 1761 3670 debent
1835 3604 1954 3682 uti,
2031 3625 2154 3670 nec
2228 3608 2390 3690 quot
2462 3605 2754 3692 pedibus,
2825 3628 2946 3672 nec

842 3731 975 3796 quo
1018 3729 1255 3796 genere
1296 3707 1511 3784 metri,
1558 3729 1679 3772 nec
1738 3706 2024 3791 qualiter
2067 3711 2541 3794 componantur
2591 3709 2946 3774 secundum

840 3811 985 3874 vias
1058 3810 1270 3888 artis;
1332 3808 1465 3889 sed,
1530 3808 1619 3874 ad
1682 3809 1984 3896 exempla
2055 3809 2332 3875 aliorum
2393 3809 2807 3896 hymnorum,
2875 3815 2946 3876 et

840 3909 1217 3996 hujusmodi
1272 3909 1365 3974 sic
1416 3909 1760 3991 factorum,
1808 3915 2196 3998 computant
2239 3911 2524 3998 syllabas
2582 3913 2944 3994 casualiter,

839 4033 977 4078 non
991 4009 1017 4046 ⁸
1080 4011 1503 4077 observantes
1577 4012 1788 4099 legem
1851 4013 2046 4078 metri
2135 4015 2212 4078 in
2295 4013 2534 4101 aliquo,
2635 4013 2728 4080 Et
2795 4015 2942 4082 ideo

839 4113 1075 4182 derisio
1150 4117 1253 4179 est
1340 4113 1449 4179 hic
1533 4135 1749 4179 coram
1817 4115 1982 4197 Den,
2039 4121 2109 4182 et
2198 4116 2448 4202 angelis
2537 4118 2794 4197 sanctis,
2871 4124 2942 4184 et

903 4417 915 4447 ¹
940 4417 1320 4484 comitantia]
1347 4415 1719 4476 canonicentur,
1741 4417 1804 4468 B.
2005 4416 2196 4483 ⁵fact't]
2221 4416 2430 4478 faciens,
2450 4416 2514 4469 Τ.

901 4498 921 4527 ²
939 4495 1255 4562 dedicantur]
1292 4497 1603 4558 dedicentur,
1628 4497 1688 4548 Β.
2001 4499 2020 4525 ⁶
2043 4504 2092 4547 et
2114 4493 2246 4560 alie,
2269 4495 2464 4561 quando
2485 4495 2674 4564 volunt]
2712 4512 2810 4548 om.
2835 4495 2895 4548 Τ.

900 4580 920 4608 ⁸
934 4577 1243 4643 damam]
1280 4584 1575 4642 sumentur,
1599 4577 1659 4628 B.
2002 4577 2020 4604 ’
2043 4576 2140 4642 est]
2169 4591 2270 4628 om.
2297 4577 2360 4628 T.

902 4658 920 4686 ⁴
943 4656 1095 4722 qaod]
1135 4673 1231 4707 om.
1258 4657 1318 4707 T.
2001 4657 2022 4685 ⁸
2043 4655 2162 4720 non]
2201 4664 2252 4706 et
2273 4671 2394 4718 11011,
2415 4657 2476 4705 Β.
