3517 5750
588 884 719 972 Ν]
1266 902 1725 953 comm-imum
1772 902 2025 953 sumn.
2565 888 2696 954 423

590 1081 660 1142 et
704 1078 1030 1163 quomodo
1075 1076 1377 1144 ordinare
1421 1079 1655 1145 debeat
1704 1080 1788 1144 de
1833 1100 1950 1145 suo
1997 1098 2394 1158 successore3
2438 1081 2518 1142 ut
2561 1098 2696 1143 non

587 1200 705 1266 per
765 1180 1153 1266 potentiam,
1197 1202 1319 1246 nec
1362 1202 1480 1267 per
1524 1182 1890 1269 pecuniam,
1939 1202 2062 1247 nec
2106 1200 2222 1267 per
2273 1180 2472 1245 aliam
2517 1181 2696 1245 viam

587 1282 831 1347 malam
920 1302 1213 1368 unquam
1272 1282 1732 1349 introducatur
1825 1282 2138 1351 Summus
2203 1282 2559 1364 Sacerdos3
2625 1288 2697 1347 et

586 1383 913 1471 quomodo
959 1384 1224 1450 defendi
1271 1385 1509 1451 debeat
1552 1388 1695 1453 haec
1737 1387 1864 1466 lex,
1905 1390 1974 1452 et
2015 1384 2299 1474 qualiter
2344 1408 2461 1473 per
2505 1406 2695 1450 mun-

586 1486 747 1553 dum
796 1486 1041 1553 habeat
1084 1488 1366 1553 dilatari.
1460 1488 1552 1554 Et
1612 1489 1825 1577 primo
1893 1490 2133 1555 statuit
2179 1489 2356 1575 quod
2399 1486 2694 1554 homines
2719 1485 3016 1606 sstsstosse’g

586 1592 825 1657 vivant
885 1592 958 1657 in
1004 1592 1182 1658 omni
1229 1593 1497 1671 virtute,
1544 1598 1624 1657 ut
1683 1594 1756 1657 in
1809 1591 2033 1659 decem
2093 1592 2282 1657 libris
2327 1592 2690 1673 constituit,
2717 1569 2980 1674 Ροιῖἕὶζῃ

586 1694 701 1780 qui
764 1700 1089 1759 vocantur
1159 1693 1345 1784 Libri
1422 1694 1828 1775 Ethicorum,
1891 1694 2129 1782 quibus
2194 1695 2424 1782 jungit
2489 1694 2693 1761 libros

586 1796 898 1875 Politicae,
963 1798 1035 1862 in
1080 1796 1321 1884 quibus
1380 1798 1593 1883 primo
1638 1798 1876 1864 statuit
1936 1799 2188 1864 cultum
2235 1798 2557 1879 divinum,
2617 1799 2690 1864 in

586 1920 715 1985 quo
790 1899 1171 1986 magnificat
1245 1922 1314 1965 se
1404 1901 1673 1965 adorare
1737 1900 1956 1965 Deum
2029 1922 2238 1966 unum
2307 1906 2376 1967 et
2437 1902 2690 1965 trinum

588 2003 984 2068 eminentem
1046 2002 1445 2089 proprietate
1518 2022 1738 2067 rerum
1813 2006 2226 2083 creatarum3
2279 1999 2688 2089 investigans

584 2106 918 2190 quandam
961 2105 1334 2170 trinitatem
1379 2104 1452 2168 in
1497 2105 1801 2169 omnibus
1843 2104 2040 2171 rebus
2085 2102 2318 2169 creatis
2363 2124 2510 2190 quae
2553 2104 2656 2190 pri
2669 2143 2686 2153 -

584 2228 693 2272 mo
739 2206 1063 2293 reperitur
1109 2208 1181 2270 in
1226 2212 1533 2272 creatore.
1635 2204 1835 2272 Unde
1880 2207 1954 2272 in
1998 2207 2180 2271 omni
2221 2226 2294 2271 re
2339 2206 2688 2272 constituit

583 2310 993 2397 principium,
1036 2308 1343 2386 medium,
1386 2313 1456 2374 et
1499 2310 1739 2390 finem3
1805 2310 1919 2375 sed
1963 2310 2035 2374 in
2079 2313 2366 2376 creatore
2411 2312 2684 2396 patrem,

584 2417 655 2478 et
716 2395 1059 2500 paternam
1122 2417 1425 2491 mentem,
1475 2418 1544 2478 et
1604 2432 1894 2477 amorem
1957 2412 2302 2498 utriusque
2360 2417 2684 2490 mutuum,

582 2536 787 2580 unam
832 2514 1287 2595 substantiam,
1337 2514 1652 2581 deitatem
1700 2514 2056 2580 indivisam
2109 2516 2182 2579 in
2228 2514 2524 2593 essentia,
2573 2514 2689 2580 sed

584 2618 831 2683 trinam
876 2618 949 2682 in
992 2617 1297 2703 personis,
1332 2617 1505 2683 sicut
1532 2638 1575 2682 a
1603 2615 1881 2682 Platone
1926 2616 2242 2704 magistro
2286 2638 2404 2682 suo
2434 2614 2685 2696 didicit,

588 2721 705 2786 sed
770 2720 1119 2807 perfectius
1183 2742 1225 2784 a
1291 2718 1480 2784 libris
1545 2717 2006 2785 Haebraeorum
2075 2724 2146 2784 et
2206 2718 2292 2785 ab
2359 2718 2687 2785 Haebraeis

586 2824 690 2890 sui
751 2824 1067 2911 temporis
1128 2821 1305 2910 apud
1366 2842 1531 2908 quos
1577 2820 1797 2909 viguit
1857 2822 1972 2888 lex
2027 2820 2172 2902 Dei,
2219 2824 2289 2887 et
2349 2842 2392 2886 a
2451 2820 2688 2907 quibus

588 2947 845 2992 omnem
894 2925 1288 3012 sapientiam
1358 2923 1613 3005 habuit,
1661 2925 1836 2990 sicut
1899 2925 2178 3012 ipsemet
2235 2925 2309 2990 in
2370 2923 2540 2990 libro
2585 2923 2690 2988 De

585 3029 929 3116 Regimine
951 3029 1331 3114 Regnorum
1360 3028 1591 3094 asserit
1621 3028 1975 3106 evidenter.
2041 3027 2301 3095 Deinde
2318 3025 2688 3114 specialiter

585 3131 931 3197 constituit
1006 3129 1319 3196 sacrificia
1386 3129 1536 3208 tria,
1585 3135 1655 3194 et
1700 3129 1866 3196 orati
1874 3149 2032 3195 ones
2092 3135 2244 3209 tres,
2307 3130 2380 3194 in
2441 3128 2688 3194 honore

584 3235 790 3300 trium
852 3253 1293 3321 personarum,
1342 3237 1412 3298 et
1463 3239 1690 3319 postea
1750 3233 2010 3318 reliqua
2077 3253 2226 3318 quae
2286 3231 2372 3296 ad
2433 3231 2686 3298 cultum

585 3337 713 3402 Dei
787 3337 1168 3422 pertinent3
1244 3335 1603 3400 secundum
1695 3335 1873 3421 quod
1961 3334 2375 3421 philosophia
2461 3335 2686 3420 potuit

584 3439 863 3505 edocere.
957 3437 1049 3503 Et
1076 3442 1305 3525 postea
1345 3436 1519 3525 leges
1572 3437 1926 3502 civitatum
1977 3439 2046 3501 et
2089 3457 2444 3523 regnorum
2491 3435 2683 3500 insti·

584 3542 737 3620 tuit,
800 3546 869 3607 et
914 3541 1271 3606 oratoricas
1316 3543 1387 3604 et
1434 3539 1795 3605 rhetoricas
1857 3539 2376 3616 constitutiones,
2443 3537 2686 3624 quibus

584 3663 797 3709 causae
836 3643 1296 3711 discindantur
1324 3643 1467 3708 sine
1496 3642 1782 3727 strepitu
1825 3641 2006 3720 h'tis3
2037 3645 2107 3706 et
2151 3641 2244 3706 sic
2289 3659 2684 3726 componens

584 3746 806 3812 omnia
892 3767 1041 3832 quae
1128 3746 1493 3811 necessaria
1580 3748 1739 3809 sunt
1811 3743 2102 3809 humano
2177 3743 2421 3830 generi,
2479 3742 2686 3829 juxta

583 3853 983 3936 potestatem
1040 3847 1491 3935 philosophiae,
1556 3845 1828 3913 tandem
1897 3847 2086 3913 docet
2145 3845 2444 3912 homines
2510 3847 2684 3934 aspi-

584 3973 729 4016 rare
774 3951 860 4017 ad
910 3951 1207 4017 futuram
1250 3950 1653 4032 felicitatem,
1702 3953 1773 4015 et
1818 3949 2039 4015 omnia
2087 3949 2472 4028 transitoria
2534 3969 2684 4015 con·-

585 4060 893 4123 temnere.
987 4054 1183 4135 Quod
1239 4073 1376 4120 non
1418 4052 1631 4118 solum
1686 4051 1950 4140 scriptis
1992 4052 2379 4140 patentibus
2438 4053 2684 4133 docuit,

584 4158 702 4223 sed
743 4157 918 4223 facto
980 4161 1051 4223 et
1112 4157 1413 4244 exemplo
1476 4153 1804 4242 perfaetus
1868 4155 2100 4221 dootor
2160 4175 2309 4221 cum
2354 4153 2492 4221 suis
2555 4155 2684 4220 dis-

582 4258 815 4347 cipulis
874 4259 1303 4326 nobilissimis
1347 4257 1512 4323 viris
1574 4262 1647 4323 et
1698 4257 2202 4343 sapientissimis
2251 4257 2684 4323 confirmavit.

584 4361 763 4429 Nam
837 4363 913 4429 in
986 4366 1439 4450 contemptum
1512 4361 1743 4426 mundi
1805 4363 1876 4426 et
1951 4357 2354 4439 divitiarum,
2426 4360 2685 4426 delicia-

584 4485 734 4530 rum
800 4471 871 4532 et
934 4465 1216 4544 honoris,
1264 4463 1395 4530 ivit
1438 4463 1513 4528 in
1573 4466 1965 4551 perpetuum
2029 4462 2304 4528 exilium
2357 4483 2508 4528 cum
2551 4464 2688 4528 suis

582 4569 789 4651 sociiS,
820 4591 1161 4656 nunquam
1205 4568 1291 4634 ad
1336 4567 1601 4654 propria
1642 4587 2036 4630 reversurus.
2129 4564 2467 4630 Diffinivit
2511 4567 2686 4632 enim

584 4672 761 4758 apud
829 4693 913 4750 se,
963 4671 1140 4758 quod
1206 4672 1349 4736 haec
1411 4670 1557 4736 vita
1622 4667 1920 4734 solitaria
1995 4673 2096 4733 est
2175 4667 2386 4754 magis
2453 4667 2686 4734 similis

580 4774 745 4841 vitae
778 4773 911 4840 Dei
956 4779 1027 4840 et
1070 4773 1452 4861 angelorum
1498 4793 1696 4859 quam
1743 4769 2107 4838 communis
2136 4769 2282 4836 vita
2323 4769 2684 4852 hominum,
