<?xml version="1.0" encoding="UTF-8"?>
<!DOCTYPE html PUBLIC "-//W3C//DTD XHTML 1.0 Transitional//EN"
    "http://www.w3.org/TR/xhtml1/DTD/xhtml1-transitional.dtd">
<html xmlns="http://www.w3.org/1999/xhtml" xml:lang="en" lang="en">
 <head>
  <title>
</title>
<meta http-equiv="Content-Type" content="text/html;charset=utf-8" />
  <meta name='ocr-system' content='tesseract 3.04.00' />
  <meta name='ocr-capabilities' content='ocr_page ocr_carea ocr_par ocr_line ocrx_word'/>
</head>
<body>
  <div class='ocr_page' id='page_1' title='image "./frrogeribaconop00brewgoog_0588.png"; bbox 0 0 3517 5750; ppageno 0'>
   <div class='ocr_carea' id='block_1_1' title="bbox 495 0 1148 9">
    <p class='ocr_par' dir='ltr' id='par_1_1' title="bbox 495 0 1148 9">
     <span class='ocr_line' id='line_1_1' title="bbox 495 0 1148 9; baseline 0.002 -4"><span class='ocrx_word' id='word_1_1' title='bbox 495 3 553 5; x_wconf 85' lang='lat'><strong>—-</strong></span> <span class='ocrx_word' id='word_1_2' title='bbox 586 1 881 9; x_wconf 36' lang='lat' dir='ltr'>————-v—--v.-</span> <span class='ocrx_word' id='word_1_3' title='bbox 909 0 1148 8; x_wconf 56' lang='lat' dir='ltr'>v—-qr-——mv</span> 
     </span>
    </p>
   </div>
   <div class='ocr_carea' id='block_1_2' title="bbox 545 904 2650 993">
    <p class='ocr_par' dir='ltr' id='par_1_2' title="bbox 545 904 2650 993">
     <span class='ocr_line' id='line_1_2' title="bbox 545 904 2650 993; baseline -0.001 -22"><span class='ocrx_word' id='word_1_4' title='bbox 545 906 735 993; x_wconf 58' lang='lat' dir='ltr'><strong>vnn]</strong></span> <span class='ocrx_word' id='word_1_5' title='bbox 1209 922 1675 973; x_wconf 71' lang='lat' dir='ltr'><strong>coursumuu</strong></span> <span class='ocrx_word' id='word_1_6' title='bbox 1718 921 1974 972; x_wconf 76' lang='lat' dir='ltr'><strong>swnn.</strong></span> <span class='ocrx_word' id='word_1_7' title='bbox 2517 904 2650 977; x_wconf 76' lang='lat'><strong>475</strong></span> 
     </span>
    </p>
   </div>
   <div class='ocr_carea' id='block_1_3' title="bbox 541 1096 2956 4784">
    <p class='ocr_par' dir='ltr' id='par_1_3' title="bbox 543 1096 2662 2522">
     <span class='ocr_line' id='line_1_3' title="bbox 543 1096 2658 1185; baseline 0 -22"><span class='ocrx_word' id='word_1_8' title='bbox 543 1098 755 1163; x_wconf 85' lang='lat' dir='ltr'><strong>forma</strong></span> <span class='ocrx_word' id='word_1_9' title='bbox 798 1099 1166 1185; x_wconf 74' lang='lat' dir='ltr'><strong>compendii</strong></span> <span class='ocrx_word' id='word_1_10' title='bbox 1210 1100 1381 1164; x_wconf 89' lang='lat' dir='ltr'><strong>et-in</strong></span> <span class='ocrx_word' id='word_1_11' title='bbox 1408 1098 1768 1165; x_wconf 85' lang='lat' dir='ltr'><strong>universali</strong></span> <span class='ocrx_word' id='word_1_12' title='bbox 1799 1098 2014 1164; x_wconf 86' lang='lat' dir='ltr'><strong>videri</strong></span> <span class='ocrx_word' id='word_1_13' title='bbox 2043 1098 2372 1185; x_wconf 75' lang='lat' dir='ltr'><strong>corruptio</strong></span> <span class='ocrx_word' id='word_1_14' title='bbox 2421 1096 2658 1164; x_wconf 81' lang='lat' dir='ltr'><strong>Bibliae</strong></span> 
     </span>
     <span class='ocr_line' id='line_1_4' title="bbox 544 1197 2660 1289; baseline 0 -24"><span class='ocrx_word' id='word_1_15' title='bbox 544 1222 661 1287; x_wconf 89' lang='lat' dir='ltr'><strong>per</strong></span> <span class='ocrx_word' id='word_1_16' title='bbox 703 1200 885 1267; x_wconf 84' lang='lat' dir='ltr'><strong>dicta</strong></span> <span class='ocrx_word' id='word_1_17' title='bbox 926 1202 1241 1289; x_wconf 83' lang='lat' dir='ltr'><strong>exempla.</strong></span> <span class='ocrx_word' id='word_1_18' title='bbox 1334 1202 1469 1267; x_wconf 88' lang='lat' dir='ltr'><strong>Sed</strong></span> <span class='ocrx_word' id='word_1_19' title='bbox 1522 1202 1637 1289; x_wconf 90' lang='lat' dir='ltr'><strong>qui</strong></span> <span class='ocrx_word' id='word_1_20' title='bbox 1681 1200 1888 1267; x_wconf 82' lang='lat' dir='ltr'><strong>vellet</strong></span> <span class='ocrx_word' id='word_1_21' title='bbox 1941 1200 2030 1266; x_wconf 83' lang='lat' dir='ltr'><strong>ad</strong></span> <span class='ocrx_word' id='word_1_22' title='bbox 2087 1200 2352 1289; x_wconf 86' lang='lat' dir='ltr'><strong>singula</strong></span> <span class='ocrx_word' id='word_1_23' title='bbox 2392 1197 2660 1266; x_wconf 84' lang='lat' dir='ltr'><strong>descen·-</strong></span> 
     </span>
     <span class='ocr_line' id='line_1_5' title="bbox 544 1302 2658 1389; baseline 0.001 -22"><span class='ocrx_word' id='word_1_24' title='bbox 544 1302 719 1384; x_wconf 85' lang='lat' dir='ltr'><strong>dere,</strong></span> <span class='ocrx_word' id='word_1_25' title='bbox 763 1326 898 1369; x_wconf 92' lang='lat' dir='ltr'><strong>non</strong></span> <span class='ocrx_word' id='word_1_26' title='bbox 960 1304 1291 1370; x_wconf 81' lang='lat' dir='ltr'><strong>inveniret</strong></span> <span class='ocrx_word' id='word_1_27' title='bbox 1343 1304 1716 1382; x_wconf 73' lang='lat' dir='ltr'><strong>clausulam,</strong></span> <span class='ocrx_word' id='word_1_28' title='bbox 1765 1303 1930 1389; x_wconf 91' lang='lat' dir='ltr'><strong>quin</strong></span> <span class='ocrx_word' id='word_1_29' title='bbox 1973 1303 2226 1369; x_wconf 79' lang='lat' dir='ltr'><strong>falsitas</strong></span> <span class='ocrx_word' id='word_1_30' title='bbox 2277 1309 2658 1383; x_wconf 65' lang='lat' dir='ltr'><strong>occurreret,</strong></span> 
     </span>
     <span class='ocr_line' id='line_1_6' title="bbox 545 1406 2660 1494; baseline 0 -23"><span class='ocrx_word' id='word_1_31' title='bbox 545 1406 654 1471; x_wconf 84' lang='lat' dir='ltr'><strong>vel</strong></span> <span class='ocrx_word' id='word_1_32' title='bbox 738 1407 949 1471; x_wconf 81' lang='lat' dir='ltr'><strong>nimia</strong></span> <span class='ocrx_word' id='word_1_33' title='bbox 1050 1407 1399 1485; x_wconf 74' lang='lat' dir='ltr'><strong>dubitatio,</strong></span> <span class='ocrx_word' id='word_1_34' title='bbox 1500 1411 1772 1494; x_wconf 89' lang='lat' dir='ltr'><strong>propter</strong></span> <span class='ocrx_word' id='word_1_35' title='bbox 1855 1406 2242 1473; x_wconf 77' lang='lat' dir='ltr'><strong>discordiam</strong></span> <span class='ocrx_word' id='word_1_36' title='bbox 2335 1406 2660 1494; x_wconf 88' lang='lat' dir='ltr'><strong>corrigen-</strong></span> 
     </span>
     <span class='ocr_line' id='line_1_7' title="bbox 546 1509 2662 1598; baseline 0.001 -25"><span class='ocrx_word' id='word_1_37' title='bbox 546 1509 734 1587; x_wconf 89' lang='lat' dir='ltr'><strong>tium,</strong></span> <span class='ocrx_word' id='word_1_38' title='bbox 782 1530 931 1596; x_wconf 81' lang='lat' dir='ltr'><strong>quae</strong></span> <span class='ocrx_word' id='word_1_39' title='bbox 974 1509 1311 1576; x_wconf 85' lang='lat' dir='ltr'><strong>dubitatio</strong></span> <span class='ocrx_word' id='word_1_40' title='bbox 1364 1510 1547 1576; x_wconf 89' lang='lat' dir='ltr'><strong>cadit</strong></span> <span class='ocrx_word' id='word_1_41' title='bbox 1612 1510 1687 1575; x_wconf 89' lang='lat' dir='ltr'><strong>in</strong></span> <span class='ocrx_word' id='word_1_42' title='bbox 1754 1530 2016 1577; x_wconf 90' lang='lat' dir='ltr'><strong>omnem</strong></span> <span class='ocrx_word' id='word_1_43' title='bbox 2061 1509 2445 1598; x_wconf 74' lang='lat' dir='ltr'><strong>sapientem,</strong></span> <span class='ocrx_word' id='word_1_44' title='bbox 2489 1510 2662 1576; x_wconf 87' lang='lat' dir='ltr'><strong>sicut</strong></span> 
     </span>
     <span class='ocr_line' id='line_1_8' title="bbox 546 1612 2659 1699; baseline -0 -22"><span class='ocrx_word' id='word_1_45' title='bbox 546 1612 747 1677; x_wconf 88' lang='lat' dir='ltr'><strong>timor</strong></span> <span class='ocrx_word' id='word_1_46' title='bbox 818 1612 1191 1699; x_wconf 86' lang='lat' dir='ltr'><strong>appellatur</strong></span> <span class='ocrx_word' id='word_1_47' title='bbox 1274 1634 1423 1699; x_wconf 81' lang='lat' dir='ltr'><strong>quae</strong></span> <span class='ocrx_word' id='word_1_48' title='bbox 1508 1612 1689 1679; x_wconf 86' lang='lat' dir='ltr'><strong>cadit</strong></span> <span class='ocrx_word' id='word_1_49' title='bbox 1767 1612 1840 1677; x_wconf 88' lang='lat' dir='ltr'><strong>in</strong></span> <span class='ocrx_word' id='word_1_50' title='bbox 1924 1612 2144 1679; x_wconf 83' lang='lat' dir='ltr'><strong>virum</strong></span> <span class='ocrx_word' id='word_1_51' title='bbox 2229 1617 2659 1679; x_wconf 70' lang='lat' dir='ltr'><strong>constantem.</strong></span> 
     </span>
     <span class='ocr_line' id='line_1_9' title="bbox 546 1713 2660 1802; baseline 0.001 -23"><span class='ocrx_word' id='word_1_52' title='bbox 546 1713 681 1779; x_wconf 87' lang='lat' dir='ltr'><strong>Sed</strong></span> <span class='ocrx_word' id='word_1_53' title='bbox 746 1720 974 1780; x_wconf 85' lang='lat' dir='ltr'><strong>tamen</strong></span> <span class='ocrx_word' id='word_1_54' title='bbox 1040 1714 1229 1802; x_wconf 89' lang='lat' dir='ltr'><strong>quasi</strong></span> <span class='ocrx_word' id='word_1_55' title='bbox 1291 1714 1539 1800; x_wconf 88' lang='lat' dir='ltr'><strong>ubique</strong></span> <span class='ocrx_word' id='word_1_56' title='bbox 1599 1718 1705 1780; x_wconf 86' lang='lat' dir='ltr'><strong>est</strong></span> <span class='ocrx_word' id='word_1_57' title='bbox 1771 1714 2042 1793; x_wconf 82' lang='lat' dir='ltr'><strong>falsitas,</strong></span> <span class='ocrx_word' id='word_1_58' title='bbox 2089 1715 2248 1782; x_wconf 86' lang='lat' dir='ltr'><strong>licet</strong></span> <span class='ocrx_word' id='word_1_59' title='bbox 2322 1714 2660 1781; x_wconf 77' lang='lat' dir='ltr'><strong>dubitatio</strong></span> 
     </span>
     <span class='ocr_line' id='line_1_10' title="bbox 544 1816 2662 1889; baseline 0.001 -8"><span class='ocrx_word' id='word_1_60' title='bbox 544 1816 958 1883; x_wconf 76' lang='lat' dir='ltr'><strong>intercurrat.</strong></span> <span class='ocrx_word' id='word_1_61' title='bbox 1082 1818 1177 1883; x_wconf 87' lang='lat' dir='ltr'><strong>Et</strong></span> <span class='ocrx_word' id='word_1_62' title='bbox 1266 1840 1403 1885; x_wconf 91' lang='lat' dir='ltr'><strong>non</strong></span> <span class='ocrx_word' id='word_1_63' title='bbox 1460 1822 1944 1889; x_wconf 72' lang='lat' dir='ltr'><strong>evacuarentur</strong></span> <span class='ocrx_word' id='word_1_64' title='bbox 2029 1818 2136 1884; x_wconf 79' lang='lat' dir='ltr'><strong>hae</strong></span> <span class='ocrx_word' id='word_1_65' title='bbox 2197 1817 2524 1883; x_wconf 77' lang='lat' dir='ltr'><strong>falsitates</strong></span> <span class='ocrx_word' id='word_1_66' title='bbox 2590 1822 2662 1883; x_wconf 90' lang='lat' dir='ltr'><strong>et</strong></span> 
     </span>
     <span class='ocr_line' id='line_1_11' title="bbox 547 1916 2658 2008; baseline 0 -24"><span class='ocrx_word' id='word_1_67' title='bbox 547 1916 997 1987; x_wconf 76' lang='lat' dir='ltr'><strong>dubitationes</strong></span> <span class='ocrx_word' id='word_1_68' title='bbox 1090 1942 1209 2008; x_wconf 91' lang='lat' dir='ltr'><strong>per</strong></span> <span class='ocrx_word' id='word_1_69' title='bbox 1280 1916 1733 2008; x_wconf 74' lang='lat' dir='ltr'><strong>quantitatem</strong></span> <span class='ocrx_word' id='word_1_70' title='bbox 1800 1920 2177 1987; x_wconf 83' lang='lat' dir='ltr'><strong>medietatis</strong></span> <span class='ocrx_word' id='word_1_71' title='bbox 2262 1920 2522 1999; x_wconf 81' lang='lat' dir='ltr'><strong>Bibliae‚</strong></span> <span class='ocrx_word' id='word_1_72' title='bbox 2599 1920 2658 1985; x_wconf 89' lang='lat' dir='ltr'><strong>si</strong></span> 
     </span>
     <span class='ocr_line' id='line_1_12' title="bbox 547 2022 2660 2109; baseline 0 -22"><span class='ocrx_word' id='word_1_73' title='bbox 547 2024 873 2089; x_wconf 88' lang='lat' dir='ltr'><strong>certitudo</strong></span> <span class='ocrx_word' id='word_1_74' title='bbox 953 2022 1425 2109; x_wconf 87' lang='lat' dir='ltr'><strong>probationum</strong></span> <span class='ocrx_word' id='word_1_75' title='bbox 1504 2022 1948 2103; x_wconf 87' lang='lat' dir='ltr'><strong>induceretur,</strong></span> <span class='ocrx_word' id='word_1_76' title='bbox 2019 2029 2104 2090; x_wconf 92' lang='lat' dir='ltr'><strong>ut</strong></span> <span class='ocrx_word' id='word_1_77' title='bbox 2180 2024 2353 2089; x_wconf 89' lang='lat' dir='ltr'><strong>ratio</strong></span> <span class='ocrx_word' id='word_1_78' title='bbox 2444 2022 2660 2109; x_wconf 84' lang='lat' dir='ltr'><strong>exigit</strong></span> 
     </span>
     <span class='ocr_line' id='line_1_13' title="bbox 547 2126 2660 2213; baseline -0 -22"><span class='ocrx_word' id='word_1_79' title='bbox 547 2127 931 2213; x_wconf 85' lang='lat' dir='ltr'><strong>corrigendi.</strong></span> <span class='ocrx_word' id='word_1_80' title='bbox 1050 2126 1145 2193; x_wconf 83' lang='lat' dir='ltr'><strong>Et</strong></span> <span class='ocrx_word' id='word_1_81' title='bbox 1232 2127 1381 2193; x_wconf 89' lang='lat' dir='ltr'><strong>ideo</strong></span> <span class='ocrx_word' id='word_1_82' title='bbox 1456 2148 1683 2192; x_wconf 86' lang='lat' dir='ltr'><strong>omnes</strong></span> <span class='ocrx_word' id='word_1_83' title='bbox 1754 2126 2050 2213; x_wconf 83' lang='lat' dir='ltr'><strong>theologi</strong></span> <span class='ocrx_word' id='word_1_84' title='bbox 2123 2148 2300 2192; x_wconf 89' lang='lat' dir='ltr'><strong>nunc</strong></span> <span class='ocrx_word' id='word_1_85' title='bbox 2373 2129 2660 2191; x_wconf 87' lang='lat' dir='ltr'><strong>utuntur</strong></span> 
     </span>
     <span class='ocr_line' id='line_1_14' title="bbox 546 2227 2662 2317; baseline 0.002 -27"><span class='ocrx_word' id='word_1_86' title='bbox 546 2227 620 2291; x_wconf 90' lang='lat' dir='ltr'><strong>in</strong></span> <span class='ocrx_word' id='word_1_87' title='bbox 696 2228 975 2314; x_wconf 87' lang='lat' dir='ltr'><strong>legendo</strong></span> <span class='ocrx_word' id='word_1_88' title='bbox 1050 2235 1121 2295; x_wconf 88' lang='lat' dir='ltr'><strong>et</strong></span> <span class='ocrx_word' id='word_1_89' title='bbox 1186 2228 1611 2317; x_wconf 70' lang='lat' dir='ltr'><strong>praedicando</strong></span> <span class='ocrx_word' id='word_1_90' title='bbox 1696 2227 1882 2293; x_wconf 89' lang='lat' dir='ltr'><strong>falsis</strong></span> <span class='ocrx_word' id='word_1_91' title='bbox 1967 2227 2498 2307; x_wconf 84' lang='lat' dir='ltr'><strong>auctoritatibus,</strong></span> <span class='ocrx_word' id='word_1_92' title='bbox 2590 2233 2662 2295; x_wconf 89' lang='lat' dir='ltr'><strong>et</strong></span> 
     </span>
     <span class='ocr_line' id='line_1_15' title="bbox 546 2330 2661 2419; baseline 0 -25"><span class='ocrx_word' id='word_1_93' title='bbox 546 2331 851 2397; x_wconf 87' lang='lat' dir='ltr'><strong>nesciunt</strong></span> <span class='ocrx_word' id='word_1_94' title='bbox 932 2331 1237 2419; x_wconf 88' lang='lat' dir='ltr'><strong>proferre,</strong></span> <span class='ocrx_word' id='word_1_95' title='bbox 1332 2337 1405 2397; x_wconf 87' lang='lat' dir='ltr'><strong>et</strong></span> <span class='ocrx_word' id='word_1_96' title='bbox 1484 2352 1603 2418; x_wconf 92' lang='lat' dir='ltr'><strong>per</strong></span> <span class='ocrx_word' id='word_1_97' title='bbox 1688 2352 2090 2418; x_wconf 81' lang='lat' dir='ltr'><strong>consequens</strong></span> <span class='ocrx_word' id='word_1_98' title='bbox 2197 2352 2320 2397; x_wconf 90' lang='lat' dir='ltr'><strong>nec</strong></span> <span class='ocrx_word' id='word_1_99' title='bbox 2406 2330 2661 2417; x_wconf 86' lang='lat' dir='ltr'><strong>aliquid</strong></span> 
     </span>
     <span class='ocr_line' id='line_1_16' title="bbox 547 2433 1713 2522; baseline 0.001 -24"><span class='ocrx_word' id='word_1_100' title='bbox 547 2433 823 2520; x_wconf 86' lang='lat' dir='ltr'><strong>dignum</strong></span> <span class='ocrx_word' id='word_1_101' title='bbox 866 2435 1253 2522; x_wconf 82' lang='lat' dir='ltr'><strong>intelligere,</strong></span> <span class='ocrx_word' id='word_1_102' title='bbox 1302 2434 1413 2499; x_wconf 82' lang='lat' dir='ltr'><strong>vel</strong></span> <span class='ocrx_word' id='word_1_103' title='bbox 1460 2434 1713 2501; x_wconf 91' lang='lat' dir='ltr'><strong>docere.</strong></span> 
     </span>
    </p>

    <p class='ocr_par' dir='ltr' id='par_1_4' title="bbox 541 2536 2956 3446">
     <span class='ocr_line' id='line_1_17' title="bbox 642 2536 2938 2625; baseline 0.003 -24"><span class='ocrx_word' id='word_1_104' title='bbox 642 2536 841 2603; x_wconf 89' lang='lat' dir='ltr'><strong>Nunc</strong></span> <span class='ocrx_word' id='word_1_105' title='bbox 930 2543 1195 2603; x_wconf 88' lang='lat' dir='ltr'><strong>ostensa</strong></span> <span class='ocrx_word' id='word_1_106' title='bbox 1266 2543 1369 2603; x_wconf 88' lang='lat' dir='ltr'><strong>est</strong></span> <span class='ocrx_word' id='word_1_107' title='bbox 1432 2538 1976 2625; x_wconf 85' lang='lat' dir='ltr'><strong>qualitercunque</strong></span> <span class='ocrx_word' id='word_1_108' title='bbox 2029 2560 2166 2603; x_wconf 83' lang='lat' dir='ltr'><strong>una</strong></span> <span class='ocrx_word' id='word_1_109' title='bbox 2221 2558 2372 2625; x_wconf 87' lang='lat' dir='ltr'><strong>pars</strong></span> <span class='ocrx_word' id='word_1_110' title='bbox 2437 2537 2656 2605; x_wconf 80' lang='lat' dir='ltr'><strong>tertiae</strong></span> <span class='ocrx_word' id='word_1_111' title='bbox 2683 2550 2938 2607; x_wconf 73' lang='lat' dir='ltr'><strong>Instances</strong></span> 
     </span>
     <span class='ocr_line' id='line_1_18' title="bbox 548 2620 2956 2748; baseline 0 -43"><span class='ocrx_word' id='word_1_112' title='bbox 548 2640 836 2720; x_wconf 82' lang='lat' dir='ltr'><strong>decimae,</strong></span> <span class='ocrx_word' id='word_1_113' title='bbox 899 2662 1101 2727; x_wconf 86' lang='lat' dir='ltr'><strong>quare</strong></span> <span class='ocrx_word' id='word_1_114' title='bbox 1176 2643 1481 2727; x_wconf 88' lang='lat' dir='ltr'><strong>oporteat</strong></span> <span class='ocrx_word' id='word_1_115' title='bbox 1526 2639 1802 2706; x_wconf 60' lang='lat' dir='ltr'><strong>latinos</strong></span> <span class='ocrx_word' id='word_1_116' title='bbox 1865 2642 2025 2705; x_wconf 89' lang='lat' dir='ltr'><strong>scire</strong></span> <span class='ocrx_word' id='word_1_117' title='bbox 2091 2640 2366 2729; x_wconf 80' lang='lat' dir='ltr'><strong>linguas.</strong></span> <span class='ocrx_word' id='word_1_118' title='bbox 2457 2638 2656 2706; x_wconf 89' lang='lat' dir='ltr'><strong>Nunc</strong></span> <span class='ocrx_word' id='word_1_119' title='bbox 2679 2620 2956 2748; x_wconf 56' lang='grc' dir='ltr'><strong>ῗξξῗῗηοζ</strong></span> 
     </span>
     <span class='ocr_line' id='line_1_19' title="bbox 549 2743 2920 2830; baseline -0.001 -23"><span class='ocrx_word' id='word_1_120' title='bbox 549 2744 700 2807; x_wconf 84' lang='lat' dir='ltr'><strong>volo</strong></span> <span class='ocrx_word' id='word_1_121' title='bbox 763 2743 1113 2809; x_wconf 84' lang='lat' dir='ltr'><strong>secundam</strong></span> <span class='ocrx_word' id='word_1_122' title='bbox 1190 2748 1446 2829; x_wconf 74' lang='lat' dir='ltr'><strong>partem</strong></span> <span class='ocrx_word' id='word_1_123' title='bbox 1518 2748 1809 2830; x_wconf 86' lang='lat' dir='ltr'><strong>tangere,</strong></span> <span class='ocrx_word' id='word_1_124' title='bbox 1869 2764 2019 2829; x_wconf 77' lang='lat' dir='ltr'><strong>quae</strong></span> <span class='ocrx_word' id='word_1_125' title='bbox 2081 2750 2188 2810; x_wconf 85' lang='lat' dir='ltr'><strong>est</strong></span> <span class='ocrx_word' id='word_1_126' title='bbox 2248 2744 2332 2810; x_wconf 88' lang='lat' dir='ltr'><strong>de</strong></span> <span class='ocrx_word' id='word_1_127' title='bbox 2399 2744 2658 2830; x_wconf 81' lang='lat' dir='ltr'><strong>exposi-</strong></span> <span class='ocrx_word' id='word_1_128' title='bbox 2681 2770 2772 2805; x_wconf 78' lang='lat' dir='ltr'><strong>cen</strong></span> <span class='ocrx_word' id='word_1_129' title='bbox 2739 2762 2796 2805; x_wconf 81' lang='lat' dir='ltr'><strong>nt</strong></span> <span class='ocrx_word' id='word_1_130' title='bbox 2818 2758 2920 2805; x_wconf 77' lang='lat' dir='ltr'><strong>and</strong></span> 
     </span>
     <span class='ocr_line' id='line_1_20' title="bbox 549 2824 2923 2934; baseline 0 -23"><span class='ocrx_word' id='word_1_131' title='bbox 549 2845 731 2912; x_wconf 89' lang='lat' dir='ltr'><strong>tione</strong></span> <span class='ocrx_word' id='word_1_132' title='bbox 800 2850 1048 2927; x_wconf 72' lang='lat' dir='ltr'><strong>textuS,</strong></span> <span class='ocrx_word' id='word_1_133' title='bbox 1127 2846 1255 2914; x_wconf 87' lang='lat' dir='ltr'><strong>etsi</strong></span> <span class='ocrx_word' id='word_1_134' title='bbox 1328 2844 1517 2912; x_wconf 88' lang='lat' dir='ltr'><strong>nulla</strong></span> <span class='ocrx_word' id='word_1_135' title='bbox 1582 2850 1755 2912; x_wconf 87' lang='lat' dir='ltr'><strong>esset</strong></span> <span class='ocrx_word' id='word_1_136' title='bbox 1825 2846 2096 2914; x_wconf 79' lang='lat' dir='ltr'><strong>falsitas.</strong></span> <span class='ocrx_word' id='word_1_137' title='bbox 2209 2847 2344 2914; x_wconf 87' lang='lat' dir='ltr'><strong>Sed</strong></span> <span class='ocrx_word' id='word_1_138' title='bbox 2416 2868 2660 2934; x_wconf 83' lang='lat' dir='ltr'><strong>magna</strong></span> <span class='ocrx_word' id='word_1_139' title='bbox 2679 2824 2923 2892; x_wconf 75' lang='lat' dir='ltr'><strong>quantity.</strong></span> 
     </span>
     <span class='ocr_line' id='line_1_21' title="bbox 549 2948 2662 3037; baseline 0.001 -24"><span class='ocrx_word' id='word_1_140' title='bbox 549 2949 887 3014; x_wconf 87' lang='lat' dir='ltr'><strong>festinatio</strong></span> <span class='ocrx_word' id='word_1_141' title='bbox 962 2950 1142 3037; x_wconf 87' lang='lat' dir='ltr'><strong>cogit</strong></span> <span class='ocrx_word' id='word_1_142' title='bbox 1215 2971 1322 3015; x_wconf 89' lang='lat' dir='ltr'><strong>me</strong></span> <span class='ocrx_word' id='word_1_143' title='bbox 1396 2948 1485 3016; x_wconf 84' lang='lat' dir='ltr'><strong>ad</strong></span> <span class='ocrx_word' id='word_1_144' title='bbox 1575 2949 2016 3030; x_wconf 64' lang='lat' dir='ltr'><strong>brevitatem</strong></span> <span class='ocrx_word' id='word_1_145' title='bbox 2107 2955 2182 3016; x_wconf 86' lang='lat' dir='ltr'><strong>et</strong></span> <span class='ocrx_word' id='word_1_146' title='bbox 2239 2950 2398 3037; x_wconf 83' lang='lat' dir='ltr'><strong>quia</strong></span> <span class='ocrx_word' id='word_1_147' title='bbox 2469 2948 2662 3036; x_wconf 87' lang='lat' dir='ltr'><strong>plura</strong></span> 
     </span>
     <span class='ocr_line' id='line_1_22' title="bbox 541 3050 2662 3140; baseline 0.001 -24"><span class='ocrx_word' id='word_1_148' title='bbox 541 3050 683 3136; x_wconf 84' lang='lat' dir='ltr'><strong>jam</strong></span> <span class='ocrx_word' id='word_1_149' title='bbox 754 3052 1003 3140; x_wconf 86' lang='lat' dir='ltr'><strong>scripta</strong></span> <span class='ocrx_word' id='word_1_150' title='bbox 1074 3056 1233 3117; x_wconf 88' lang='lat' dir='ltr'><strong>sunt</strong></span> <span class='ocrx_word' id='word_1_151' title='bbox 1306 3073 1505 3138; x_wconf 86' lang='lat' dir='ltr'><strong>quam</strong></span> <span class='ocrx_word' id='word_1_152' title='bbox 1568 3073 1612 3116; x_wconf 88' lang='lat' dir='ltr'><strong>a</strong></span> <span class='ocrx_word' id='word_1_153' title='bbox 1675 3051 2000 3139; x_wconf 89' lang='lat' dir='ltr'><strong>principio</strong></span> <span class='ocrx_word' id='word_1_154' title='bbox 2069 3052 2416 3130; x_wconf 79' lang='lat' dir='ltr'><strong>aestimavi‚</strong></span> <span class='ocrx_word' id='word_1_155' title='bbox 2530 3051 2662 3118; x_wconf 86' lang='lat' dir='ltr'><strong>Re-</strong></span> 
     </span>
     <span class='ocr_line' id='line_1_23' title="bbox 550 3154 2665 3243; baseline 0.001 -25"><span class='ocrx_word' id='word_1_156' title='bbox 550 3155 815 3221; x_wconf 86' lang='lat' dir='ltr'><strong>volvam</strong></span> <span class='ocrx_word' id='word_1_157' title='bbox 880 3161 1109 3221; x_wconf 81' lang='lat' dir='ltr'><strong>tamen</strong></span> <span class='ocrx_word' id='word_1_158' title='bbox 1190 3155 1445 3240; x_wconf 84' lang='lat' dir='ltr'><strong>aliquos</strong></span> <span class='ocrx_word' id='word_1_159' title='bbox 1510 3154 1822 3221; x_wconf 87' lang='lat' dir='ltr'><strong>articulos</strong></span> <span class='ocrx_word' id='word_1_160' title='bbox 1895 3177 2044 3220; x_wconf 89' lang='lat' dir='ltr'><strong>cum</strong></span> <span class='ocrx_word' id='word_1_161' title='bbox 2119 3155 2438 3243; x_wconf 82' lang='lat' dir='ltr'><strong>exemplis</strong></span> <span class='ocrx_word' id='word_1_162' title='bbox 2527 3155 2665 3220; x_wconf 87' lang='lat' dir='ltr'><strong>suis</strong></span> 
     </span>
     <span class='ocr_line' id='line_1_24' title="bbox 551 3257 2663 3344; baseline 0.001 -23"><span class='ocrx_word' id='word_1_163' title='bbox 551 3257 961 3338; x_wconf 79' lang='lat' dir='ltr'><strong>necessariOS‚</strong></span> <span class='ocrx_word' id='word_1_164' title='bbox 1050 3262 1133 3323; x_wconf 90' lang='lat' dir='ltr'><strong>ut</strong></span> <span class='ocrx_word' id='word_1_165' title='bbox 1220 3258 1454 3322; x_wconf 85' lang='lat' dir='ltr'><strong>saltem</strong></span> <span class='ocrx_word' id='word_1_166' title='bbox 1544 3261 1679 3323; x_wconf 88' lang='lat' dir='ltr'><strong>stet</strong></span> <span class='ocrx_word' id='word_1_167' title='bbox 1769 3259 2102 3344; x_wconf 86' lang='lat' dir='ltr'><strong>persuasio</strong></span> <span class='ocrx_word' id='word_1_168' title='bbox 2169 3259 2663 3336; x_wconf 85' lang='lat' dir='ltr'><strong>introductoria,</strong></span> 
     </span>
     <span class='ocr_line' id='line_1_25' title="bbox 554 3359 2666 3446; baseline 0 -21"><span class='ocrx_word' id='word_1_169' title='bbox 554 3361 871 3445; x_wconf 82' lang='lat' dir='ltr'><strong>quatinus</strong></span> <span class='ocrx_word' id='word_1_170' title='bbox 950 3360 1033 3425; x_wconf 83' lang='lat' dir='ltr'><strong>ad</strong></span> <span class='ocrx_word' id='word_1_171' title='bbox 1118 3360 1373 3446; x_wconf 84' lang='lat' dir='ltr'><strong>majora</strong></span> <span class='ocrx_word' id='word_1_172' title='bbox 1454 3361 1810 3446; x_wconf 82' lang='lat' dir='ltr'><strong>prudentes</strong></span> <span class='ocrx_word' id='word_1_173' title='bbox 1887 3359 2196 3426; x_wconf 77' lang='lat' dir='ltr'><strong>homines</strong></span> <span class='ocrx_word' id='word_1_174' title='bbox 2280 3361 2666 3426; x_wconf 84' lang='lat' dir='ltr'><strong>excitentur.</strong></span> 
     </span>
    </p>

    <p class='ocr_par' dir='ltr' id='par_1_5' title="bbox 555 3461 2706 4784">
     <span class='ocr_line' id='line_1_26' title="bbox 556 3461 2670 3548; baseline 0 -20"><span class='ocrx_word' id='word_1_175' title='bbox 556 3462 630 3528; x_wconf 83' lang='lat' dir='ltr'><strong>Si</strong></span> <span class='ocrx_word' id='word_1_176' title='bbox 710 3463 919 3548; x_wconf 88' lang='lat' dir='ltr'><strong>igitur</strong></span> <span class='ocrx_word' id='word_1_177' title='bbox 1008 3463 1205 3529; x_wconf 84' lang='lat' dir='ltr'><strong>litera</strong></span> <span class='ocrx_word' id='word_1_178' title='bbox 1296 3467 1445 3528; x_wconf 83' lang='lat' dir='ltr'><strong>tota</strong></span> <span class='ocrx_word' id='word_1_179' title='bbox 1528 3467 1700 3528; x_wconf 87' lang='lat' dir='ltr'><strong>esset</strong></span> <span class='ocrx_word' id='word_1_180' title='bbox 1769 3461 2112 3527; x_wconf 81' lang='lat' dir='ltr'><strong>verissima</strong></span> <span class='ocrx_word' id='word_1_181' title='bbox 2193 3467 2266 3527; x_wconf 91' lang='lat' dir='ltr'><strong>et</strong></span> <span class='ocrx_word' id='word_1_182' title='bbox 2339 3463 2670 3528; x_wconf 87' lang='lat' dir='ltr'><strong>correctis-</strong></span> 
     </span>
     <span class='ocr_line' id='line_1_27' title="bbox 555 3565 2672 3653; baseline 0.001 -25"><span class='ocrx_word' id='word_1_183' title='bbox 555 3565 738 3643; x_wconf 83' lang='lat' dir='ltr'><strong>sima,</strong></span> <span class='ocrx_word' id='word_1_184' title='bbox 832 3565 1046 3630; x_wconf 88' lang='lat' dir='ltr'><strong>adhuc</strong></span> <span class='ocrx_word' id='word_1_185' title='bbox 1142 3570 1413 3653; x_wconf 89' lang='lat' dir='ltr'><strong>propter</strong></span> <span class='ocrx_word' id='word_1_186' title='bbox 1500 3565 1643 3650; x_wconf 86' lang='lat' dir='ltr'><strong>ejus</strong></span> <span class='ocrx_word' id='word_1_187' title='bbox 1737 3565 2216 3651; x_wconf 85' lang='lat' dir='ltr'><strong>expositionem</strong></span> <span class='ocrx_word' id='word_1_188' title='bbox 2313 3565 2672 3650; x_wconf 86' lang='lat' dir='ltr'><strong>requiritur</strong></span> 
     </span>
     <span class='ocr_line' id='line_1_28' title="bbox 556 3665 2672 3755; baseline -0 -22"><span class='ocrx_word' id='word_1_189' title='bbox 556 3668 845 3755; x_wconf 88' lang='lat' dir='ltr'><strong>cognitio</strong></span> <span class='ocrx_word' id='word_1_190' title='bbox 920 3668 1215 3734; x_wconf 83' lang='lat' dir='ltr'><strong>maxima</strong></span> <span class='ocrx_word' id='word_1_191' title='bbox 1301 3667 1693 3755; x_wconf 86' lang='lat' dir='ltr'><strong>linguarum.</strong></span> <span class='ocrx_word' id='word_1_192' title='bbox 1819 3667 1934 3733; x_wconf 91' lang='lat' dir='ltr'><strong>Ita</strong></span> <span class='ocrx_word' id='word_1_193' title='bbox 2015 3667 2180 3733; x_wconf 86' lang='lat' dir='ltr'><strong>dicit</strong></span> <span class='ocrx_word' id='word_1_194' title='bbox 2251 3665 2672 3753; x_wconf 86' lang='lat' dir='ltr'><strong>Augustinus</strong></span> 
     </span>
     <span class='ocr_line' id='line_1_29' title="bbox 556 3769 2672 3857; baseline 0 -21"><span class='ocrx_word' id='word_1_195' title='bbox 556 3772 841 3838; x_wconf 88' lang='lat' dir='ltr'><strong>secundo</strong></span> <span class='ocrx_word' id='word_1_196' title='bbox 906 3772 1011 3836; x_wconf 92' lang='lat' dir='ltr'><strong>De</strong></span> <span class='ocrx_word' id='word_1_197' title='bbox 1074 3770 1397 3838; x_wconf 86' lang='lat' dir='ltr'><strong>Doctrina</strong></span> <span class='ocrx_word' id='word_1_198' title='bbox 1458 3769 1888 3850; x_wconf 83' lang='lat' dir='ltr'><strong>Christiana3</strong></span> <span class='ocrx_word' id='word_1_199' title='bbox 1947 3774 2018 3836; x_wconf 90' lang='lat' dir='ltr'><strong>et</strong></span> <span class='ocrx_word' id='word_1_200' title='bbox 2091 3769 2544 3857; x_wconf 83' lang='lat' dir='ltr'><strong>Hieronymus</strong></span> <span class='ocrx_word' id='word_1_201' title='bbox 2601 3774 2672 3837; x_wconf 87' lang='lat' dir='ltr'><strong>et</strong></span> 
     </span>
     <span class='ocr_line' id='line_1_30' title="bbox 558 3871 2672 3952; baseline 0 -12"><span class='ocrx_word' id='word_1_202' title='bbox 558 3895 783 3940; x_wconf 85' lang='lat' dir='ltr'><strong>omnes</strong></span> <span class='ocrx_word' id='word_1_203' title='bbox 826 3874 951 3940; x_wconf 93' lang='lat' dir='ltr'><strong>hoc</strong></span> <span class='ocrx_word' id='word_1_204' title='bbox 994 3873 1249 3952; x_wconf 90' lang='lat' dir='ltr'><strong>docent,</strong></span> <span class='ocrx_word' id='word_1_205' title='bbox 1294 3879 1367 3940; x_wconf 91' lang='lat' dir='ltr'><strong>et</strong></span> <span class='ocrx_word' id='word_1_206' title='bbox 1409 3873 1693 3940; x_wconf 86' lang='lat' dir='ltr'><strong>firmiter</strong></span> <span class='ocrx_word' id='word_1_207' title='bbox 1734 3873 2148 3940; x_wconf 83' lang='lat' dir='ltr'><strong>confitentur.</strong></span> <span class='ocrx_word' id='word_1_208' title='bbox 2244 3871 2444 3938; x_wconf 84' lang='lat' dir='ltr'><strong>Unus</strong></span> <span class='ocrx_word' id='word_1_209' title='bbox 2485 3893 2672 3940; x_wconf 88' lang='lat' dir='ltr'><strong>casus</strong></span> 
     </span>
     <span class='ocr_line' id='line_1_31' title="bbox 557 3975 2672 4066; baseline -0 -23"><span class='ocrx_word' id='word_1_210' title='bbox 557 3983 659 4043; x_wconf 88' lang='lat' dir='ltr'><strong>est</strong></span> <span class='ocrx_word' id='word_1_211' title='bbox 702 3983 968 4066; x_wconf 90' lang='lat' dir='ltr'><strong>propter</strong></span> <span class='ocrx_word' id='word_1_212' title='bbox 1012 3979 1336 4058; x_wconf 72' lang='lat' dir='ltr'><strong>accentuS,</strong></span> <span class='ocrx_word' id='word_1_213' title='bbox 1385 3983 1456 4043; x_wconf 85' lang='lat' dir='ltr'><strong>et</strong></span> <span class='ocrx_word' id='word_1_214' title='bbox 1498 3976 1983 4065; x_wconf 86' lang='lat' dir='ltr'><strong>longitudinem</strong></span> <span class='ocrx_word' id='word_1_215' title='bbox 2043 3981 2114 4042; x_wconf 92' lang='lat' dir='ltr'><strong>et</strong></span> <span class='ocrx_word' id='word_1_216' title='bbox 2155 3975 2554 4043; x_wconf 83' lang='lat' dir='ltr'><strong>brevitatem</strong></span> <span class='ocrx_word' id='word_1_217' title='bbox 2597 3976 2672 4042; x_wconf 87' lang='lat' dir='ltr'><strong>in</strong></span> 
     </span>
     <span class='ocr_line' id='line_1_32' title="bbox 558 4079 2706 4167; baseline 0 -21"><span class='ocrx_word' id='word_1_218' title='bbox 558 4081 963 4167; x_wconf 87' lang='lat' dir='ltr'><strong>penultimis,</strong></span> <span class='ocrx_word' id='word_1_219' title='bbox 1072 4081 1231 4167; x_wconf 85' lang='lat' dir='ltr'><strong>quia</strong></span> <span class='ocrx_word' id='word_1_220' title='bbox 1318 4080 1478 4146; x_wconf 88' lang='lat' dir='ltr'><strong>licet</strong></span> <span class='ocrx_word' id='word_1_221' title='bbox 1563 4079 1759 4146; x_wconf 84' lang='lat' dir='ltr'><strong>litera</strong></span> <span class='ocrx_word' id='word_1_222' title='bbox 1839 4079 1931 4146; x_wconf 88' lang='lat' dir='ltr'><strong>sit</strong></span> <span class='ocrx_word' id='word_1_223' title='bbox 2003 4101 2164 4146; x_wconf 84' lang='lat' dir='ltr'><strong>vera</strong></span> <span class='ocrx_word' id='word_1_224' title='bbox 2235 4099 2372 4146; x_wconf 91' lang='lat' dir='ltr'><strong>non</strong></span> <span class='ocrx_word' id='word_1_225' title='bbox 2446 4085 2706 4146; x_wconf 78' lang='lat' dir='ltr'><strong>tamen-</strong></span> 
     </span>
     <span class='ocr_line' id='line_1_33' title="bbox 564 4169 2674 4271; baseline 0 -24"><span class='ocrx_word' id='word_1_226' title='bbox 564 4189 835 4271; x_wconf 88' lang='lat' dir='ltr'><strong>propter</strong></span> <span class='ocrx_word' id='word_1_227' title='bbox 875 4183 1001 4250; x_wconf 89' lang='lat' dir='ltr'><strong>hoc</strong></span> <span class='ocrx_word' id='word_1_228' title='bbox 1044 4183 1263 4250; x_wconf 86' lang='lat' dir='ltr'><strong>sciunt</strong></span> <span class='ocrx_word' id='word_1_229' title='bbox 1304 4183 1461 4248; x_wconf 77' lang='lat' dir='ltr'><strong>htec.</strong></span> <span class='ocrx_word' id='word_1_230' title='bbox 1540 4169 1635 4247; x_wconf 84' lang='lat' dir='ltr'><strong>Et</strong></span> <span class='ocrx_word' id='word_1_231' title='bbox 1676 4186 1855 4248; x_wconf 87' lang='lat' dir='ltr'><strong>certe</strong></span> <span class='ocrx_word' id='word_1_232' title='bbox 1897 4181 1972 4247; x_wconf 90' lang='lat' dir='ltr'><strong>in</strong></span> <span class='ocrx_word' id='word_1_233' title='bbox 2015 4181 2396 4248; x_wconf 86' lang='lat' dir='ltr'><strong>nominibus</strong></span> <span class='ocrx_word' id='word_1_234' title='bbox 2426 4181 2674 4249; x_wconf 76' lang='lat' dir='ltr'><strong>Graecis</strong></span> 
     </span>
     <span class='ocr_line' id='line_1_34' title="bbox 560 4283 2672 4374; baseline -0.001 -23"><span class='ocrx_word' id='word_1_235' title='bbox 560 4292 631 4351; x_wconf 86' lang='lat' dir='ltr'><strong>et</strong></span> <span class='ocrx_word' id='word_1_236' title='bbox 680 4285 1003 4365; x_wconf 68' lang='lat' dir='ltr'><strong>Hebraeis,</strong></span> <span class='ocrx_word' id='word_1_237' title='bbox 1049 4307 1187 4352; x_wconf 90' lang='lat' dir='ltr'><strong>non</strong></span> <span class='ocrx_word' id='word_1_238' title='bbox 1250 4289 1531 4374; x_wconf 85' lang='lat' dir='ltr'><strong>possunt</strong></span> <span class='ocrx_word' id='word_1_239' title='bbox 1592 4285 1745 4349; x_wconf 84' lang='lat' dir='ltr'><strong>sciri</strong></span> <span class='ocrx_word' id='word_1_240' title='bbox 1811 4283 1942 4350; x_wconf 85' lang='lat' dir='ltr'><strong>nisi</strong></span> <span class='ocrx_word' id='word_1_241' title='bbox 2003 4307 2124 4372; x_wconf 87' lang='lat' dir='ltr'><strong>per</strong></span> <span class='ocrx_word' id='word_1_242' title='bbox 2173 4284 2672 4372; x_wconf 82' lang='lat' dir='ltr'><strong>grammaticam</strong></span> 
     </span>
     <span class='ocr_line' id='line_1_35' title="bbox 562 4385 2669 4478; baseline -0 -25"><span class='ocrx_word' id='word_1_243' title='bbox 562 4389 827 4454; x_wconf 88' lang='lat' dir='ltr'><strong>illarum</strong></span> <span class='ocrx_word' id='word_1_244' title='bbox 900 4389 1293 4478; x_wconf 86' lang='lat' dir='ltr'><strong>linguarum.</strong></span> <span class='ocrx_word' id='word_1_245' title='bbox 1384 4385 1593 4453; x_wconf 89' lang='lat' dir='ltr'><strong>Verbi</strong></span> <span class='ocrx_word' id='word_1_246' title='bbox 1659 4386 1895 4474; x_wconf 83' lang='lat' dir='ltr'><strong>gratia,</strong></span> <span class='ocrx_word' id='word_1_247' title='bbox 1974 4385 2190 4454; x_wconf 83' lang='lat' dir='ltr'><strong>Maria</strong></span> <span class='ocrx_word' id='word_1_248' title='bbox 2263 4386 2669 4474; x_wconf 79' lang='lat' dir='ltr'><strong>Msgdslene,</strong></span> 
     </span>
     <span class='ocr_line' id='line_1_36' title="bbox 558 4487 2672 4580; baseline -0.002 -22"><span class='ocrx_word' id='word_1_249' title='bbox 558 4491 998 4579; x_wconf 84' lang='lat' dir='ltr'><strong>penultimam</strong></span> <span class='ocrx_word' id='word_1_250' title='bbox 1040 4492 1433 4580; x_wconf 87' lang='lat' dir='ltr'><strong>productam</strong></span> <span class='ocrx_word' id='word_1_251' title='bbox 1494 4488 1699 4555; x_wconf 89' lang='lat' dir='ltr'><strong>habet</strong></span> <span class='ocrx_word' id='word_1_252' title='bbox 1758 4487 2053 4576; x_wconf 85' lang='lat' dir='ltr'><strong>proferri,</strong></span> <span class='ocrx_word' id='word_1_253' title='bbox 2097 4511 2257 4555; x_wconf 88' lang='lat' dir='ltr'><strong>nam</strong></span> <span class='ocrx_word' id='word_1_254' title='bbox 2316 4489 2392 4554; x_wconf 91' lang='lat' dir='ltr'><strong>in</strong></span> <span class='ocrx_word' id='word_1_255' title='bbox 2444 4487 2672 4555; x_wconf 85' lang='lat' dir='ltr'><strong>Graeco</strong></span> 
     </span>
     <span class='ocr_line' id='line_1_37' title="bbox 556 4591 2674 4683; baseline -0.001 -23"><span class='ocrx_word' id='word_1_256' title='bbox 556 4595 865 4661; x_wconf 88' lang='lat' dir='ltr'><strong>scribitur</strong></span> <span class='ocrx_word' id='word_1_257' title='bbox 906 4617 1027 4683; x_wconf 91' lang='lat' dir='ltr'><strong>per</strong></span> <span class='ocrx_word' id='word_1_258' title='bbox 1068 4601 1193 4676; x_wconf 80' lang='lat' dir='ltr'><strong>eta,</strong></span> <span class='ocrx_word' id='word_1_259' title='bbox 1238 4594 1363 4660; x_wconf 89' lang='lat' dir='ltr'><strong>hoc</strong></span> <span class='ocrx_word' id='word_1_260' title='bbox 1407 4597 1509 4660; x_wconf 85' lang='lat' dir='ltr'><strong>est</strong></span> <span class='ocrx_word' id='word_1_261' title='bbox 1551 4614 1669 4681; x_wconf 91' lang='lat' dir='ltr'><strong>per</strong></span> <span class='ocrx_word' id='word_1_262' title='bbox 1710 4613 1746 4659; x_wconf 78' lang='lat' dir='ltr'><strong>c</strong></span> <span class='ocrx_word' id='word_1_263' title='bbox 1789 4591 2078 4680; x_wconf 86' lang='lat' dir='ltr'><strong>longum.</strong></span> <span class='ocrx_word' id='word_1_264' title='bbox 2191 4591 2401 4658; x_wconf 83' lang='lat' dir='ltr'><strong>Marci</strong></span> <span class='ocrx_word' id='word_1_265' title='bbox 2465 4591 2674 4679; x_wconf 89' lang='lat' dir='ltr'><strong>igitur</strong></span> 
     </span>
     <span class='ocr_line' id='line_1_38' title="bbox 558 4693 2675 4784; baseline 0 -20"><span class='ocrx_word' id='word_1_266' title='bbox 558 4697 812 4779; x_wconf 83' lang='lat' dir='ltr'><strong>ultime,</strong></span> <span class='ocrx_word' id='word_1_267' title='bbox 844 4704 915 4766; x_wconf 91' lang='lat' dir='ltr'><strong>et</strong></span> <span class='ocrx_word' id='word_1_268' title='bbox 958 4697 1136 4780; x_wconf 87' lang='lat' dir='ltr'><strong>alibi,</strong></span> <span class='ocrx_word' id='word_1_269' title='bbox 1169 4697 1481 4766; x_wconf 84' lang='lat' dir='ltr'><strong>scribitur</strong></span> <span class='ocrx_word' id='word_1_270' title='bbox 1521 4696 1693 4764; x_wconf 87' lang='lat' dir='ltr'><strong>sicut</strong></span> <span class='ocrx_word' id='word_1_271' title='bbox 1722 4695 1964 4778; x_wconf 71' lang='lat' dir='ltr'><strong>Graece,</strong></span> <span class='ocrx_word' id='word_1_272' title='bbox 1996 4693 2175 4783; x_wconf 83' lang='lat' dir='ltr'><strong>quod</strong></span> <span class='ocrx_word' id='word_1_273' title='bbox 2202 4695 2428 4764; x_wconf 85' lang='lat' dir='ltr'><strong>nullus</strong></span> <span class='ocrx_word' id='word_1_274' title='bbox 2453 4699 2675 4784; x_wconf 86' lang='lat' dir='ltr'><strong>potest</strong></span> 
     </span>
    </p>
   </div>
   <div class='ocr_carea' id='block_1_4' title="bbox 3159 4597 3198 4972">
    <p class='ocr_par' dir='ltr' id='par_1_6' title="bbox 3159 4597 3198 4972">
     <span class='ocr_line' id='line_1_39' title="bbox 3159 4597 3198 4972; textangle 90"><span class='ocrx_word' id='word_1_275' title='bbox 3183 4951 3192 4972; x_wconf 69' lang='grc' dir='ltr'><strong>ο·-</strong></span> <span class='ocrx_word' id='word_1_276' title='bbox 3189 4777 3198 4822; x_wconf 60' lang='lat'><strong>0-</strong></span> <span class='ocrx_word' id='word_1_277' title='bbox 3173 4688 3198 4761; x_wconf 58' lang='lat' dir='ltr'><strong>‘oa‘</strong></span> <span class='ocrx_word' id='word_1_278' title='bbox 3159 4597 3182 4632; x_wconf 61' lang='lat'><strong>‘-</strong></span> 
     </span>
    </p>
   </div>
  </div>
 </body>
</html>
