3517 5750
1383 873 1557 925 orus
1598 873 1836 925 mnus.
2528 861 2660 925 383

565 1048 657 1113 Et
699 1047 821 1114 hoc
856 1051 959 1113 est
995 1046 1240 1113 ferrum
1280 1046 1713 1113 communiter
1740 1050 2066 1127 vocatum,
2099 1048 2273 1113 unde
2307 1046 2480 1115 fiunt
2518 1052 2672 1113 tan-

562 1154 709 1215 tum
742 1150 1182 1215 instrumenta
1223 1147 1448 1227 ferrea,
1482 1170 1630 1233 quae
1670 1146 1914 1213 debent
1957 1148 2310 1234 perdurare
2353 1150 2426 1217 in
2469 1149 2672 1217 variis

562 1252 1097 1339 percussionibus,
1160 1250 1369 1315 Aliud
1405 1272 1613 1336 genus
1659 1249 1818 1315 ferri
1861 1250 2074 1337 magis
2114 1256 2216 1317 est
2257 1252 2344 1317 ad
2387 1251 2672 1319 acutiem

565 1358 634 1420 et
662 1354 1049 1434 scissionem,
1080 1356 1161 1419 ut
1190 1351 1477 1437 chalybs,
1504 1356 1573 1417 et
1602 1354 1703 1417 est
1731 1352 1962 1438 purius
1993 1374 2192 1439 quam
2221 1352 2468 1419 ferrum
2497 1374 2670 1421 oom-

565 1476 803 1538 mune;
848 1459 919 1521 et
961 1454 1172 1542 magis
1230 1453 1482 1519 habens
1543 1452 1627 1519 de
1686 1452 1940 1536 calore,
1986 1460 2054 1520 et
2099 1455 2248 1521 ideo
2292 1456 2514 1543 aptius
2567 1460 2673 1523 est

565 1558 651 1623 ad
695 1558 1067 1625 scissionem
1112 1558 1183 1622 et
1245 1577 1537 1637 acumen,
1598 1556 1959 1621 secundum
2018 1557 2446 1636 Avicennam,
2493 1558 2673 1643 quod

564 1679 703 1724 non
743 1664 845 1725 est
888 1660 987 1725 ita
1030 1657 1289 1736 ductile,
1338 1678 1457 1722 nec
1516 1657 1616 1723 ita
1674 1656 2058 1736 malleabile,
2128 1680 2248 1724 nec
2308 1659 2395 1725 ad
2441 1680 2670 1745 percu-

564 1761 864 1826 tiendum
907 1761 1017 1826 vel
1060 1759 1518 1825 sustinendum
1560 1758 1795 1825 habile.
1888 1758 1980 1823 Et
2023 1760 2299 1825 tertium
2344 1765 2446 1827 est
2492 1760 2672 1846 quod

565 1868 837 1928 vocatur
865 1862 1190 1943 Aedem,
1222 1860 1407 1946 cujus
1434 1860 1645 1927 rarior
1688 1865 1791 1925 est
1819 1882 1976 1925 usus
2019 1861 2197 1948 apud
2243 1862 2556 1941 Latinos3
2600 1862 2672 1925 in

563 1962 685 2030 hoc
729 1965 1168 2031 contrariatur
1209 1962 1380 2028 ferro
1425 1963 1773 2041 communi,
1824 1964 1998 2048 quod
2041 1962 2286 2029 sermm
2331 1984 2672 2029 commune

565 2086 699 2130 non
774 2066 1039 2132 ducitur
1096 2087 1215 2131 nec
1258 2064 1607 2131 malleatur
1649 2064 1781 2129 nisi
1840 2064 2124 2130 multum
2169 2065 2338 2131 bene
2398 2065 2669 2131 calefiat

566 2166 846 2235 Andena
889 2190 1045 2234 vero
1107 2190 1143 2232 e
1211 2186 1521 2232 converso
1568 2188 1781 2231 unum
1847 2167 1998 2233 vult
2059 2188 2292 2253 parum
2339 2166 2622 2233 calefieri
2649 2164 2672 2205 ¹

565 2269 735 2335 sicut
778 2275 1143 2357 argentum,
1192 2273 1515 2354 quatenus
1560 2268 1912 2346 mollietur,
1961 2289 2080 2332 nee
2138 2272 2240 2332 est
2283 2267 2382 2332 ita
2440 2272 2670 2353 aptum

565 2370 651 2435 ad
695 2371 1067 2437 scissionem
1112 2370 1282 2435 sicut
1326 2368 1639 2454 chalybs3
1684 2369 1803 2434 sed
1845 2374 1948 2435 est
1995 2368 2210 2435 medio
2256 2368 2452 2434 modo
2495 2369 2672 2435 inter

562 2472 807 2538 ferrum
852 2493 1193 2539 commune
1237 2475 1308 2536 et
1338 2470 1698 2557 chalybem,
1730 2492 1886 2536 nam
1916 2470 2149 2537 melius
2191 2471 2434 2537 scindit
2469 2492 2668 2557 quam

562 2573 807 2639 ferrum
852 2596 1223 2653 commune;
1270 2576 1339 2637 et
1386 2573 1615 2637 mitius
1660 2574 1827 2638 bene
1871 2594 2067 2659 quam
2115 2572 2398 2659 chalybs.
2487 2572 2664 2637 Item

565 2677 798 2743 melius
871 2683 972 2743 est
1054 2676 1140 2743 ad
1214 2674 1670 2741 sustinendum
1744 2678 1816 2741 et
1888 2674 2387 2761 percutiendum
2460 2696 2660 2760 quam

565 2778 849 2864 chalybs,
895 2779 1012 2844 sed
1052 2778 1297 2843 ferrum
1341 2798 1683 2842 commune
1728 2776 1791 2841 ei
1835 2776 2154 2863 praevalet
2203 2779 2276 2841 in
2319 2778 2478 2843 istis.
2571 2776 2664 2841 Et

566 2880 809 2946 ferrum
869 2902 1210 2946 commune
1274 2878 1485 2944 levius
1530 2882 1631 2944 est
1673 2879 1746 2942 in
1790 2879 2074 2964 pondere
2133 2901 2332 2965 quam
2391 2878 2663 2964 chalybs

567 2986 637 3047 et
676 2983 947 3049 andana.
1039 2981 1131 3047 Et
1175 2981 1321 3046 ideo
1363 2980 1599 3046 melius
1640 2979 1932 3046 trahitur
1973 3003 2016 3046 a
2057 2986 2377 3068 magnete.

656 3083 749 3148 Et
820 3085 943 3150 hoc
1014 3087 1115 3148 est
1190 3083 1581 3148 miraculum
1654 3087 1914 3148 naturae
1987 3083 2060 3146 in
2133 3089 2322 3170 parte
2395 3087 2662 3164 notum;
2687 3108 2764 3161 of
2775 3110 2862 3163 the

564 3186 826 3264 scilicet,
888 3184 1063 3272 quod
1136 3185 1379 3250 ferrum
1438 3185 1737 3270 sequitur
1793 3190 2049 3271 partem
2115 3185 2440 3270 magnetis
2513 3205 2663 3270 quse
2686 3181 3000 3308 ξῗίξῡιξῐῑῑῖᾰ

565 3287 792 3376 tetigit
848 3287 1081 3375 ipsum,
1128 3290 1199 3352 et
1254 3286 1531 3352 alteram
1598 3290 1856 3372 partem
1914 3286 2088 3372 fugit
2146 3287 2438 3372 ejusdem
2479 3307 2662 3372 mag-
2683 3309 2792 3362 aa,
2861 3261 2952 3311 per

565 3392 751 3456 netis.
851 3391 943 3454 Et
1002 3388 1329 3454 convertit
1390 3409 1461 3452 se
1520 3392 1672 3473 post
1736 3391 1995 3452 motum
2045 3387 2133 3452 ad
2193 3393 2448 3474 partem
2517 3387 2664 3454 ooeli

568 3491 959 3558 conformem
1080 3490 1259 3576 parti
1382 3489 1725 3576 magnetis,
1827 3508 1976 3573 quse
2071 3489 2316 3554 ferrum
2421 3488 2664 3573 tetigit.

567 3593 746 3660 Nam
804 3615 921 3681 pro
988 3598 1165 3658 certo
1226 3596 1511 3676 quatuor
1566 3594 1791 3678 partes
1863 3591 2096 3654 mundi
2166 3590 2668 3676 distinguuntur

568 3695 641 3760 in
713 3698 1036 3782 magnete,
1097 3693 1349 3760 scilicet
1430 3693 1662 3770 oriente,
1750 3693 2061 3770 occidens,
2139 3692 2520 3778 septentrio,
2596 3696 2667 3756 et

566 3797 909 3878 meridies3
954 3801 1023 3862 et
1066 3799 1343 3883 possunt
1398 3817 1515 3883 per
1559 3795 2036 3881 experientiam
2081 3795 2396 3881 cognosci,
2439 3815 2664 3860 secun-

568 3900 725 3965 dum
792 3899 968 3984 quod
1025 3899 1196 3964 bene
1256 3898 1650 3984 exprimitur
1722 3897 1811 3962 ad
1884 3918 2082 3983 quam
2173 3902 2429 3984 partem
2517 3897 2666 3964 coeli

567 4001 879 4088 quaelibet
938 4023 1087 4089 pars
1146 4001 1377 4065 tendit
1471 4000 1563 4064 Et
1622 4006 1782 4065 tunc
1841 4001 1899 4066 si
1943 4023 1985 4065 a
2029 4005 2218 4087 parte
2277 4001 2664 4088 septentrio-
2725 4033 2735 4039 -

566 4103 705 4168 nali
750 4103 1076 4190 magnetis
1120 4105 1439 4188 tangatur
1484 4100 1727 4166 ferrum
1790 4106 2102 4187 sequetur
2164 4101 2347 4167 illam
2407 4109 2665 4189 partem

566 4205 1125 4290 qualitercumque
1215 4208 1513 4282 meatur3
1589 4203 1834 4268 scilicet
1899 4225 2158 4269 sursum
2231 4208 2352 4270 aut
2425 4210 2664 4270 retror-

564 4327 727 4387 sum,
795 4307 1227 4383 dextromm,
1297 4305 1774 4385 sinistrorsum3
1849 4309 1920 4370 et
1976 4305 2331 4372 secundum
2405 4327 2666 4370 omnem

565 4408 1003 4474 differentiam
1053 4407 1409 4494 positionis,
1503 4406 1595 4470 Et
1636 4407 1709 4469 in
1754 4409 2024 4471 tantum
2065 4407 2339 4492 rapitur,
2388 4406 2564 4490 quod
2609 4406 2668 4470 si

562 4509 810 4576 ferrum
852 4517 1138 4604 ponatur
1180 4510 1255 4574 in
1297 4529 1455 4574 vase
1495 4508 1691 4605 pleno
1736 4529 1943 4604 aguae,
1989 4514 2058 4574 et
2102 4529 2336 4573 manus
2379 4511 2666 4604 ponatur

1270 4730 1549 4799 ‘caenon
1585 4731 1830 4793 meretri,
1852 4731 1964 4784 ms
