3517 5750
814 851 822 858 ·
899 840 984 902 38
1650 844 1907 896 nocem
1952 843 2244 896 mcoms
2822 829 3001 916 [cu.

563 1329 844 1394 Importnnt

561 1397 644 1446 for
661 1398 877 1448 allother

899 1020 1202 1086 similiter
1274 1039 1394 1086 nec
1466 1019 1910 1086 instrumenta
1974 1019 2171 1106 hujus
2244 1016 2553 1102 scientiae,
2628 1039 2777 1104 qnae
2846 1021 3003 1086 sunt

897 1123 1184 1191 multum
1214 1121 1518 1204 difficilia,
1551 1126 1622 1188 et
1663 1121 1931 1208 majoris
1974 1125 2273 1210 sumptus
2318 1143 2515 1208 quam
2556 1120 3005 1194 instrumenta

897 1225 1397 1292 mathematicae.

990 1327 1083 1392 Et
1112 1325 1292 1412 quae¹
1327 1327 1408 1392 de
1443 1327 1855 1412 perspectiva
1882 1324 2149 1391 nan-evi
2175 1325 2371 1392 modo
2400 1327 2632 1412 patent
2658 1323 3008 1396 manifeste

563 1463 806 1516 meh„
825 1464 888 1514 of
901 1449 988 1496 ex
1027 1427 1240 1515 Opere
1292 1427 1552 1514 Majori,
1603 1432 1674 1493 et
1723 1430 2019 1494 tractatu
2070 1447 2267 1513 quem
2318 1427 2550 1514 collegi
2590 1427 2673 1494 de
2709 1449 3002 1515 perspec-

567 1529 776 1582 science.

566 3572 740 3655 1}oeoe
761 3576 863 3629 hed

564 3656 716 3705 given
729 3650 814 3720 ten

564 3722 710 3771 years
727 3717 778 3758 to
800 3718 863 3759 its

565 3772 872 3839 acquisition.

903 1529 1062 1608 tiva,
1126 1529 1242 1615 qui
1303 1533 1404 1596 est
1447 1550 1600 1616 pars
1652 1530 1891 1615 quinta
1931 1527 2313 1616 principalis
2384 1527 2565 1596 illius
2608 1529 2860 1616 operis3
2932 1533 3005 1594 et

902 1631 1101 1698 simul
1127 1651 1276 1698 cum
1321 1652 1400 1698 ea,
1447 1631 1849 1696 consulenda
1878 1636 1981 1696 est
2008 1651 2249 1718 magna
2298 1653 2452 1718 pars
2495 1636 2751 1718 quartae
2794 1630 3005 1718 partis

901 1733 1110 1798 totius
1138 1733 1370 1820 operis,
1401 1731 1646 1798 scilicet
1675 1731 1797 1798 ubi
1831 1732 1915 1798 de
1943 1732 2493 1820 multiplicatione
2522 1732 2906 1820 specierum²
2936 1737 3006 1801 et

899 1833 1232 1932 virtutum
1279 1834 1620 1922 agentium
1667 1833 2127 1914 determinavi,
2170 1855 2370 1921 quam
2411 1835 2568 1902 licet
2612 1835 2863 1900 ascribo
2908 1833 3005 1900 ibi

901 1937 1279 2022 geometriae
1337 1941 1609 2023 propter
1681 1937 1979 2002 rationes
2054 1957 2222 2016 suas,
2298 1941 2523 2002 tamen
2582 1935 2849 2004 extraxi
2920 1935 3003 2002 de

903 2030 1180 2104 scientie
1272 2037 1716 2125 perspectivas.
1854 2037 1987 2106 Sed
2060 2037 2551 2124 completiorem
2641 2043 3002 2104 tractatum

901 2139 1103 2206 mitto
1163 2138 1394 2206 1701111ιὲΙ
1457 2139 1538 2206 de
1598 2140 1723 2206 hac
1782 2139 2355 2226 multiplicatione,
2416 2143 2497 2206 ut
2554 2138 2723 2207 facio
2772 2143 3003 2226 postea

903 2242 1350 2322 mentionem3
1439 2247 1509 2308 et
1568 2241 1693 2308 hoc
1741 2242 1913 2322 ideo,
1972 2243 2131 2328 quia
2204 2262 2465 2308 summa
2506 2246 2579 2309 et
2619 2241 3003 2328 principalis

900 2343 1094 2408 radix
1142 2342 1529 2431 sapientise3
1589 2348 1660 2410 et
1703 2364 1825 2429 pro
1869 2343 2285 2431 philosophia
2332 2347 2401 2410 et
2452 2341 2605 2430 pro⁴
2652 2343 3001 2429 theologia,

901 2449 1002 2511 est
1059 2445 1136 2510 in
1192 2445 1342 2510 istis
1389 2444 2069 2532 multiplicationibus,
2120 2450 2191 2510 et
2236 2443 2499 2512 infinite
2544 2445 3005 2532 pulchritudo;

901 2551 972 2612 et
1035 2569 1156 2612 nec
1213 2547 1639 2633 perspectiva,
1709 2567 1834 2614 nec
1906 2546 2160 2634 aliquid
2234 2547 2318 2614 de
2388 2547 2799 2634 philosophia
2854 2545 3005 2612 sciri

900 2644 1158 2732 potest⁵
1207 2649 1348 2714 sine
1400 2649 1540 2718 hoc.
1634 2646 1771 2714 Sed
1800 2647 1932 2729 ille,
1979 2650 2094 2734 qui
2147 2648 2619 2736 multiplicavit
2646 2648 3002 2726 volumina,

901 2749 1167 2833 ignoret
1195 2747 1316 2814 has
1365 2749 1618 2814 radices
1649 2773 1664 2816 z
1734 2770 1893 2816 nam
1922 2749 2091 2816 nihil
2144 2751 2226 2816 de
2271 2747 2401 2817 eis⁰
2430 2748 2699 2836 tangit3
2744 2753 2816 2814 et
2860 2749 3007 2816 ideo

899 2853 1153 2914 certum
1204 2853 1308 2915 est
1358 2849 1576 2935 ipsum
1605 2849 1909 2937 ignorare
1957 2873 2062 2917 res
2108 2851 2459 2933 naturaleS,
2492 2855 2561 2919 et
2589 2851 2813 2917 omnia
2855 2872 3004 2937 quae

901 2951 983 3015 de
1037 2950 1450 3037 philosophia.
1522 2956 1725 3033 sunt3
1800 2958 1869 3019 et
1925 2974 2063 3019 non
2122 2954 2337 3021 solum
2392 2956 2549 3041 ipse,
2608 2954 2723 3019 sed
2780 2958 3001 3021 totum

899 3053 1138 3139 vulgus
1187 3053 1813 3140 philosophantium,
1870 3056 2047 3141 quod
2098 3061 2279 3125 errat
2324 3077 2443 3143 per
2502 3057 2735 3145 ipsum.
2830 3056 3005 3123 Scri·-

899 3155 1076 3221 batis
1137 3154 1350 3221 enim⁷
1423 3156 1486 3223 ei
1553 3156 1731 3241 quod
1805 3163 2165 3243 pertractet
2226 3158 2309 3224 de
2372 3158 2479 3223 his
2538 3157 2887 3239 radicibus,
2932 3162 3004 3224 et

899 3256 1252 3325 invenietis
1311 3258 1532 3343 ipsum
1576 3258 2055 3345 impossibilem
2114 3260 2201 3327 ed
2274 3280 2399 3325 eas.
2493 3259 2585 3325 Et
2644 3264 2820 3327 certe
2880 3259 3003 3327 hoc

900 3360 1042 3427 dico
1096 3360 1254 3447 quia.
1300 3360 1488 3427 doleo
1517 3361 1602 3427 de
1662 3362 1806 3447 ejus
1856 3366 1927 3427 et
1974 3361 2162 3449 vulgi
2191 3361 2607 3449 ignorantia:
2655 3382 2814 3427 nam
2858 3360 3001 3429 sine

900 3462 1006 3527 his
1077 3462 1242 3527 nihil
1320 3462 1485 3529 scire
1543 3467 1839 3549 possunt.
1965 3463 2057 3531 Et
2117 3464 2270 3529 ideo
2344 3464 2469 3529 hoc
2543 3461 2755 3529 solum
2820 3462 3005 3529 valet

903 3564 1146 3630 centies
1209 3564 1358 3650 plus
1411 3586 1610 3650 quam
1673 3564 1989 3650 quicquid
2049 3564 2290 3631 sciunt.
2412 3563 2655 3631 Nullus
2702 3584 2858 3629 vero
2918 3563 3002 3631 de

903 3665 1296 3743 auctoribus,
1328 3687 1448 3731 nec
1502 3667 1583 3732 de
1623 3666 1955 3752 magistris
2008 3666 2317 3753 antiquis,
2369 3688 2491 3733 neo
2521 3666 2605 3733 de
2654 3666 2999 3747 modernis,

900 3766 1162 3852 scripsit
1203 3766 1286 3832 de
1313 3766 1416 3833 his
1444 3791 1461 3848 ;
1506 3769 1620 3833 sed
1659 3769 1959 3835 laboravi
1986 3790 2105 3857 per
2134 3790 2343 3835 annos
2374 3770 2613 3849 decem,
2645 3773 2998 3855 quantum-

901 3866 1191 3952 cunque⁸
1249 3868 1440 3953 potui
1514 3891 1766 3951 vacare,
1836 3874 1907 3937 et
1981 3870 2253 3937 discussi
2344 3870 2569 3937 omnia.
2640 3875 2719 3938 ut
2791 3872 3000 3957 potui,

899 3968 1200 4055 redigens
1243 3970 1318 4035 in
1362 3970 1676 4057 scriptum
1721 3994 1765 4039 a·
1806 3976 2101 4062 tempore
2144 3972 2445 4039 mandati
2489 3970 2708 4039 vestri.

971 4316 986 4346 ¹
1009 4318 1144 4385 quae]
1182 4320 1314 4385 quia,
1346 4320 1408 4373 Β.
2069 4326 2090 4356 ·
2110 4326 2232 4376 sciri
2243 4326 2428 4393 potest]
2466 4332 2630 4392 potest
2649 4324 2783 4387 seiri,
2806 4324 2868 4375 T.

969 4396 990 4429 ²
1019 4398 1310 4467 φωίσκπι]
1369 4399 1466 4454 See
1524 4400 1668 4467 Opus
1715 4400 1901 4467 MaJus,
2066 4403 2087 4433 ⁸
2110 4404 2208 4473 eis]
2246 4404 2341 4465 his,
2374 4405 2437 4458 T.

899 4490 982 4542 pp.
1007 4477 1088 4539 67,
1113 4478 1194 4529 87.
2070 4482 2089 4512 '
2110 4484 2261 4551 enm]
2300 4500 2399 4537 om.
2431 4483 2495 4537 Β.
2528 4484 2592 4537 Τ.

969 4556 990 4585 ·
1011 4556 1150 4605 mitto
1183 4553 1340 4622 vobis]
1379 4556 1526 4609 vobis
1557 4557 1722 4625 mitto,
1757 4558 1819 4613 Τ.
2069 4564 2090 4593 ¹·
2110 4564 2551 4631 quantamcunque]
2682 4560 3004 4633 quandocun-

964 4634 985 4665 ⁴
997 4634 1122 4701 pro]
1159 4650 1258 4686 om.
1297 4634 1436 4689 13.U.
2003 4656 2115 4705 quc,
2150 4640 2213 4695 Τ.
