3517 5750
937 889 1072 959 538
1766 903 2125 958 Arrmmx
2170 905 2215 959 1.
2866 893 3069 980 [car.

935 1081 1122 1163 fieri3
1165 1081 1414 1150 scilieet
1475 1087 1556 1149 ut
1620 1083 1767 1150 auri
1820 1085 2009 1173 eopia
2070 1089 2143 1152 et
2204 1084 2463 1174 argenti
2530 1083 2909 1150 deducatur
2986 1084 3062 1150 in

933 1185 1240 1268 medium,
1287 1193 1612 1273 quantum
1657 1187 1875 1275 placet
1918 1188 2191 1268 homini,
2236 1193 2309 1254 et
2352 1209 2487 1254 non
2540 1187 2753 1253 solum
2814 1209 3067 1253 secun-

935 1289 1092 1354 dum
1135 1294 1398 1356 naturae
1441 1289 1971 1378 possibilitatem,
2036 1289 2153 1358 sed
2212 1290 2571 1356 semmdum
2630 1291 2805 1356 artis
2870 1311 3063 1355 oom-

933 1389 1382 1478 plementum3
1427 1397 1508 1458 ut
1551 1415 1758 1480 quum
1804 1393 1961 1458 sint·
1986 1391 2207 1460 deoem
2250 1398 2321 1460 et
2366 1399 2621 1483 septem
2664 1393 2854 1460 modi
2900 1392 3057 1458 auri

933 1499 1080 1560 octo
1127 1493 1378 1560 scilieet
1419 1517 1506 1562 ex
1551 1495 1963 1562 admixtione
2006 1497 2266 1584 algenti
2314 1518 2465 1563 cum
2532 1517 2715 1574 aum,
2760 1501 2847 1560 ut
2918 1495 3055 1581 pri-

933 1617 1080 1660 mus
1151 1597 1390 1664 modus
1449 1598 1542 1664 sit
1599 1619 1686 1664 ex
1754 1599 1891 1664 xvi.
1952 1599 2255 1686 partibus
2298 1600 2447 1666 auri
2492 1621 2643 1666 cum
2708 1598 3057 1685 aliquibus

933 1699 1236 1786 partibus
1315 1701 1596 1788 argenti,
1679 1723 2015 1790 quousque
2078 1703 2165 1768 ad
2226 1702 2621 1790 vigesimum
2680 1701 3057 1768 secundum

933 1803 1214 1890 gradum
1287 1805 1432 1870 auri
1513 1807 1977 1893 pertingatur3
2052 1828 2201 1872 eum
2262 1827 2399 1872 uno
2460 1806 2723 1894 argenti
2784 1827 3057 1892 semper

935 1927 1144 1972 unum
1185 1907 1466 1994 gradum
1511 1909 1656 1974 auri
1701 1909 2211 1996 augmentanda
2304 1909 2396 1974 Et
2438 1909 2722 1974 totidem
2766 1913 2937 1974 sunt
2966 1929 3055 1972 ex

934 2008 1348 2076 admixtione
1391 2009 1542 2078 aeris
1609 2032 1758 2076 cum
1804 2032 1985 2089 auro,
2030 2018 2111 2079 ut
2154 2011 2434 2077 ultimus
2506 2011 2743 2077 modus
2798 2012 2901 2076 sit
2966 2031 3053 2074 ex

935 2111 1184 2200 viginti
1229 2119 1514 2200 quatuor
1573 2113 1890 2202 gradibus
1948 2114 2118 2192 auri,
2164 2135 2371 2201 purus
2415 2113 2559 2180 sine
2626 2113 3051 2180 admixtione

935 2213 1208 2280 alterius
1269 2216 1538 2282 metalli.
1682 2217 1839 2282 Non
1914 2217 2091 2284 enim
2166 2223 2387 2304 potest
2458 2222 2703 2284 natura
2761 2217 3049 2283 ulterius

937 2317 1282 2404 procedere
1325 2320 1499 2386 sieut
1543 2320 1736 2386 dooet
1781 2321 2207 2408 experientia.
2286 2321 2420 2388 Sed
2464 2343 2573 2387 are
2614 2325 2835 2408 potest
2882 2341 3049 2406 aug-

937 2427 1236 2488 mentare
1279 2445 1514 2488 aurum
1561 2423 1634 2488 in
1675 2423 1993 2510 gradibus
2052 2423 2369 2511 puritatis
2430 2445 2637 2510 usque
2694 2425 2769 2488 in
2810 2422 3047 2487 infini-

936 2527 1080 2590 tum
1113 2549 1129 2606 ;
1179 2526 1483 2592 similiter
1525 2533 1877 2614 argentum
1922 2526 2245 2615 complere
2290 2531 2511 2614 potest
2552 2527 2696 2593 sine
2738 2526 2991 2592 fraude.

1025 2627 1160 2694 Sed
1233 2629 1758 2716 praeeedentibus
1818 2629 2035 2717 majus
2094 2635 2211 2710 est,
2290 2629 2469 2717 quod
2544 2635 2771 2696 tamen
2812 2631 3043 2695 anima

935 2730 1280 2798 rationalis
1345 2731 1489 2821 cogi
1551 2754 1690 2799 non
1735 2733 1999 2824 poterit,
2048 2755 2127 2798 eo
2172 2733 2350 2820 quod
2394 2733 2708 2799 libertate
2750 2733 3043 2820 gaudeat

935 2831 1244 2915 arbitrii3
1319 2839 1538 2922 potest
1613 2839 1837 2902 tamen
1880 2833 2225 2903 efficaciter
2284 2835 2565 2923 disponi,
2610 2841 2681 2902 et
2742 2835 3036 2913 excitari,

935 2940 1006 3001 et
1049 2935 1293 3016 induci,
1341 2944 1421 3003 ut
1471 2938 1684 3025 gratis
1714 2938 1881 3007 velit
1923 2960 2077 3005 suos
2111 2960 2327 3007 mores
2371 2944 2649 3023 mutare,
2712 2945 2783 3006 et
2840 2940 3039 3005 affec-

933 3038 1163 3119 tiones,
1213 3044 1283 3105 et
1325 3040 1724 3119 voluntates,
1802 3043 2160 3111 seeundum
2206 3043 2561 3110 arbitrium
2606 3042 2877 3109 alterius
2905 3068 2925 3125 3
2968 3046 3039 3109 et

933 3160 1070 3207 non
1131 3141 1342 3209 solum
1409 3144 1765 3231 singularis
1833 3168 2125 3235 persona,
2186 3147 2301 3214 sed
2346 3152 2528 3214 totus
2572 3148 2921 3225 exercitae,
2968 3150 3037 3212 et

933 3246 1184 3325 civitae,
1251 3251 1323 3314 et
1367 3252 1552 3315 totus
1612 3251 1895 3337 populus
1940 3251 2241 3338 regionis.
2362 3250 2453 3315 Et
2496 3250 2875 3337 hujusmodi
2920 3272 3035 3315 ex-

935 3350 1153 3440 empla
1219 3351 1410 3419 docet
1473 3352 1867 3419 Aristoteles
1940 3354 2015 3419 in
2089 3354 2257 3419 libro
2306 3354 2721 3420 Secretorum
2766 3359 2905 3419 tam
2953 3353 3035 3418 de

933 3456 1218 3543 regione,
1277 3478 1476 3544 quam
1537 3456 1618 3523 de
1677 3456 1989 3537 exercitu,
2052 3461 2125 3523 et
2180 3478 2456 3545 persona
2512 3456 2848 3545 singulari.
2942 3457 3035 3522 Et

933 3558 1008 3623 in
1069 3559 1174 3627 his
1217 3566 1318 3626 est
1361 3560 1494 3627 fere
1537 3560 1692 3627 finis
1736 3568 1996 3627 naturae
2040 3566 2111 3627 et
2152 3562 2331 3627 artis.

1802 3870 1966 3938 Cir.
2014 3870 2173 3937 VII.

933 4080 1032 4154 De
1095 4086 1558 4155 retardatione
1631 4088 2101 4156 accidentium
2175 4088 2552 4170 senectutis,
2614 4094 2675 4156 et
2732 4086 2815 4155 de
2862 4108 3026 4174 pro-

1499 4190 1889 4278 longatimw
1918 4191 2074 4261 vitoe
2103 4190 2445 4260 humanm.

593 4408 874 4495 lffrolongp-
1021 4400 1165 4468 SED
1243 4400 1517 4467 ultimus
1605 4398 1849 4489 gradus
1921 4399 1995 4465 in
2061 4420 2255 4487 quem
2328 4403 2551 4487 potest
2624 4399 2787 4465 artis
2858 4420 3031 4465 eom⁸

595 4488 704 4531 ‘¹⁰¹²
725 4482 787 4533 ⁰¹⁹
799 4484 904 4537 ¹¹³⁹·
933 4502 1352 4591 plementum‚
1401 4526 1551 4571 eum
1581 4504 1763 4569 omni
1792 4508 2049 4569 naturae
2092 4508 2439 4591 potestate,
2472 4507 2575 4568 est
2616 4503 3031 4590 prolongatio

927 4609 1090 4675 vitae
1133 4608 1444 4675 humanae
1487 4628 1694 4694 usque
1739 4608 1827 4673 ad
1872 4628 2185 4694 magnum
2233 4611 2534 4693 tempus;
2579 4604 2756 4692 quod
2798 4610 3024 4671 autem

927 4710 1051 4778 hoc
1109 4712 1198 4778 sit
1239 4711 1567 4800 possibile,
1601 4710 1817 4777 multa
1868 4710 2322 4799 experimenta
2380 4709 2758 4776 docuerunt.
2850 4710 3026 4776 Nam
