3517 5750
600 868 823 954 xxm]
1386 884 1559 935 orus
1606 886 1925 939 crunnum.
2621 874 2709 945 87

596 1082 713 1125 vos
756 1060 939 1127 fiant.
1034 1060 1125 1127 Et
1158 1060 1308 1127 ideo
1344 1082 1481 1127 non
1518 1061 1790 1147 expedit
1837 1061 2016 1147 quod
2057 1062 2203 1127 sitis
2251 1083 2511 1148 magnae
2556 1064 2704 1129 abs-
2730 1066 2953 1121 Advises

595 1160 939 1243 tinentiae‚¹
1001 1184 1122 1229 nec
1178 1162 1561 1251 vigiliarum
1634 1185 2041 1249 magnarum,
2103 1163 2260 1251 quia·
2319 1164 2706 1231 exercitatio
2729 1134 2818 1251 {thol
2830 1137 2977 1255 {i’ffi

597 1266 881 1351 corporis
924 1264 1011 1329 ad
1056 1266 1387 1331 modicum
1430 1265 1631 1345 valet,
1676 1266 1890 1351 pietas
1935 1270 2158 1331 autem
2205 1267 2292 1333 ad
2341 1266 2580 1346 omnia,
2623 1274 2705 1331 ut
2727 1273 2813 1345 50⁰
2835 1272 2978 1349 ⁸¹³·th

598 1368 761 1433 dicit
796 1368 1146 1454 apostolus.
1236 1369 1477 1434 Recolo
1516 1368 1723 1433 verba
1755 1369 1964 1433 Marci
1995 1368 2194 1433 Tullii
2239 1369 2324 1433 ad
2357 1368 2699 1447 Oaesarem,
2728 1337 2974 1463 ἓξὲξ

598 1470 751 1557 pro²
808 1468 897 1534 Μ.
950 1468 1274 1535 Marcello,
1369 1469 1538 1535 Cum
1599 1470 1778 1533 enim
1837 1469 2000 1535 alias
2059 1470 2132 1533 in
2193 1468 2361 1535 libro
2417 1469 2521 1535 De
2568 1471 2700 1535 Im-
2728 1466 2922 1585 ἓξὲξ
2923 1470 2974 1586 ¹1¹⁸
2990 1474 3051 1524 of

596 1572 1003 1638 mortalitate
1076 1572 1343 1638 Animae
1408 1572 1599 1651 dicat,
1680 1572 1858 1657 quod
1932 1572 2074 1637 haec
2145 1572 2292 1637 vita
2351 1594 2526 1638 mors
2585 1580 2703 1655 est,
2729 1599 3036 1665 importance

598 1679 667 1739 et
702 1673 1051 1759 persuadet
1119 1674 1485 1759 quamlibet
1551 1674 1884 1759 privatam
1944 1678 2290 1759 personam
2338 1674 2424 1739 ad
2472 1675 2703 1740 mortis
2725 1668 3026 1784 fflrzhgfvel·

596 1776 1003 1857 desiderium,
1045 1779 1316 1864 propter
1346 1773 1915 1841 immortalitatem
1953 1775 2116 1843 vitae
2153 1775 2436 1859 futurae3
2481 1782 2705 1843 tamen
2729 1799 2988 1855 christan..

596 1877 769 1943 bono
826 1878 1109 1965 principi
1164 1876 1539 1963 reipublicae
1600 1876 1707 1943 hic
1769 1878 2002 1943 suadet
2061 1878 2516 1958 contrarium5
2568 1901 2704 1947 non
2727 1868 2860 1919 ‘²⁰¹²-

598 1984 863 2066 propter
920 2001 989 2045 se
1052 1980 1125 2045 in
1177 1984 1501 2065 quantum
1574 1983 1677 2045 est
1719 2000 1998 2065 persona
2055 1978 2423 2067 singularis,
2472 1980 2586 2045 sed
2631 1982 2706 2047 in

598 2088 919 2167 quantum
990 2082 1269 2169 publica,
1331 2088 1401 2149 et
1474 2080 1676 2147 habet
1734 2081 1897 2145 alios
1957 2081 2236 2167 dirigere
2306 2085 2378 2147 et
2435 2080 2703 2150 salvare.

599 2183 781 2249 Dicit
809 2204 1000 2271 ergo:
1040 2190 1075 2219 “
1095 2182 1353 2251 Omitto
1382 2184 1723 2250 doctorum
1751 2181 2096 2248 hominum
2125 2182 2198 2247 in
2227 2185 2706 2251 contemnenda

600 2292 637 2321 “
679 2290 891 2351 morte
942 2285 1383 2365 sententiam3
1427 2283 1567 2351 noli
1610 2287 1839 2349 nostro
1900 2282 2190 2369 periculo
2235 2305 2374 2351 esse
2426 2285 2700 2371 sapiens.

599 2394 635 2421 “
680 2386 869 2473 Saepe
904 2386 1157 2453 solebas
1202 2386 1415 2455 dicere
1460 2384 1626 2451 tibi⁸
1668 2386 1830 2451 satis
1883 2388 1952 2451 te
1991 2384 2255 2463 vixisse,
2309 2386 2539 2467 cred03
2587 2388 2702 2453 sed

456 2534 469 2545 .
600 2496 635 2523 “
680 2493 845 2553 tunc
880 2487 954 2555 id
998 2489 1293 2555 audirem
1333 2488 1391 2555 si
1432 2487 1561 2555 tibi
1606 2486 1727 2553 soli
1773 2486 2049 2565 viveres,
2101 2484 2252 2553 aut⁴
2299 2487 2356 2553 si
2399 2486 2526 2553 tibi
2578 2488 2700 2555 soli

600 2598 638 2625 “
674 2595 877 2657 natus
940 2611 1121 2657 esses.
1214 2590 1529 2655 Omnium
1598 2588 1882 2655 salutem
1947 2588 2210 2670 civium,
2273 2595 2700 2676 cunctamque

597 2700 633 2726 ‘⁴
677 2691 1159 2778 rempublicam,
1222 2713 1325 2757 res
1390 2696 1529 2759 tuae
1597 2696 1802 2777 gestae
1874 2689 2232 2779 complexae
2293 2690 2507 2757 sunt.”
2607 2692 2700 2758 Et

598 2816 829 2863 sanum
888 2793 1359 2861 documentum
1409 2792 1878 2880 sapientissimi
1919 2792 2179 2859 Senecae
2240 2798 2309 2859 et
2350 2794 2588 2882 optimi
2627 2796 2701 2861 in

597 2897 741 2964 vita.
782 2897 1137 2964 invenietis
1180 2897 1255 2962 in
1284 2895 1453 2963 libro
1484 2895 1589 2962 De
1634 2895 2144 2982 Tranquillitate
2173 2895 2436 2962 Animae
2485 2899 2701 2964 obser-

598 2999 833 3082 vanda,
877 3020 1109 3066 versus
1150 2999 1351 3064 finem
1390 2997 1745 3064 voluminis
1790 2999 2067 3085 majoris,
2117 2998 2236 3064 ubi
2281 2998 2472 3066 docet
2523 3001 2702 3086 quod

596 3123 729 3168 non
772 3099 1027 3188 potest⁵
1073 3102 1149 3166 in
1198 3101 1321 3168 hac
1371 3101 1518 3166 vita
1563 3100 1812 3166 servari
1872 3100 2189 3168 continua
2233 3101 2698 3186 tranquillitas,

596 3205 724 3272 nisi
751 3204 947 3270 homo
976 3204 1260 3290 corporis
1298 3202 1715 3270 necessitates
1758 3201 2079 3288 recipiat?
2166 3201 2258 3268 Et
2287 3201 2410 3268 feci
2435 3202 2698 3288 signum

596 3305 667 3372 in
724 3307 1021 3393 margine
1077 3303 1187 3371 ut⁷
1227 3305 1395 3370 bene
1447 3308 1794 3371 notaretur
1853 3324 1895 3368 a
1938 3307 2158 3368 vestra
2215 3303 2576 3387 sapientia3
2629 3309 2701 3369 et

596 3408 963 3495 specialiter
1008 3411 1277 3494 propter
1326 3403 1483 3474 hoc⁸
1535 3406 1712 3493 quod
1761 3404 2022 3472 habetis
2073 3402 2408 3470 ecclesiam
2455 3404 2583 3468 Dei
2625 3405 2700 3470 in

594 3515 927 3597 potestate
984 3514 1225 3590 vestra,
1289 3512 1359 3578 et
1420 3508 1743 3574 mundum
1801 3509 2022 3574 totum
2083 3505 2344 3572 habetis
2402 3505 2698 3592 dirigere.

598 3611 704 3676 De
744 3611 870 3678 hoc
912 3616 1137 3678 autem
1190 3611 1482 3697 capitulo
1524 3631 1645 3696 pro
1682 3610 1836 3696 jure
1887 3608 2114 3674 divino
2162 3612 2231 3674 et
2277 3607 2585 3674 canonico
2630 3615 2700 3676 et

598 3711 799 3789 civili,
860 3719 927 3780 et
998 3719 1145 3780 toto
1218 3712 1459 3793 studiO,
1520 3713 1765 3778 iterum
1837 3711 2074 3778 faciam
2147 3710 2551 3778 mentionem
2625 3711 2698 3776 in

600 3813 933 3880 Remediis
994 3814 1233 3884 studii.
1355 3813 1425 3880 N
1425 3836 1535 3882 am
1608 3835 1745 3882 non
1805 3818 1907 3880 est
1980 3814 2220 3880 mirum
2283 3814 2339 3879 si
2407 3811 2697 3901 theologi

594 3915 1014 4004 negligantur
1054 3918 1127 3986 in
1172 3917 1489 4006 regimine
1532 3923 1882 4006 postquam
1917 3915 2029 4004 jus
2078 3912 2460 4004 ignoratur⁹
2503 3936 2694 3984 cano-

664 4389 1032 4456 mettium-tia]
1070 4391 1338 4457 sapientia,
1373 4392 1437 4444 Τ.
1754 4397 1776 4425 ⁸
1797 4395 1927 4460 quod
1968 4411 2064 4445 non
2098 4397 2287 4460 potent]
2341 4399 2476 4460 quod
2505 4397 2562 4446 in
2593 4396 2690 4446 hac

662 4472 683 4500 ²
695 4470 819 4536 pro]
856 4470 911 4520 in
936 4469 1145 4535 epistola
1164 4487 1271 4536 pro,
1284 4471 1345 4521 B.
1366 4472 1427 4524 L.
1498 4472 1593 4524 See
1689 4475 1796 4525 vita.
1816 4490 1918 4524 non
1949 4481 2110 4538 potest
2141 4472 2344 4534 servari,
2378 4473 2440 4522 Τ.

598 4547 737 4600 Orat.
793 4564 887 4613 pro
934 4550 1194 4614 Marcello,
1245 4553 1275 4616 ς
1314 4556 1395 4604 25.
1478 4551 1591 4602 The
1750 4553 1774 4584 ⁸
1792 4551 2025 4618 recipiat]
2065 4551 2143 4604 Or.
2165 4551 2272 4604 viii.
2301 4553 2349 4602 δι
2371 4567 2462 4602 xv.

597 4627 853 4692 quotation
876 4629 921 4678 is
943 4629 1293 4698 cousidmbly
1312 4632 1513 4684 altered.
1751 4631 1773 4660 ⁷
1791 4630 1872 4694 ut]
1909 4633 2060 4694 unde,
2093 4631 2156 4682 T.

658 4707 681 4740 ⁸
713 4705 827 4772 fibi]
864 4723 961 4758 om.
998 4708 1059 4760 Τ.
1752 4707 1906 4772 ’7⁸⁰0]
1944 4723 2042 4757 om·
2077 4709 2137 4758 B·

661 4787 681 4815 ⁴
698 4786 813 4851 aue]
852 4802 951 4838 om.
986 4786 1047 4836 Τ.
1752 4789 1776 4817 ⁹
1796 4787 2070 4853 iquoraacr]
2107 4787 2373 4852 ignoretur,
2409 4789 2469 4844 T.
