3517 5750
928 836 1061 903 888
1690 844 1950 895 Bosmu
1993 842 2286 897 nacoms
2383 888 2388 893 ,

580 1042 809 1096 Μαι-ιι.
924 1044 1073 1089 rum
1148 1026 1217 1087 et
1290 1018 1679 1085 animalium
1767 1024 1837 1095 et
1925 1018 2286 1097 hominum,
2365 1020 2725 1085 secundm
2813 1042 3037 1089 omnes

580 1124 647 1159 ⁰¹¹
672 1108 773 1189 ἕω*
924 1123 1337 1194 diversitates
1380 1143 1620 1189 eorum.
1713 1120 1848 1187 Sed
1889 1122 2222 1209 persuasio
2255 1142 2542 1209 praesens
2585 1142 2722 1187 non
2765 1124 3033 1209 permit-

580 1178 787 1242 meeet.
922 1226 1011 1293 tit
1054 1225 1221 1293 hano
1266 1224 1731 1311 prolixitatem.
1825 1224 2168 1311 Scriptura
2227 1225 2402 1289 enim
2456 1224 2850 1312 principalia,
2895 1247 3034 1291 non

920 1328 1133 1400 solum
1196 1328 1353 1405 haec,
1402 1348 1551 1413 quae
1618 1323 1831 1411 tetigi,
1881 1326 1962 1391 de
2024 1326 2308 1393 metallis
2377 1331 2446 1393 et
2513 1326 2902 1398 humoribus
2962 1333 3032 1397 et

920 1428 1259 1497 elementis
1326 1429 1527 1495 habet
1590 1428 1792 1496 latius
1855 1428 2197 1515 explicare,
2275 1430 2392 1495 sed
2455 1428 2750 1495 omnium
2823 1430 3030 1495 mine-

919 1532 1157 1601 ralium
1222 1537 1293 1597 et
1364 1531 1808 1598 animatorum
1870 1530 2378 1616 generationem,
2450 1536 2518 1596 et
2592 1536 2884 1612 naturas,
2961 1538 3030 1599 et

922 1636 1357 1721 proprietates
1402 1634 1749 1720 assignare.
1841 1631 2044 1700 Volui
2087 1638 2312 1704 tamen
2355 1632 2464 1699 hic
2508 1654 2868 1723 proponere
2911 1635 3030 1707 ali-

922 1759 1056 1823 qua
1100 1741 1403 1801 extrema
1428 1732 1447 1771 ¹
1494 1740 1766 1823 propter
1795 1755 2058 1799 sensum
2087 1733 2444 1804 litteralem
2489 1741 2558 1801 et
2601 1736 3026 1822 spiritualem,

919 1844 999 1907 ut
1042 1838 1389 1906 ostendam
1434 1838 1611 1924 quod
1656 1837 1809 1903 sciri
1867 1859 2004 1903 non
2031 1842 2309 1925 possunt
2351 1836 2736 1925 hujusmodi
2780 1862 3024 1920 sensus,

917 1942 1047 2010 nisi
1114 1941 1404 2007 sciantur
1469 1962 1691 2005 rerum
1743 1945 2004 2011 naturae
2067 1945 2138 2005 et
2202 1940 2650 2028 proprietates.
2681 1932 2698 1946 ’
2745 1942 3026 2029 Oportet

916 2044 1093 2110 enim
1160 2045 1373 2130 primo
1434 2044 1507 2107 in
1552 2043 1733 2109 omni
1794 2046 1992 2109 textu
2037 2046 2116 2109 ut
2183 2043 2442 2124 sciatur,
2489 2044 2652 2130 quid
2703 2050 2804 2111 est
2849 2045 3028 2131 quod

913 2168 1032 2232 per
1073 2146 1351 2213 verbum
1392 2146 1735 2233 figuratur,
1785 2151 1903 2211 aut
1947 2145 2142 2212 homo
2188 2145 2357 2211 nihil
2401 2146 2745 2231 intelliget,
2793 2151 2864 2213 et
2907 2169 3023 2213 nuo

912 2252 1109 2317 textu
1152 2270 1288 2319 non
1332 2248 1577 2335 poterit
1620 2248 1725 2313 uti
1754 2273 1771 2328 3
1815 2254 1884 2313 et
1927 2247 2076 2313 ideo
2137 2248 2252 2333 qui
2296 2247 2458 2335 legit
2503 2248 2912 2315 Ezechielem
2957 2254 3024 2317 et

913 2348 1237 2429 Exodum,
1286 2356 1354 2417 et
1398 2350 1560 2416 alios
1604 2350 1806 2415 libros
1864 2348 2043 2435 legis,
2091 2354 2160 2415 et
2220 2348 2303 2416 de
2348 2349 2593 2437 templo
2639 2349 3019 2431 San-lamonia,

911 2456 981 2522 et
1025 2453 1237 2521 multa
1279 2452 1425 2531 alia,
1472 2450 1807 2539 ignorabit
1849 2450 2166 2519 terminos
2211 2455 2282 2523 et
2321 2452 2656 2531 vocabula,
2687 2452 2817 2524 nisi
2861 2455 3022 2519 sciat

910 2554 1401 2623 distinctionem
1462 2554 1703 2621 factam
1767 2553 1942 2619 inter
2003 2575 2278 2640 cuprum
2339 2558 2409 2619 et
2474 2576 2582 2633 aes,
2630 2554 3020 2621 orichalcum

909 2661 979 2733 et
1022 2658 1353 2731 electrum.
1444 2657 1760 2723 AEstimat
1806 2656 1982 2724 enim
2027 2654 2265 2743 vulgus
2311 2656 2486 2742 quod
2545 2678 2637 2723 ωε
2679 2656 2769 2723 sit
2813 2680 3020 2725 unum

909 2758 990 2823 de
1052 2758 1339 2825 metallis
1400 2758 1888 2846 principalibus,
1937 2758 2115 2843 quod
2181 2779 2318 2825 non
2373 2762 2473 2825 est
2519 2780 2768 2837 verum,
2815 2760 3018 2827 immo

908 2883 1198 2947 cuprum.
1348 2863 1573 2947 Atque
1646 2861 1872 2928 nullus
1945 2860 2254 2928 advertat
2342 2859 2503 2948 quid
2579 2862 2708 2928 dici
2761 2862 3020 2934 ‘debeat

906 2963 1297 3030 orichalcum
1326 2963 1602 3049 proprie,
1636 2967 1707 3028 et
1752 2963 1914 3049 quid
1944 2962 2275 3042 electrum,
2309 2968 2378 3029 et
2409 2965 2540 3031 tria
2569 2964 2710 3050 ejus
2741 2965 3019 3052 signata,

906 3064 1039 3132 Sed
1114 3066 1171 3131 si
1244 3065 1563 3132 vocabula
1636 3065 2022 3153 ignorentur
2095 3070 2257 3131 tunc
2345 3069 2568 3132 totum
2655 3067 3020 3154 ignoratur.

906 3168 1085 3240 Dato
1128 3172 1355 3241 tamen
1400 3168 1576 3254 quod
1620 3168 1901 3234 sciamus
1947 3168 2110 3253 quid
2151 3189 2270 3254 per
2311 3168 2590 3234 verbum
2635 3169 2914 3249 dicatur,
2945 3175 3014 3236 et

904 3270 1079 3358 quod
1141 3271 1421 3338 sciamus
1483 3269 1660 3356 quod
1714 3291 1806 3339 aes
1869 3269 1960 3334 sit
2024 3291 2300 3355 cuprum
2367 3271 2733 3338 coloratum
2785 3272 3014 3340 durius

902 3378 972 3441 et
1014 3374 1355 3452 intensius,
1400 3395 1539 3448 non
1581 3379 1810 3440 tamen
1855 3372 2129 3438 sciretur
2173 3372 2504 3458 quomodo
2545 3378 2900 3460 generatur
2944 3378 3013 3440 et

901 3475 1200 3562 qualiter.
1294 3476 1385 3544 Et
1428 3475 1520 3540 sic
1549 3475 1632 3540 de
1677 3473 2002 3540 orichalco
2032 3473 2228 3561 longe
2270 3475 2483 3562 magis
2513 3480 2583 3540 et
2627 3476 2710 3540 de
2754 3474 3008 3545 electro..

899 3577 967 3644 N
970 3600 1057 3642 on
1102 3578 1279 3644 enim
1324 3576 1564 3644 sufficit
1614 3577 1689 3640 in
1734 3575 2078 3663 Scriptura
2136 3597 2256 3664 pro
2302 3599 2496 3642 sensu
2539 3576 2817 3644 litterali
2861 3578 3010 3644 sciri

898 3679 1059 3766 quid
1101 3702 1221 3767 per
1260 3701 1503 3752 nomen
1547 3678 1823 3758 dicatur,
1872 3684 1951 3746 ut
1995 3677 2173 3766 quod
2232 3678 2334 3744 leo
2395 3679 2484 3744 sit
2544 3679 2790 3746 animal
2833 3678 3009 3764 quod

898 3781 1141 3848 dicitur
1181 3804 1301 3848 rex
1343 3782 1721 3851 bestiarum.
1815 3780 1948 3846 Sed
2010 3785 2274 3867 oportet
2319 3781 2495 3866 quod
2539 3781 2824 3848 sciamus
2867 3781 3008 3869 ejus

898 3887 1208 3951 naturam
1284 3888 1355 3948 et
1414 3883 1868 3970 proprietates,
1929 3904 2046 3969 per
2105 3904 2382 3970 quarum
2456 3882 2714 3970 aliquas
2787 3884 3008 3970 signat

898 3983 1237 4056 Christum
1284 3989 1352 4055 et
1396 4007 1513 4072 per
1556 3986 1914 4052 contrarias
1959 3987 2308 4066 diabolum,
2399 3985 2576 4050 Nam
2620 3986 2678 4050 si
2721 3985 3002 4055 dicitur:

898 4091 937 4123 “
982 4085 1171 4152 Sicut
1236 4088 1337 4153 leo
1413 4088 1497 4153 de
1562 4088 1747 4154 tribu
1813 4088 1862 4154 J
1865 4088 2054 4166 uda‚”
2116 4089 2243 4166 «Sto,
2316 4088 2496 4175 quod
2555 4109 2678 4174 pro
2738 4086 3004 4156 Christo

893 4187 1147 4254 dicitur.
1240 4189 1333 4257 Et
1376 4189 1609 4256 beatus
1656 4190 1893 4256 Petrus
1923 4189 2278 4277 Apostolus
2323 4191 2458 4256 ait:
2510 4197 2546 4224 “
2568 4190 3004 4255 Adversarius

896 4298 933 4326 “
976 4295 1195 4359 vester
1238 4291 1537 4358 diabolus
1566 4297 1884 4378 tanquam
1926 4293 2030 4360 leo
2069 4290 2398 4378 rugiens,’'
2427 4291 2540 4364 am.
2631 4291 2724 4356 Et
2767 4291 2862 4356 sic
2903 4295 3004 4356 est

892 4393 975 4458 de
1019 4394 1321 4460 omnibus
1366 4395 1562 4461 rebus
1596 4422 1613 4476 ;
1660 4394 1818 4482 quia
1846 4415 1964 4482 pro
1995 4394 2135 4482 ipso
2181 4415 2376 4458 sensu
2419 4392 2710 4469 litterali,
2743 4397 3001 4480 oportet

893 4496 1055 4563 scire
1098 4502 1375 4564 naturas
1420 4503 1490 4564 et
1534 4498 1970 4585 proprietates
1999 4517 2234 4561 rerum.
2327 4495 2460 4560 Sed
2505 4501 2730 4562 tamen
2773 4515 3000 4560 sensus

1668 4717 1946 4786 levir-ema]
1973 4725 2077 4782 ευ,
2101 4715 2218 4774 Μᾶ-
