3517 5750
576 1600 809 1655 Windom

574 1670 787 1721 consina
806 1668 865 1723 iu

571 1736 805 1855 :5³:2³5

565 3535 723 3618 mat

562 3619 784 3657 mesces

565 3687 652 3722 are
674 3687 851 3737 specu-

914 882 1048 949 396
1674 895 1932 949 nocam
1977 896 2268 949 mcoms
2841 886 3018 973 [civ.

914 1070 1093 1157 quod
1152 1090 1289 1137 non
1348 1069 1589 1137 habuit
1644 1092 1854 1137 unum
1913 1074 2142 1139 contra
2191 1093 2313 1139 sex
2370 1075 2441 1140 et
2498 1072 2766 1162 viginti.
2877 1074 3020 1143 Nec

914 1178 1140 1238 tamen
1200 1172 1283 1238 de
1342 1172 1478 1238 suis
1542 1173 1770 1239 amisit
1835 1173 1968 1239 nisi
2035 1175 2554 1263 quadringentos
2617 1180 2688 1242 et
2755 1198 3014 1260 novem,

914 1274 1085 1341 sicut
1127 1296 1213 1341 ex
1256 1274 1469 1362 Trogo
1514 1275 1842 1363 Pompei0,
1889 1298 1968 1343 ac
2017 1276 2172 1343 Tito
2219 1277 2428 1359 Livio,
2475 1282 2546 1344 et
2595 1278 2644 1344 J
2647 1280 2884 1357 astino,
2939 1302 3016 1347 ac

914 1375 1148 1443 Orosio
1208 1376 1295 1443 ad
1343 1376 1796 1465 Augustinum
1855 1378 2189 1466 colligitur
2244 1379 2792 1449 manifestissime.
2885 1382 3015 1448 Sed

912 1480 1051 1547 haec
1091 1481 1353 1569 planius
1397 1483 1721 1569 patebunt
1767 1482 1840 1547 in
1885 1504 2002 1549 suo
2045 1483 2207 1551 1000.

1000 1582 1191 1651 Sicut
1232 1605 1391 1651 vero
1442 1582 1515 1650 in
1559 1584 1663 1651 his
1710 1586 2001 1673 quinque
2043 1590 2301 1651 restant
2349 1606 2564 1652 causae
2607 1590 2678 1653 et
2722 1587 3012 1654 rationes

906 1686 1193 1755 infinitae
1250 1688 1493 1775 quibus
1550 1710 1660 1755 cor
1732 1688 2098 1755 humanum
2169 1690 2244 1755 in
2303 1712 2594 1757 amorem
2667 1693 3011 1777 sapientise

906 1790 1267 1877 perfectum
1326 1790 1672 1869 alliciatur,
1724 1791 1904 1877 quod
1961 1794 2178 1879 primo
2237 1792 2371 1858 fuit
2427 1793 2861 1879 propositum,
2921 1794 3014 1859 sic

906 1891 1265 1959 secundum
1308 1893 1383 1957 in
1426 1892 1673 1959 eisdem
1718 1894 2042 1976 consistit,
2089 1894 2337 1961 scilicet
2379 1894 2732 1982 integritas
2785 1916 3010 1961 eorum

908 2018 1059 2084 quae
1100 1996 1187 2061 ad
1238 1994 1631 2082 completam
1674 1996 2072 2084 sapientiam
2115 1998 2566 2083 requiruntur.
2657 1996 2836 2063 Nam
2889 2004 3011 2064 aut

906 2098 1429 2187 contemplamur
1488 2096 1814 2187 fulgorem
1873 2099 2214 2186 sapientise
2285 2098 2360 2163 in
2417 2098 2661 2180 studio,
2713 2105 2834 2164 aut
2892 2122 3010 2166 ex-

905 2202 1195 2287 perimur
1243 2202 1419 2267 vires
1466 2200 1607 2288 ejus
1650 2199 1723 2265 in
1767 2222 1979 2289 opere,
2027 2200 2188 2266 dum
2235 2222 2380 2266 eam
2427 2200 2516 2265 ad
2559 2200 2897 2267 ecclesiam
2941 2208 3012 2268 et

906 2302 1042 2368 tria
1080 2307 1317 2371 caetera
1360 2324 1828 2391 comparamus.
1919 2302 2424 2391 Experientiam
2467 2302 2646 2368 enim
2692 2304 3010 2371 utilitatis

904 2405 1247 2492 sapientiae
1298 2404 1373 2471 in
1430 2404 1749 2493 regimine
1807 2404 2108 2486 ecclesiae,
2170 2408 2242 2471 et
2305 2403 2708 2491 reliquarum
2782 2406 3007 2486 trium,

901 2508 1217 2595 pmcedit
1288 2507 1687 2573 naturaliter
1758 2507 2050 2595 perfecta
2121 2506 2470 2594 acquisitio
2533 2508 2877 2593 sapientise
2913 2509 3010 2597 ¹in

902 2611 1167 2693 studi03
1226 2616 1297 2678 et
1354 2611 1569 2698 ipsam
1618 2610 1764 2697 jam
1838 2630 2202 2698 possessam
2261 2630 2378 2697 per
2435 2611 2752 2677 exercitia
2805 2610 3008 2677 studii

901 2712 1217 2778 sublimat
1275 2719 1345 2779 et
1388 2712 1774 2800 magnificat
1817 2713 2118 2781 executio
2177 2712 2551 2778 utilitatum
2599 2734 2746 2798 quae
2791 2713 2864 2777 in
2908 2735 3010 2779 ec-

900 2814 1099 2880 clesia
1148 2815 1340 2897 fiunt,
1395 2820 1465 2881 et
1512 2816 1766 2882 coeteris
1817 2813 2034 2882 tribus
2096 2814 2310 2881 dictis.
2419 2814 2550 2895 Qui
2603 2814 2816 2901 igitur
2865 2837 3006 2903 per-

899 2916 1068 2982 fecte
1107 2921 1177 2983 et
1216 2917 1471 3004 integre
1506 2917 1657 2984 vult
1697 2939 1767 2984 se
1807 2917 1964 2984 dare
2005 2917 2362 3005 sapientiae‚
2393 2937 2656 2984 necesse
2701 2923 2802 2983 est
2831 2919 3008 3003 quod

902 3041 1046 3085 eam
1098 3015 1203 3084 his
1253 3018 1545 3105 quinque
1594 3019 1911 3105 gradibus
1961 3019 2337 3106 investiget.
2439 3019 3006 3086 Considerandum

902 3129 1128 3192 tamen
1172 3127 1277 3190 est
1320 3125 1500 3212 quod
1542 3129 1689 3194 tota
1732 3129 2028 3214 potestas
2071 3125 2417 3213 sapientiae
2461 3125 2710 3193 relucet
2751 3125 2824 3191 in
2867 3131 3007 3192 stu-

901 3227 1011 3294 dio
1058 3225 1181 3294 hac
1240 3227 1776 3308 consideratione,
1827 3227 2141 3296 videlicet
2191 3229 2372 3315 quod
2429 3227 2558 3294 etsi
2608 3228 2779 3294 fiant
2828 3229 3014 3294 utili-

900 3337 1076 3400 tates
1122 3333 1195 3399 in
1242 3331 1507 3399 ecclesia
1566 3339 1636 3399 et
1694 3331 1860 3412 aliis,
1924 3338 2153 3400 tamen
2213 3331 2542 3420 quomodo
2595 3343 2666 3399 et
2725 3332 3008 3420 qualiter

898 3435 1069 3502 fiant
1113 3435 1317 3502 habet
1360 3435 1513 3502 sciri
1557 3438 1628 3501 et
1672 3433 1888 3500 doceri
1933 3434 2005 3499 in
2049 3434 2284 3501 studio,

990 3539 1193 3608 Unde
1239 3539 1535 3606 studium
1588 3537 1929 3624 sapientiae
1983 3537 2186 3602 habet
2244 3537 2409 3602 duas
2467 3540 2725 3624 partes3
2785 3558 3004 3618 unam,

900 3642 1145 3712 scilicet
1183 3640 1673 3729 speculativam,
1704 3644 1776 3705 et
1820 3637 2021 3705 aliam
2063 3639 2422 3726 practicam
2467 3644 2538 3705 et
2582 3641 3004 3726 operativam.

564 3737 731 3797 have,
741 3739 878 3792 '¹¹²‘
901 3746 1124 3811 Prima
1166 3743 1535 3811 considerat
1583 3741 1888 3808 scientias
1940 3763 2088 3827 quae
2139 3740 2510 3808 consistunt
2555 3741 2629 3806 in
2680 3741 2818 3808 sola
2863 3764 3004 3828 spe-

564 3805 819 3870 praesul.

900 3847 1225 3914 culatione
1279 3843 1599 3912 veritatis.
1690 3843 1844 3909 Alia
1902 3865 2054 3930 pars
2113 3843 2432 3930 exprimit
2489 3842 2796 3910 scientias
2855 3865 3003 3929 quae

896 3948 972 4012 in
1061 3947 1365 4032 operibus
1452 3944 1854 4011 radicantur.
1971 3944 2416 4012 Grammatica
2493 3945 2692 4026 enim,
2772 3945 3002 4031 logica,

896 4049 1223 4115 naturalis
1308 4046 1735 4134 philosophia,
1811 4047 2087 4136 vulgata
2165 4047 2634 4135 metaphysica,
2711 4047 3003 4135 quinque

896 4150 1189 4218 scientiae
1254 4149 1758 4230 mathematicae,
1822 4154 1892 4216 et
1971 4148 2192 4237 plures
2265 4149 2416 4217 aliae
2497 4151 2656 4214 sunt
2711 4149 3002 4237 specula-

896 4255 1057 4322 tivae
1097 4255 1475 4332 veritatum,
1520 4272 1669 4338 quse
1704 4273 1842 4319 non
1885 4252 2261 4320 consistunt
2299 4252 2374 4318 in
2413 4251 2736 4339 operibus.
2824 4251 3007 4331 Qua·

896 4363 1051 4425 tuor
1102 4379 1255 4425 vero
1314 4355 1606 4422 scientiae
1666 4355 2170 4435 mathematicae,
2221 4376 2370 4442 quse
2427 4375 2668 4421 novem
2721 4359 2878 4420 sunt
2928 4353 3002 4419 in

895 4464 1222 4544 universo,
1286 4464 1355 4527 et
1428 4458 1721 4540 alkimia,
1797 4457 2144 4540 medicina,
2219 4457 2486 4523 moralis
2566 4456 3000 4544 philosophia,

894 4566 1019 4631 sub
1080 4587 1211 4650 qua
1270 4561 1745 4649 comprehendo
1795 4561 1909 4646 jus
1969 4560 2179 4640 civile,
2233 4558 2584 4645 theologia,
2647 4581 2800 4624 cum
2846 4559 3000 4645 jure

894 4666 1221 4747 canonico,
1254 4669 1324 4730 et
1364 4663 1593 4730 multae
1632 4663 1800 4746 alise,
1832 4685 1874 4728 a
1917 4667 2105 4751 parte
2142 4661 2570 4750 philosophiae
2613 4665 2774 4727 sunt
2817 4682 3001 4749 prac-
