3517 5750
828 886 963 957 470
1586 898 1842 949 nooml
1890 894 2182 947 mooms
2757 882 2938 973 [eir.

826 1082 1017 1155 astes,
1066 1074 1183 1161 qui
1234 1072 1471 1161 incipit
1484 1074 1503 1113 ¹
1540 1074 1866 1141 “Memini
1897 1094 2004 1139 me
2031 1072 2156 1139 hoc
2187 1072 2396 1139 ferme
2430 1072 2882 1159 quinquennio
2903 1074 2942 1101 ''

824 1180 1165 1266 coaptavit
1206 1178 1737 1245 Theodotionem.
1831 1176 1926 1243 Et
1985 1175 2436 1263 Hieronymus
2487 1200 2556 1243 se
2601 1178 2944 1245 interdum

828 1282 1169 1369 coaptavit
1211 1282 1375 1361 aliis,
1422 1281 1539 1347 ubi
1582 1302 1733 1347 cum
1781 1278 2070 1345 Hebraeo
2113 1300 2250 1345 non
2307 1281 2808 1359 concordabant,
2855 1288 2944 1348 ut

826 1390 1015 1473 patet
1084 1406 1205 1472 per
1266 1384 1483 1473 ipsum
1548 1388 1850 1449 sanctum
1898 1381 2384 1468 Hieronymum
2429 1406 2627 1471 super
2673 1384 2938 1465 Iso-iam,

688 1528 699 1538 ·
824 1510 1019 1575 super
1064 1488 1195 1554 isto
1238 1493 1433 1554 textu
1482 1488 1673 1576 [xvii.
1708 1486 1868 1573 11.],
1903 1492 1940 1521 “
1971 1486 2058 1550 In
2103 1486 2210 1551 die
2239 1486 2648 1553 haercditetis
2675 1489 2944 1575 quando

824 1596 867 1627 “
910 1596 1100 1678 pater
1141 1591 1271 1657 h.d.
1320 1590 1421 1657 3.”
1532 1588 1708 1657 Item
1750 1588 1916 1655 dicit
1967 1588 2418 1675 Hieronymus
2471 1612 2666 1678 super
2727 1592 2943 1679 primo

830 1694 1025 1780 [xxii.
1060 1695 1173 1782 3.],
1207 1692 1499 1759 “Cuncti
1542 1692 1868 1781 principes
1912 1691 2017 1757 tui
2061 1691 2437 1779 fiigerunt,”
2481 1700 2620 1775 etc„
2655 1695 2772 1758 “in
2817 1694 2944 1761 hoc

831 1804 867 1833 “
912 1797 1053 1863 loco
1084 1796 1525 1883 Septuaginta
1552 1794 2168 1881 interpretationem
2197 1796 2462 1881 sequuti
2506 1818 2748 1875 sumuS,
2781 1798 2945 1883 quia

832 1908 867 1935 ‘⁴
914 1922 1047 1965 non
1092 1900 1377 1965 multum
1436 1898 1525 1964 ab
1586 1896 1918 1963 Hebraico
1979 1896 2238 1963 distant
2293 1899 2368 1963 in
2427 1898 2682 1965 sensu.''
2771 1899 2946 1965 Haec

828 2004 924 2069 ibi
972 2002 1437 2088 Hieronymus,
1528 2001 1621 2066 Et
1674 2000 2033 2086 aliquando
2077 2000 2346 2087 Aquilae
2403 2008 2476 2067 et
2533 2002 2698 2067 alias
2741 2000 2946 2088 Sym-

826 2106 1059 2173 macho
1104 2111 1177 2172 et
1218 2105 1463 2194 pluries
1492 2102 1697 2170 Lxx„
1744 2102 2302 2181 translationibus,
2349 2104 2470 2170 ubi
2513 2105 2760 2171 scilicet
2801 2127 2942 2172 non

826 2209 1099 2275 fuerunt
1142 2208 1452 2275 contrarii
1500 2206 1830 2287 Hebrae03
1875 2208 2034 2293 quia
2075 2207 2438 2273 vocabatur
2501 2206 2802 2274 falsarius
2869 2214 2946 2274 et

830 2317 1171 2399 corruptor
1216 2312 1703 2399 Scripturarum
1748 2309 1836 2374 ob
1879 2310 2006 2375 hoc
2033 2311 2208 2396 quod
2237 2311 2668 2397 attemptavit
2695 2333 2942 2377 novam

828 2414 1327 2481 translationem
1374 2414 1633 2479 Latinis
1676 2413 1947 2479 auribus
1989 2413 2328 2479 inculcare.
2423 2411 2534 2479 Ex
2575 2436 2706 2500 qua
2741 2436 2942 2481 causa

828 2518 1085 2585 dimisit
1128 2522 1399 2607 propter
1450 2538 1673 2605 paoem
1738 2512 2084 2583 doctorum
2145 2516 2428 2583 ecclesiae
2494 2517 2708 2583 multa
2773 2517 2942 2583 falsa

827 2626 1017 2701 stare,
1080 2629 1161 2687 ut
1234 2622 1513 2687 fuerant.
1633 2620 1828 2690 Sicut
1897 2624 2002 2685 est
2075 2618 2244 2686 illud
2329 2625 2568 2706 quarto
2647 2621 2940 2707 capitulo

828 2728 1052 2813 spuria
1124 2722 1523 2790 vitulamina.
1594 2744 1729 2788 non
1799 2721 2060 2789 dabunt
2131 2722 2383 2789 radices
2427 2721 2640 2789 altas?
2729 2723 2938 2806 Cujus

832 2827 1191 2893 falsitatem
1238 2826 1530 2894 ostendit
1572 2826 1807 2892 beatus
1851 2824 2273 2914 Augustinus
2301 2826 2586 2894 secundo
2629 2826 2734 2893 De
2761 2826 2934 2892 Doc-

828 2929 1011 2996 trina
1056 2929 1453 2995 Christiana.
1545 2929 1639 2994 Et
1704 2929 1838 2995 alia
1885 2951 2054 3018 pene
2119 2930 2403 3010 infinita,
2449 2936 2531 2996 ut
2573 2931 2794 2997 sciunt
2835 2930 2938 2995 illi

831 3032 947 3119 qui
992 3037 1151 3098 sunt
1194 3031 1459 3098 solliciti
1503 3031 1575 3096 in
1622 3031 1745 3098 hac
1807 3036 2014 3120 parte.
2109 3031 2244 3100 Sed
2309 3038 2382 3099 et
2441 3035 2734 3121 ipsemet,
2779 3033 2940 3099 licet

828 3139 1092 3201 sanctus
1120 3135 1335 3214 hom0,
1366 3140 1596 3201 tamen
1624 3135 1876 3221 aliquid
1905 3135 2270 3202 humanum
2301 3159 2543 3224 pessus
2577 3137 2934 3203 confitetur

828 3239 1039 3305 libera
1066 3259 1227 3306 voce
1272 3260 1343 3304 se
1371 3237 1705 3304 celeritate
1736 3237 2029 3304 dictandi
2058 3239 2302 3324 pluries
2331 3239 2678 3306 oberrasse.
2755 3239 2935 3304 Nam

828 3343 1081 3409 decimo
1142 3363 1319 3408 nono
1391 3340 1679 3430 capitulo
1728 3340 1924 3407 Isaiae
1985 3339 2154 3407 dicit
2203 3342 2276 3408 in
2325 3331 2628 3429 originali
2691 3342 2930 3427 quinto

824 3446 1035 3511 libro:
1131 3453 1169 3481 “
1192 3445 1279 3510 In
1354 3466 1431 3510 eo
1508 3443 1685 3530 quod
1758 3443 2222 3510 transtulimus
2295 3442 2786 3512 inmo-vamum
2858 3449 2930 3510 et

826 3555 863 3584 “
910 3547 1375 3615 lascivientem
1395 3594 1414 3613 .
1461 3594 1480 3611 .
1512 3569 1633 3612 nos
1663 3551 1886 3612 autem
1916 3545 2194 3613 verbum
2227 3547 2628 3614 Hebraicum
2661 3569 2932 3633 aymon,

825 3659 863 3686 “
910 3651 1068 3718 dum
1113 3651 1411 3718 celeriter
1454 3671 1601 3736 quae
1646 3649 1890 3736 scripta
1931 3655 2090 3716 sunt
2116 3651 2453 3730 vertimus,
2501 3651 2937 3738 ambiguitate

826 3761 863 3788 “
910 3755 1181 3840 decepti,
1217 3752 1506 3818 diximus
1530 3751 2070 3839 resq-cenantem?
2097 3838 2100 3844 Ι
2161 3751 2256 3818 Et
2283 3753 2355 3819 in
2385 3753 2614 3821 eodem
2643 3753 2828 3832 libro,
2861 3759 2934 3820 et

822 3855 895 3920 in
940 3857 1167 3920 eodem
1237 3854 1543 3941 capitu10,
1591 3855 1755 3922 dicit
1799 3855 1882 3922 de
1926 3857 2057 3921 alio
2101 3856 2280 3942 quod
2345 3858 2516 3924 male
2577 3857 2936 3923 transtulffi

822 3960 945 4035 rat,
998 3963 1033 3991 “
1054 3955 1293 4021 Melius
1336 3978 1484 4042 reor
1511 3958 1850 4045 proprium
1889 3981 2172 4024 errorem
2217 3959 2688 4047 reprehendere
2715 3981 2934 4048 quam,

826 4068 861 4096 “
907 4059 1068 4124 dum
1144 4059 1450 4126 erubesco
1524 4061 1927 4150 imperitiam
2002 4063 2314 4142 confiteri,
2375 4063 2451 4129 in
2517 4085 2732 4131 errore
2789 4087 2940 4152 per-

826 4170 863 4198 “
908 4162 1152 4229 sistere.
1248 4161 1333 4227 In
1396 4183 1475 4229 eo
1518 4185 1679 4230 vero
1748 4163 1926 4252 quod
1989 4165 2319 4245 transtuli,
2401 4174 2419 4202 ‘
2447 4171 2518 4232 et
2563 4168 2692 4234 erit
2753 4173 2932 4233 terra

825 4274 860 4304 “
908 4273 927 4304 ⁴
968 4265 1153 4332 Juda
1196 4263 1495 4354 AEgypto
1554 4267 1628 4332 in
1678 4267 2156 4350 festivitatem,’
2213 4269 2279 4334 in
2331 4268 2621 4338 Hebraeo
2685 4270 2932 4358 legitur

823 4379 861 4408 “
906 4391 1095 4460 ayya,
1174 4369 1351 4457 quod
1435 4369 1858 4460 interpretari
1945 4375 2170 4460 potest
2242 4371 2607 4463 festivitas.
2733 4373 2932 4443 Unde

890 4697 907 4729 ¹
932 4697 1131 4766 incepit]
1169 4705 1205 4751 t.
1232 4697 1301 4752 iii.
1328 4703 1442 4753 381.
1477 4701 1487 4766 f
1756 4697 1770 4768 Ι
1861 4700 1881 4731 ⁸
1901 4697 2060 4767 altas]
2097 4715 2180 4767 pp.
2208 4705 2286 4766 92,
2310 4705 2425 4754 ³44.
