3517 5750
582 864 864 949 xxnx]
1364 878 1539 928 orus
1582 878 1783 927 ‘rsa-n
1791 876 1904 927 tm.
2488 866 2498 876 “
2559 861 2590 922 1
2603 862 2685 925 35

580 1043 719 1110 haec
746 1045 1057 1111 Herculis
1086 1048 1290 1125 clava,
1324 1047 1480 1113 licet
1510 1070 1659 1114 cum
1688 1046 1984 1113 maxima
2012 1044 2417 1111 difficultate.
2508 1044 2688 1109 Nam

580 1151 799 1213 totum
828 1149 1068 1237 vulgus
1096 1150 1239 1217 haec
1266 1150 1568 1237 ignorat3
1618 1150 1828 1237 aliqui
1871 1154 2098 1217 tamen
2125 1147 2326 1236 periti
2353 1152 2687 1215 noverunt

580 1248 738 1330 haec,
782 1252 901 1317 sed
944 1252 1141 1319 valde
1186 1253 1393 1339 pauci.

1464 1410 1621 1479 cn».
1672 1410 1808 1477 XL.

666 1544 935 1613 Posm
1008 1547 1199 1615 texui
1272 1570 1639 1615 sermonem
1714 1548 1796 1613 de
1871 1546 2266 1635 figuratione
2339 1566 2678 1636 corporum

577 1650 855 1731 mundi3
924 1656 995 1717 et
1066 1674 1393 1739 nusquam
1462 1651 1538 1716 111
1612 1652 1679 1715 N
1683 1650 2051 1717 aturalibus
2121 1650 2498 1717 Aristotelis
2578 1656 2680 1717 est

576 1752 783 1839 major
844 1753 1207 1834 difficultas,
1268 1776 1389 1821 nec
1446 1753 1866 1841 pulchritudo
1909 1752 2270 1819 veritatum
2332 1774 2495 1841 pure
2557 1754 2678 1819 sci-

576 1854 941 1938 entialium,
990 1878 1112 1923 nec
1165 1857 1635 1936 delectabilior,
1669 1855 2051 1923 hominibus
2099 1856 2462 1921 scientibus
2511 1855 2678 1923 bene

573 1957 1017 2043 geometriam.
1137 1959 1231 2025 Et
1304 1960 1363 2025 si
1436 1964 1701 2047 tempus
1773 1980 1911 2025 11011
1985 1958 2350 2025 habueritis
2427 1958 2676 2023 exami-

472 2052 487 2067 '
574 2060 781 2125 nandi
818 2060 937 2127 has
978 2060 1417 2142 difficultates,
1448 2061 1497 2127 J
1498 2061 1788 2127 ohannes
1828 2066 2064 2147 potens
2103 2064 2206 2126 est
2243 2062 2318 2124 in
2353 2059 2458 2125 his
2499 2060 2676 2145 plus-

574 2182 773 2246 quam
832 2184 1057 2230 omnes
1116 2164 1233 2250 qui
1292 2168 1451 2229 sunt
1498 2162 1806 2243 Parisius,
1857 2168 1926 2229 et
1983 2162 2179 2227 faciet
2237 2161 2461 2227 omnia
2519 2166 2676 2227 ante

572 2263 793 2329 oculos
844 2270 1119 2346 vestrm,
1175 2270 1243 2332 et
1290 2286 1561 2353 corpora
1620 2266 1793 2331 sicut
1851 2264 2110 2351 figuras.
2218 2262 2312 2329 Et
2362 2263 2469 2328 hic
2515 2269 2676 2329 sunt

570 2366 704 2431 tria
776 2368 1069 2454 capitula
1142 2367 1547 2455 principalia.
1660 2366 1840 2433 Nam
1911 2366 2128 2454 primo
2187 2365 2459 2431 docetur
2517 2388 2674 2431 vera

570 2467 879 2554 figuratio
937 2490 1055 2556 per
1112 2492 1301 2535 veras
1361 2476 1431 2536 et
1489 2468 1795 2558 pulchras
1858 2467 2468 2547 demonstrationes,
2530 2473 2672 2533 tam

562 2569 653 2635 -de
702 2570 869 2637 coelo
920 2594 1119 2658 quam
1172 2573 1255 2639 de
1316 2571 1655 2639 elementis
1716 2576 2017 2657 quatuor.
2107 2569 2406 2637 Secundo
2466 2571 2669 2657 assig-

568 2676 769 2738 natur
827 2695 1144 2760 magnum
1205 2674 1507 2741 mirabile
1580 2673 1653 2739 111
1726 2678 1986 2755 natura,
2049 2678 2118 2739 et
2176 2672 2494 2759 probatur
2552 2695 2672 2759 per

569 2774 1215 2857 demonstrationem,
1250 2778 1427 2863 quod
1448 2798 1581 2857 vas,
1613 2776 1723 2843 vel
1763 2773 2058 2863 cyphus‚¹
2090 2775 2198 2840 vel
2233 2775 2417 2840 aliud
2455 2780 2671 2862 potest

568 2876 715 2963 plus
761 2880 1095 2946 continere
1138 2880 1223 2946 de
1266 2881 1519 2966 liquore
1568 2880 1642 2944 111
1692 2878 1988 2946 inferiori
2030 2877 2172 2944 1000
2216 2900 2414 2965 quam
2443 2879 2518 2942 in
2560 2902 2668 2945 su-

568 2980 824 3065 periori,
874 2982 1061 3048 nulla
1110 2981 1247 3047 alia
1296 2982 1665 3048 mutatione
1714 2981 1909 3048 facta.
2004 2979 2230 3048 Tertio
2280 2982 2668 3069 reprobatur

565 3081 819 3148 falsitas
858 3084 1329 3170 figurationum
1366 3085 1605 3170 quibus
1646 3083 2016 3170 philosophi
2053 3090 2212 3149 ante
2240 3083 2666 3150 Aristotelem

565 3184 671 3250 usi
726 3191 901 3254 sunt.
1010 3187 1103 3252 Et
1162 3187 1463 3273 quamvis
1520 3208 1637 3272 per
1694 3187 1982 3272 primum
2041 3185 2362 3252 habeatur
2418 3187 2667 3252 veritas

564 3285 997 3372 figurationis
1058 3295 1286 3354 tamen
1344 3288 1620 3354 tertium
1678 3289 1880 3354 habet
1938 3286 2336 3373 pulchriores
2399 3293 2469 3352 et
2525 3293 2664 3353 mass

556 3387 735 3474 jores
780 3389 1213 3456 difficultates.
1307 3391 1397 3455 Et
1440 3390 1664 3477 aliqua
1707 3391 1780 3454 in
1824 3411 2081 3455 summa
2123 3389 2232 3454 hic
2275 3389 2579 3454 recitabo-

654 3491 951 3578 Exposui
1038 3493 1247 3580 igitur
1332 3514 1461 3579 quo
1544 3493 1737 3558 modo
1827 3489 2200 3579 philosophi
2287 3491 2664 3577 figurabant

568 3593 858 3680 quinque
932 3615 1203 3682 corpora
1275 3595 1525 3676 mundi,
1602 3594 1852 3661 scilicet
1924 3593 2162 3659 coelum
2237 3597 2307 3659 et
2382 3599 2664 3679 quatuor

563 3694 905 3774 elementa,
966 3719 1086 3784 per
1159 3697 1449 3784 quinque
1516 3698 1761 3784 figuras
1835 3696 2212 3782 corporales,
2275 3695 2358 3761 de
2423 3695 2662 3781 quibus

562 3798 1039 3864 determinatur
1108 3799 1183 3864 in
1264 3799 1463 3866 tertio
1537 3800 1707 3866 libro
1779 3799 2272 3866 Elementorum
2350 3799 2656 3868 Euclidia

562 3897 655 3965 Et
700 3901 857 3987 quia
908 3901 1011 3967 hae
1052 3906 1215 3968 sunt
1264 3902 1495 3988 figurae
1538 3901 1868 3990 regulares
1911 3901 2082 3982 solae,
2130 3907 2199 3968 et
2260 3901 2659 3990 pulchriores

559 4001 705 4068 aliis
782 4009 853 4068 et
926 4003 1240 4081 meliores,
1317 4011 1586 4091 propter
1674 4005 1796 4070 hoc
1883 4004 2209 4070 dedenmt
2281 4006 2660 4092 corporibus

558 4106 791 4171 mundi
852 4106 1335 4192 principalibus.
1426 4107 1559 4172 Sed
1626 4107 1786 4193 quia
1847 4107 1920 4172 111
1979 4106 2202 4173 Tertio
2263 4107 2476 4194 Opere
2541 4133 2654 4176 ex-

556 4207 745 4294 posui
790 4207 908 4274 has
950 4209 1193 4295 figuras
1236 4209 1520 4289 brevius,
1570 4214 1639 4274 et
1682 4209 1881 4274 latius
1919 4209 1992 4274 in
2021 4208 2258 4290 Primo,
2292 4211 2439 4276 ideo
2479 4233 2654 4277 nunc

556 4309 807 4376 omitt0.
921 4310 1013 4373 Et
1070 4311 1225 4397 quia
1299 4309 1687 4376 Aristoteles
1746 4311 1945 4377 tertio
2009 4311 2179 4378 Coeli
2243 4317 2311 4376 et
2379 4311 2614 4377 Mundi
2627 4313 2654 4348 ²

557 4410 839 4476 destruit
903 4410 1071 4480 hanc
1136 4411 1543 4499 positionem,
1598 4418 1679 4504 ut
1740 4413 1813 4477 in
1873 4412 2096 4478 Primo
2157 4413 2370 4498 Opere
2441 4413 2650 4499 expli-

1688 4605 2202 4614 ψ---ῡ-ῴ--σ--ῡ
2238 4606 2336 4611 ——.
2393 4603 2459 4610 --—
2485 4603 2646 4610 ..m-—

861 4604 1233 4612 ——————-—

625 4717 641 4752 ἱ
676 4725 804 4786 quod
832 4739 937 4787 vas,
984 4723 1061 4776 vel
1094 4699 1303 4792 cyphus]
1352 4725 1491 4792 Opus
1688 4728 1710 4756 ²
1749 4724 1872 4778 Coela·
1891 4733 1940 4778 et
1957 4725 2169 4794 Mundi]
2207 4741 2316 4797 cap.
2351 4733 2398 4790 4,
2435 4732 2480 4780 5.

555 4799 742 4866 Majus,
777 4815 825 4864 p.
862 4809 945 4856 94.

2706 1564 2818 1618 The
2835 1567 2982 1633 sphe-

2703 1631 2828 1685 rical
2850 1652 2970 1685 con-

2703 1701 2738 1749 fi
2779 1702 2974 1753 111-1111011

2703 1782 2736 1817 0
2771 1768 2980 1820 Hesven

2703 1836 2894 1885 andthe
2903 1837 3016 1887 four

2701 1901 2956 1964 elements,

2699 1982 2755 2017 as
2778 1970 2996 2033 opposed

2698 2040 2768 2097 to,

2688 3502 2772 3554 the
2795 3503 2916 3556 Pla·

2685 3569 2822 3620 tonic
2841 3573 2962 3622 doc·

2684 3635 2831 3696 trine,
2852 3640 2954 3688 and
