3517 5750
538 1957 661 2008 Men
676 1958 829 2025 given

534 2032 589 2075 to
609 2026 749 2078 these
770 2025 849 2079 in·

534 2092 807 2157 dulgenee·

536 2174 631 2210 can
654 2160 803 2211 make

534 2240 603 2275 no
616 2241 849 2293 progna

534 2290 589 2341 in
608 2292 833 2345 πὶοᾱοω.

536 3291 663 3342 Thin
684 3307 807 3359 year

534 3374 691 3425 many
712 3375 827 3424 pro-

532 3427 715 3477 femora

534 3493 780 3544 banished

532 3559 665 3609 stom
678 3559 823 3610 Paris

534 3625 613 3674 for
634 3641 777 3676 enor-

532 3705 679 3741 mous

534 3757 731 3810 crimen.

875 844 1007 907 412
1629 858 1888 907 nocam
1935 856 2230 907 nAcoms
2801 842 2976 927 [cAP.

872 1032 993 1111 dit,
1038 1032 1111 1097 in
1152 1032 1322 1097 libro
1370 1032 1471 1095 De
1526 1028 1818 1109 Officiis,¹
1881 1032 2222 1098 rationem.
2297 1032 2426 1097 Per
2483 1036 2700 1098 totum
2751 1032 2978 1119 igitur,

870 1134 1192 1199 mundum
1283 1134 1521 1199 scimus
1620 1134 1954 1199 luxuriam
2059 1155 2330 1221 regnare
2424 1134 2498 1199 in
2601 1134 2981 1200 hominibus

868 1240 1101 1301 contra
1172 1236 1545 1301 naturalem
1625 1236 2021 1323 dignitatem
2101 1236 2400 1301 hominis.
2513 1235 2607 1301 Et
2679 1236 2828 1301 ideo
2899 1238 2983 1301 fit

870 1337 1065 1403 homo
1132 1336 1407 1404 brutum
1482 1336 1728 1403 animal
1809 1344 1880 1403 et
1956 1336 2104 1423 plus
2181 1360 2380 1423 quam
2455 1337 2750 1417 brutum,
2825 1339 2984 1424 quia

872 1439 1071 1505 bruta
1134 1444 1213 1505 ut
1286 1441 1359 1505 in
1432 1439 1728 1525 pluribus
1801 1444 2071 1505 servant
2145 1444 2446 1527 tempora
2529 1438 2758 1505 debita
2829 1462 2980 1505 con-

868 1540 1233 1627 junctionis
1306 1540 1649 1620 naturalis,
1744 1545 1817 1606 et
1909 1546 2191 1607 utuntur
2297 1563 2480 1607 more
2569 1542 2980 1608 naturaliter.

872 1643 1007 1709 Sed
1052 1644 1353 1710 homines
1396 1642 1655 1709 nullum
1726 1654 1986 1731 tempus
2031 1644 2402 1710 observant.
2477 1644 2682 1731 Leges
2725 1643 2982 1709 violant

869 1745 1217 1811 naturales.
1326 1746 1605 1811 Necesse
1666 1751 1770 1811 est
1829 1746 2038 1833 igitur
2095 1744 2274 1833 quod
2317 1769 2434 1833 per
2477 1747 2602 1811 hoc
2645 1752 2982 1833 peecatum

870 1848 1069 1915 homo
1132 1850 1515 1915 destruatur
1558 1848 1631 1913 in
1698 1849 2100 1935 proprietate
2167 1848 2454 1914 naturali
2501 1870 2634 1934 qua
2677 1871 2720 1913 a
2763 1848 2982 1914 brutis

870 1950 1214 2037 discrepat,
1248 1956 1317 2017 et
1360 1950 1484 2015 hoc
1526 1950 1599 2016 in
1644 1950 1990 2038 sapientise
2019 1950 2362 2039 dignitate.
2461 1950 2678 2017 Multa
2703 1956 2980 2037 possunt

869 2054 1066 2119 scribi
1112 2055 1195 2120 de
1237 2054 1379 2135 his3
1450 2054 1567 2119 sed
1610 2056 1876 2120 transeo
1921 2053 2190 2119 firmans
2235 2052 2541 2118 scientias
2583 2057 2979 2131 sanctorum,

870 2161 941 2222 et
999 2154 1549 2243 philosophorum,
1598 2160 1669 2221 et
1712 2154 2086 2242 sapientum
2149 2155 2464 2237 omnium,
2509 2160 2580 2221 et
2621 2155 2978 2221 secundm

870 2258 1172 2347 exempla
1214 2280 1365 2345 quae
1406 2258 1707 2324 videmus
1752 2256 2035 2339 infinita,
2066 2257 2241 2344 quod
2289 2257 2484 2324 homo
2531 2258 2794 2323 deditus
2838 2280 2984 2345 pec-

868 2362 1033 2427 catis
1080 2382 1215 2427 non
1265 2366 1487 2449 potest
1536 2360 1850 2449 proficere
1907 2360 1981 2425 in
2025 2361 2354 2448 sapientia
2487 2360 2582 2425 Et
2625 2360 2776 2425 ideo
2827 2382 2978 2426 cum

856 2462 1139 2549 juvenes
1182 2486 1253 2529 se
1310 2464 1474 2530 dant
1538 2462 1822 2549 peccatis
1865 2462 2146 2529 luxuriae
2191 2468 2262 2529 et
2301 2462 2494 2549 gulae,
2541 2467 2611 2527 et
2653 2484 2771 2549 per
2829 2484 2979 2528 eon-

866 2588 1143 2653 sequens
1204 2567 1340 2647 irae,
1416 2570 1487 2631 et
1546 2566 1834 2643 invidiae,
1899 2570 1969 2632 et
2041 2565 2380 2653 superbire,
2427 2570 2499 2631 et
2541 2566 2798 2643 acediae,
2843 2587 2982 2631 non

868 2674 1145 2755 possunt
1216 2667 1479 2755 aliquid
1552 2668 1832 2753 dignum
1907 2668 2120 2735 facere
2194 2667 2268 2733 in
2335 2667 2575 2734 studio.
2669 2667 2761 2733 Et
2827 2690 2976 2733 cum

866 2771 1204 2836 senuerint
1278 2791 1413 2835 non
1486 2770 1802 2835 recedunt
1873 2792 1918 2835 a
1989 2770 2462 2837 consuetudine
2527 2770 2719 2847 mala,
2775 2770 2982 2856 juxta

869 2872 1121 2938 dictum
1168 2871 1581 2953 Salamonis;
1624 2872 1830 2938 immo
1875 2873 2087 2961 magis
2131 2873 2623 2955 confirmantur,
2667 2872 2800 2938 nisi
2839 2875 2980 2938 sint

868 2975 1075 3062 aliqui
1118 2973 1511 3062 paucissimi,
1558 2976 1800 3061 quibus
1861 2977 2042 3042 Deus
2101 2977 2388 3062 gratiam
2433 2975 2552 3041 dat
2593 2975 2931 3062 specialem
2961 2998 2980 3054 ;

867 3077 983 3142 sed
1058 3077 1267 3164 magis
1340 3098 1418 3144 ac
1480 3078 1691 3164 magis
1754 3083 2170 3144 excaecantur
2231 3100 2348 3166 per
2411 3079 2762 3158 luxuriam,
2801 3079 2978 3143 sicut

868 3181 1219 3266 probatum
1264 3183 1367 3246 est
1408 3179 1533 3246 hoc
1576 3201 1768 3262 anno,
1817 3181 1993 3266 quod
2063 3179 2262 3246 multi
2315 3179 2606 3266 theologi
2665 3178 2974 3260 Parianus,

866 3289 937 3348 et
979 3283 1097 3369 qui
1158 3282 1465 3372 legerunt
1539 3281 1613 3348 in
1678 3281 2028 3368 theologia,
2098 3286 2258 3348 eunt
2301 3281 2578 3369 relegati
2621 3303 2664 3346 a
2705 3281 2978 3346 civitate

866 3391 939 3452 et
980 3407 1024 3451 a
1066 3407 1269 3474 regno
1304 3384 1620 3463 Franciae,
1666 3406 1786 3472 per
1833 3385 2076 3450 multos
2119 3405 2344 3466 annos,
2377 3383 2632 3471 publice
2677 3383 2978 3448 damnati

868 3493 1137 3576 propter
1202 3487 1624 3559 sodomiticas
1690 3487 2004 3554 vilitates.
2097 3486 2190 3553 Et
2255 3487 2314 3552 si
2377 3486 2584 3572 aliqui
2650 3489 2976 3572 provectae

867 3591 1109 3672 aetatis,
1140 3591 1387 3658 scilicet
1416 3612 1562 3657 cum
1598 3592 1944 3657 transeant
1973 3593 2190 3654 status
2225 3589 2624 3675 juventutis,
2669 3589 2978 3654 videlicet

866 3697 1017 3778 post
1090 3693 1371 3780 triginta
1442 3713 1669 3773 annos,
1744 3713 1864 3779 per
1937 3691 2222 3780 gratiam
2281 3691 2412 3756 'Dei
2485 3691 2862 3758 abstineant
2935 3713 2980 3754 a

866 3795 1148 3874 luxuria,
1217 3801 1445 3860 tamen
1512 3799 1673 3860 tunc
1718 3794 1950 3881 vigent
1993 3795 2067 3859 in
2115 3793 2211 3861 eis
2275 3797 2544 3881 peecata
2587 3793 2976 3881 spiritualia,

868 3919 1017 3982 quae
1089 3897 1433 3983 nequioria
1496 3902 1693 3978 sunt3
1754 3898 1913 3984 quia
1974 3903 2136 3981 tunc
2195 3896 2475 3964 ambitio
2519 3895 2864 3978 honorum,
2908 3901 2980 3961 et

866 3998 1209 4085 cupiditas,
1288 4008 1357 4065 et
1447 3999 1736 4066 avaritia
1810 4005 2048 4067 tenent
2123 4021 2362 4066 omnes.
2477 3999 2573 4065 Et
2647 4022 2798 4065 cum
2887 3998 2976 4064 ad

868 4101 1145 4167 honores
1188 4105 1269 4170 et,
1302 4100 1573 4167 divitias
1636 4102 2012 4190 pertingere
2077 4124 2210 4168 non
2276 4107 2550 4188 possunt
2617 4101 2740 4168 hoc
2805 4107 2972 4166 tem-

870 4225 1023 4292 pore
1082 4203 1224 4269 sine
1287 4205 1503 4269 multa
1568 4203 1829 4270 invidia
1893 4205 2190 4284 aliorum,
2241 4204 2398 4290 quia
2449 4204 2730 4291 quilibet
2773 4203 2976 4270 vellet

866 4305 1105 4376 habere
1166 4307 1341 4394 quod
1414 4306 1617 4375 habet
1686 4305 1874 4386 alius,
1951 4305 2162 4374 oritur
2233 4305 2306 4372 in
2380 4306 2685 4374 cordibus
2747 4326 2974 4373 eorum

1041 4543 2333 4554 —-.----..——--————-——-————-..--——·-——-
2494 4543 2647 4550 ——-.-—-
2682 4543 2740 4549 -..

1641 4715 1766 4769 'De
1793 4715 2016 4784 officia]
2045 4714 2079 4768 i.
2103 4721 2186 4767 34.
