3517 5750
536 1453 672 1505 A⁴D.
702 1456 844 1505 1267.

870 862 1001 933 278
1626 874 1884 927 nouam
1928 874 2222 927 mcoms
2787 860 2962 947 [cap.

871 1041 1033 1106 Idus
1080 1040 1476 1117 Decembris
1524 1040 1645 1105 ubi
1690 1060 1867 1107 nune
1917 1045 2020 1106 est
2063 1038 2444 1119 solstitium,
2491 1040 2668 1106 fiunt
2727 1060 2968 1105 novem

870 1143 1029 1220 dies,
1096 1142 1337 1228 quibus
1401 1142 1701 1208 aseendit
1760 1142 1884 1208 hoo
1949 1141 2326 1210 solstitium.
2423 1141 2558 1208 Sed
2619 1142 2707 1209 ab
2773 1142 2968 1208 annis

868 1244 1278 1332 probationis
1376 1244 1727 1312 Ptolomaei
1815 1251 1976 1311 sunt
2045 1266 2223 1311 nune
2289 1247 2372 1312 de
2433 1244 2628 1311 annis
2695 1244 2969 1311 Domini

870 1348 1051 1413 mille
1096 1352 1369 1414 eentum
1410 1347 1659 1434 viginti
1704 1351 2006 1435 septem3
2065 1370 2144 1415 eo
2175 1349 2354 1435 quod
2399 1370 2577 1415 nune
2621 1348 2711 1414 sit
2761 1368 2976 1413 annus

870 1449 1145 1515 Domini
1188 1450 1575 1516 millesimus
1620 1448 2109 1517 ducentesimus
2151 1452 2596 1539 sexagesimus
2635 1452 2971 1538 septimus,

868 1575 911 1619 a
954 1552 1193 1640 quibus
1236 1554 1295 1619 si
1340 1551 1694 1619 demantur
1752 1557 2022 1619 eentum
2081 1554 2543 1641 quadraginta,
2589 1556 2706 1641 qui
2763 1554 2972 1619 fluxe-

868 1662 1025 1722 rant
1067 1656 1154 1722 ab
1200 1655 1667 1721 Inest-natione
1710 1675 1920 1742 usque
1963 1656 2052 1721 ad
2109 1657 2570 1743 probationem
2615 1656 2976 1737 Ptolomaei,

870 1758 1310 1825 remanebunt
1354 1758 1537 1824 mille
1580 1765 1852 1824 eentum
1893 1758 2142 1846 viginti
2185 1764 2454 1846 septem.
2547 1756 2682 1825 Sed
2725 1758 2800 1823 in
2843 1757 2976 1824 isto

868 1868 1167 1949 tempore
1239 1883 1419 1927 nuno
1506 1860 1684 1927 dicto
1769 1867 2037 1927 eentum
2109 1861 2355 1949 viginti
2429 1860 2724 1948 quinque
2811 1860 2978 1925 anni

870 1965 1289 2052 reperiuntur
1333 1964 1579 2043 nonies,
1626 1968 1696 2030 et
1740 1965 1876 2029 duo
1919 1964 2081 2029 anni
2123 1964 2347 2045 ultra3
2391 1968 2792 2051 quapropter
2849 1962 2976 2029 hoc

870 2074 1149 2155 tempus,
1195 2068 1268 2133 id
1311 2072 1431 2149 est,
1466 2072 1733 2133 eentum
1775 2066 2024 2155 viginti
2069 2066 2362 2153 quinque
2407 2066 2582 2148 anni,
2616 2066 2778 2131 satis
2819 2087 2973 2131 eon-

870 2171 1060 2237 venit
1104 2192 1253 2237 cum
1298 2190 1573 2237 numero
1616 2190 1944 2235 annorum
1991 2168 2287 2252 Christi3
2347 2177 2429 2235 ut
2487 2189 2745 2257 semper
2799 2190 2973 2235 unus

870 2274 1012 2341 dies
1054 2275 1129 2339 in
1170 2280 1363 2341 tanto
1406 2279 1702 2361 tempore
1746 2273 2090 2339 minuatur
2131 2273 2215 2339 de
2260 2273 2640 2360 quantitate
2683 2271 2862 2349 anni,
2907 2274 2976 2337 et

872 2378 1142 2443 denotet
1184 2376 1627 2443 mutationem
1687 2375 1962 2442 solstitii
2023 2380 2094 2441 et
2153 2376 2549 2462 aequinoctii.

962 2480 1302 2547 Protestor
1346 2486 1571 2547 tamen
1600 2478 1778 2566 quod
1807 2478 1882 2545 in
1907 2482 2104 2545 tanta
2133 2478 2519 2545 difficultate
2563 2500 2699 2545 non
2743 2478 2976 2565 loquor

872 2584 1155 2671 proecise,
1216 2582 1333 2649 sed
1376 2583 1665 2649 multum
1739 2582 2109 2669 propinque
2174 2582 2448 2648 veritati
2523 2582 2976 2663 eertifieandae,

872 2706 1213 2774 usquequo
1244 2689 1466 2752 currat
1493 2684 1713 2750 finalis
1741 2684 2048 2772 probatio
2075 2706 2273 2773 super
2299 2686 2462 2751 anni
2499 2686 2878 2772 quantitate
2905 2687 2976 2750 et

871 2788 1243 2854 mutatione
1286 2786 1733 2854 solstitiorum.
1797 2787 1925 2853 Per
1941 2787 2086 2876 jam
2117 2788 2298 2854 dieta
2337 2792 2583 2871 tamen,
2617 2787 2976 2855 seeundum

868 2891 1327 2978 probationem
1391 2889 1756 2972 Ptolomaei,
1801 2913 1938 2957 non
1979 2893 2206 2978 potuit
2247 2891 2322 2957 in
2363 2898 2598 2960 octavo
2642 2891 2978 2958 Kalendas

872 2993 1183 3061 Januarii
1204 2993 1227 3032 ¹
1294 3013 1433 3060 esse
1476 2993 1835 3060 solstitium
1877 2992 2181 3081 hyemale
2239 2993 2312 3060 in
2371 3000 2666 3083 tempore
2709 2993 2979 3061 Nativi-

874 3098 1035 3164 tatis
1104 3096 1393 3175 Domini,
1440 3097 1555 3163 sed
1622 3097 1922 3184 oportuit
1965 3095 2146 3184 quod
2187 3095 2263 3162 in
2309 3096 2562 3164 decimo
2616 3095 2974 3178 Kalendas,

872 3221 949 3267 eo
995 3199 1173 3287 quod
1216 3200 1291 3266 in
1334 3205 1601 3266 eentum
1646 3200 2091 3287 quadraginta
2134 3199 2328 3266 annis
2371 3222 2416 3265 a
2457 3207 2751 3288 tempore
2780 3199 2850 3266 N
2851 3199 2976 3265 ati·-

870 3303 1105 3370 vitatis
1177 3324 1385 3390 usque
1458 3303 1545 3369 ad
1618 3302 2076 3390 probationem
2151 3301 2493 3370 Ptolomaei
2555 3325 2690 3370 non
2755 3303 2978 3391 potuit

874 3407 1123 3474 mutari
1168 3407 1528 3473 solstitium
1589 3427 1707 3492 per
1773 3409 1911 3472 tres
1973 3405 2129 3484 dies,
2177 3427 2390 3494 neque
2457 3427 2574 3494 per
2633 3407 2816 3488 duos,
2861 3405 2978 3472 sed

874 3533 991 3597 per
1034 3531 1245 3575 unum
1288 3515 1360 3576 et
1402 3513 1661 3598 partem
1704 3510 1788 3575 de
1833 3509 1980 3576 alio.
2051 3509 2144 3574 Et
2171 3509 2320 3576 ideo
2351 3509 2604 3576 decimo
2645 3508 2980 3576 Kalendas

876 3613 924 3679 J
926 3613 1185 3679 anuarii
1224 3613 1447 3699 potuit
1490 3633 1646 3690 esse,
1676 3611 2034 3679 secundum
2063 3613 2240 3699 quod
2284 3612 2680 3678 Ptolomaeus
2723 3611 2982 3678 invenit

876 3715 1222 3782 undecimo
1269 3715 1621 3782 Kalendas.
1714 3715 1806 3781 Et
1848 3737 1998 3781 eum
2039 3735 2162 3802 per
2204 3715 2483 3780 eandem
2524 3715 2980 3802 probationem

878 3818 1219 3884 Ptolomaei
1278 3818 1500 3904 potuit
1556 3817 2028 3904 aequinoctium
2089 3817 2300 3903 primo
2362 3838 2537 3883 anno
2581 3817 2652 3883 N
2653 3817 2981 3885 ativitatis

881 3920 1080 3985 fuisse
1154 3919 1501 3985 undecimo
1564 3919 1901 3986 Kalendas
1976 3919 2247 4008 Aprilis,
2322 3941 2460 3987 non
2545 3921 2772 4010 potuit
2845 3943 2983 3988 esse

880 4026 1132 4100 octavo,
1180 4022 1351 4087 siout
1412 4022 1627 4109 primo
1670 4023 2094 4089 erediderunt
2153 4023 2229 4088 in
2293 4023 2564 4090 ecelesia
2623 4023 2980 4112 primitiva,

880 4127 951 4190 et
993 4124 1187 4212 longe
1230 4124 1443 4212 magis
1486 4147 1624 4192 non
1652 4127 1877 4213 potuit
1917 4147 2059 4193 esse
2101 4125 2210 4191 in²
2256 4126 2638 4193 duodecimo
2667 4127 2986 4194 kalendas

882 4226 1151 4314 Aprilis,
1197 4227 1369 4294 sicut
1413 4249 1589 4294 nuno
1650 4230 1958 4309 creditur,
2005 4229 2361 4296 seeundum
2409 4249 2618 4296 ›usum
2683 4231 2986 4298 ecclesius.

888 4330 1066 4412 Quia
1106 4351 1259 4398 eum
1302 4351 1561 4419 semper
1604 4332 1906 4400 ascendit
1947 4333 2434 4421 aequinoctium,
2465 4337 2536 4399 et
2574 4331 2650 4398 in
2694 4336 2990 4422 tempore

958 4778 972 4808 ¹
996 4775 1270 4845 Januaria]
1310 4793 1408 4832 om.
1434 4775 1495 4830 Τ.
1518 4775 1580 4830 Β.
1909 4775 1922 4846 Ι
2015 4778 2036 4810 ²
2057 4777 2136 4846 t‘n]
2173 4793 2272 4832 om.
2295 4776 2362 4834 Τ.
