3517 5750
903 829 946 888 8
1659 839 1915 890 nocem
1961 839 2253 892 mcoms
2820 825 2995 910 [cAr.

899 1014 1249 1081 sollicitare
1295 1016 1648 1102 dignatur!
1741 1017 1857 1082 Sol
1902 1017 2243 1104 sapientiae
2296 1017 2615 1082 mundum
2660 1016 2997 1093 irradians,

899 1139 1016 1182 vas
1091 1117 1476 1184 admirabile
1553 1141 1717 1206 opus
1792 1119 2075 1198 Excelsi‚
2153 1120 2484 1184 hominem
2508 1115 2529 1154 ¹
2606 1119 2999 1206 ignorantiae

896 1220 1246 1306 multiplici
1317 1220 1596 1308 caligine
1667 1221 2064 1300 involutum,
2124 1221 2424 1288 mandati
2482 1222 2584 1286 sui
2645 1220 2833 1287 radio
2890 1243 3000 1307 pe-

895 1326 1181 1401 netrans,
1217 1320 1592 1408 sapientum
1627 1323 1825 1408 jubet
1866 1324 2235 1410 exprimere
2278 1323 2751 1390 monumenta!
2837 1323 2997 1388 Dux

897 1424 1100 1506 verbi,
1178 1425 1428 1490 deliciis
1501 1425 1773 1492 affluens
1846 1425 2205 1506 rhetoricis,
2276 1426 2677 1493 balbutienti
2736 1431 2804 1492 et
2864 1447 2997 1490 non

897 1526 1106 1590 solum
1189 1527 1490 1613 phaleras
1569 1527 1807 1594 urbani
1885 1528 2219 1608 sermonis»,
2298 1529 2413 1594 sed
2502 1528 2645 1616 ipsa
2728 1527 2997 1593 exordia

897 1629 1315 1710 mendicanti,
1405 1631 1720 1718 praecepit
1802 1637 1883 1696 ut
1962 1631 2293 1714 scriberet,
2366 1631 2723 1718 scripturas
2798 1629 2997 1695 desti-

896 1733 1137 1800 naretl
1251 1732 1427 1800 Sane
1485 1735 1612 1800 etsi
1669 1733 1973 1800 mandati
2028 1734 2255 1821 gloria,
2316 1755 2466 1799 cum
2524 1733 2617 1799 sit
2682 1733 2997 1819 quiddam

895 1834 1288 1901 immensum
1335 1841 1405 1902 et
1451 1837 1787 1902 infinitum
1842 1843 2113 1924 propter
2169 1836 2515 1902 scribentis
2564 1835 2995 1922 majestatem,

897 1937 1306 2024 opprimatur
1365 1961 1512 2004 mea
1570 1938 1941 2021 infirmitas,
2004 1939 2163 2025 quia
2235 1944 2463 2004 tamen
2520 1938 2811 2024 ejusdem
2862 1937 2993 2002 vir-

897 2045 1042 2108 tute
1125 2043 1384 2130 potenti
1471 2041 1681 2108 sentio
1760 2042 2085 2128 meipsum
2166 2063 2361 2128 super
2444 2039 2619 2108 vires
2704 2041 2996 2127 proprias

893 2143 1092 2212 altius
1111 2145 1137 2181 ²
1211 2145 1565 2228 elevatum,
1626 2144 1919 2233 concipio
1980 2143 2253 2232 spiritus
2326 2143 2671 2224 fervorem,
2731 2165 2998 2230 assurgo

893 2245 970 2312 in
1027 2247 1268 2334 vigore,
1329 2248 1748 2335 congratulor
1804 2247 2047 2312 affectu
2106 2246 2500 2332 plenissimo,
2562 2250 2634 2312 et
2684 2246 2767 2311 de
2810 2250 3002 2311 tanta

896 2349 1279 2436 dignatione
1339 2349 1716 2416 mandantis
1761 2350 2049 2416 libenter
2064 2346 2091 2384 ³
2138 2349 2385 2415 exulto.
2476 2348 2621 2415 Nec
2672 2348 2999 2414 modicum

897 2451 1172 2539 gratus,⁴
1249 2453 1451 2521 immo
1529 2452 1941 2540 gratissimus
2026 2473 2166 2518 esse
2250 2451 2473 2530 deben,
2552 2473 2699 2516 cum
2777 2456 3003 2518 vestra

895 2555 1241 2622 beatitudo
1303 2578 1410 2622 me
1471 2557 1768 2643 pulsavit
1826 2577 2024 2642 super
2072 2555 2213 2636 hoc,
2276 2554 2453 2640 quod
2512 2553 2775 2620 ardenti
2833 2553 2999 2620 desi-

895 2657 1077 2723 derio
1140 2659 1508 2746 concupivi,
1568 2655 1845 2746 grandi⁶
1905 2657 2315 2724 elaboratum
2384 2655 2639 2737 sudore,
2700 2656 2999 2744 expensis

895 2760 1370 2848 multiplicibus
1431 2761 1849 2828 ventilatum.
1970 2759 2064 2826 Et
2130 2765 2358 2826 tamen
2422 2760 2718 2826 nondum
2782 2759 3001 2846 posita

895 2869 1054 2929 sunt
1069 2860 1098 2901 ⁶
1136 2862 1588 2943 fundamenta,
1644 2863 1801 2930 licet
1858 2862 2043 2951 ligna
2100 2867 2173 2931 et
2230 2863 2497 2951 lapidee,
2546 2862 2671 2930 hoc
2732 2866 2833 2929 est
2876 2863 2998 2929 sci-

893 2968 1226 3034 entiarum
1277 2973 1347 3033 et
1397 2968 1775 3055 linguarum
1834 2971 2249 3053 potestatem,
2296 2971 2367 3033 et
2424 2970 2663 3033 caetera
2718 2966 2996 3033 aedifieio

893 3070 1234 3157 sapientiae
1292 3070 1654 3137 necessaria
1711 3068 2181 3137 construendo⁷
2254 3069 2791 3157 investigaverim
2850 3069 2997 3135 dili-

892 3179 1137 3262 genter.
1241 3174 1312 3239 N
1312 3196 1421 3239 am
1483 3174 1732 3239 artium
1795 3179 1865 3241 et
1923 3173 2345 3239 scientiarum
2400 3174 2735 3261 magnalia
2784 3176 2995 3239 tantae

892 3276 1272 3343 difficultati
1330 3283 1490 3343 sunt
1547 3276 1859 3363 subjecta,
1920 3281 1992 3343 et
2050 3276 2339 3343 maxime
2408 3276 2511 3341 his
2572 3275 2994 3363 temporibus,

893 3386 1124 3447 contra
1165 3380 1304 3446 dies
1349 3380 1748 3447 Antichristi
1794 3384 1865 3445 et
1908 3399 2195 3461 suorum,
2242 3400 2363 3466 pro
2407 3378 2648 3465 quibus
2680 3378 2997 3443 Diabolus

893 3484 1111 3551 furore
1157 3484 1446 3571 repletus
1505 3488 1622 3563 est,
1671 3487 1754 3548 ut
1806 3480 2100 3547 studium
2154 3481 2494 3568 sapientiae
2542 3480 2997 3567 multipliciter

895 3588 1273 3667 confundat,
1321 3587 1494 3653 sicut
1545 3585 1835 3673 apertius
1882 3584 2140 3672 patebit
2193 3604 2277 3649 ex
2328 3582 2769 3670 sequentibus,
2818 3583 2997 3668 quod

893 3691 1034 3755 sine
1114 3690 1470 3777 apostolica
1541 3687 1962 3775 providentia
2038 3685 2301 3773 speciali
2376 3708 2713 3772 nunquam
2789 3706 2995 3751 reme-

895 3793 1080 3858 dium
1163 3796 1544 3879 apponetur.
1681 3789 1816 3856 Sed
1887 3788 2005 3855 ubi
2080 3794 2275 3855 tanta
2348 3790 2573 3875 praesit
2644 3789 2997 3853 auctoritas

894 3894 1080 3959 nulla
1141 3898 1361 3981 potest
1425 3916 1566 3959 esse
1629 3892 1999 3973 difficultas,
2067 3893 2379 3976 quoniam
2450 3888 2626 3978 ejus⁸
2698 3891 2999 3977 potentia

894 3996 1094 4063 coelos
1141 4000 1463 4083 penetrat,
1524 3996 1981 4084 purgatorium
2040 3994 2258 4075 solvit,
2322 3994 2583 4061 inferna
2644 3994 2994 4071 conculcat,

897 4100 1220 4165 mundum
1266 4098 1641 4186 comprimit
1683 4098 2083 4164 universum.

985 4202 1312 4285 Quoniam
1364 4223 1522 4269 vero
1573 4205 1797 4267 vestra
1842 4197 2189 4265 mandavit
2241 4197 2606 4265 dominatio
2658 4204 2737 4263 ut
2786 4198 2995 4285 philo-

963 4538 1256 4605 ¹homae'nem]
1295 4537 1568 4597 hominum,
1593 4535 1656 4586 T.
2066 4534 2085 4563 ⁸
2102 4520 2313 4600 ymas]
2334 4548 2430 4583 om.
2456 4530 2521 4582 Τ.

959 4621 980 4651 ²
1001 4618 1176 4685 altien]
1214 4634 1312 4669 om.
1351 4618 1412 4669 L.
2064 4614 2084 4642 ⁸
2098 4613 2262 4678 posita
2284 4611 2423 4676 sunl]
2462 4618 2577 4661 sunt
2598 4608 2771 4674 posita,
2804 4608 2863 4659 L.

963 4701 984 4730 ⁸
1007 4698 1232 4764 libentur]
1269 4698 1592 4757 abundanter,
1615 4694 1678 4747 Τ.
2065 4692 2083 4721 ⁷
2105 4690 2443 4755 construendo]
2481 4687 2837 4747 constituendo,
2854 4688 2913 4739 12⁸

959 4779 978 4808 ⁴
995 4777 1194 4847 gratus]
1233 4792 1332 4829 om.
1365 4776 1427 4829 L.
2064 4774 2085 4803 ⁸
2106 4770 2235 4839 ejus]
2274 4769 2439 4835 hujus,
2464 4770 2527 4821 T.
