3517 5750
920 844 1055 911 356
1676 856 1936 907 noem
1977 856 2272 907 moni-us

1012 1030 1105 1095 Et
1148 1030 1287 1095 haec
1332 1030 1660 1116 expositio
1726 1029 1906 1095 mala,
1965 1035 2083 1107 est,
2153 1050 2310 1095 nnm
2371 1050 2506 1094 non
2567 1030 2855 1095 sumitur
2913 1028 3020 1094 hic

920 1130 1131 1197 lectus
1174 1153 1293 1217 pro
1340 1131 1561 1211 cubili,
1590 1152 1804 1217 neque
1849 1130 1934 1195 ad
1981 1130 2264 1196 officium
2311 1130 2698 1209 dormiendi,
2729 1130 2844 1197 sed
2901 1152 3022 1217 pro

920 1232 1245 1313 triclini03
1334 1232 1595 1318 antiqui
1668 1232 1848 1297 enim
1913 1236 2072 1299 ante
2145 1254 2338 1297 usum
2411 1254 2802 1297 scannorum
2887 1254 3020 1296 non

920 1332 1253 1399 habebant
1296 1334 1413 1399 ubi
1460 1334 1769 1399 sederent
1809 1332 1900 1399 ad
1943 1354 2236 1399 mensam
2280 1334 2411 1399 nisi
2453 1333 2528 1398 in
2573 1333 2802 1412 lectis3
2859 1338 3020 1399 ster-

921 1436 1175 1501 nebant
1232 1436 1411 1501 enim
1476 1441 1611 1503 tres
1654 1435 1854 1501 lectos
1915 1435 2242 1515 continue,
2307 1441 2376 1501 et
2419 1435 2516 1500 ibi
2577 1436 2664 1501 ad
2727 1456 3016 1501 mensam

922 1538 1277 1617 sedebant3
1352 1542 1423 1603 et
1464 1538 1589 1603 hoc
1630 1536 1960 1603 notabant
2003 1536 2366 1603 triclinium
2414 1558 2456 1601 a
2499 1536 2647 1616 trie,
2699 1536 2874 1621 quod
2917 1542 3018 1601 est

920 1642 1075 1717 tres,
1120 1644 1189 1703 et
1232 1636 1551 1715 clinimn,
1600 1638 1778 1723 quod
1821 1644 1926 1703 est
1967 1638 2191 1703 lectus.
2283 1638 2376 1703 Et
2417 1637 2492 1703 hi
2535 1638 2688 1703 lecti
2733 1660 3015 1705 mserva·

920 1740 1167 1806 bantur
1194 1740 1281 1804 ad
1324 1740 1610 1805 officium
1654 1738 2040 1805 comedendi
2068 1760 2204 1805 non
2233 1739 2616 1805 dormiendi.
2685 1738 2778 1805 Et
2807 1738 3020 1824 Scrip-

920 1848 1074 1907 tura
1116 1840 1489 1927 hujusmodi
1535 1841 1752 1905 utitur
1809 1840 2008 1907 lectis.
2117 1840 2294 1905 Nam
2339 1862 2462 1907 rex
2503 1840 2664 1907 Saul
2721 1840 2894 1906 sedit
2946 1841 3018 1905 in

920 1944 1091 2009 lecto
1142 1944 1229 2007 ad
1272 1942 1745 2009 comedendum
1791 1942 1862 2006 in
1909 1942 2106 2007 domo
2135 1941 2428 2007 mulieris
2471 1940 2906 2021 Phitonissae;
2949 1948 3020 2007 et

920 2046 993 2108 in
1036 2045 1249 2131 primo
1294 2043 1540 2109 Hester
1598 2042 1884 2108 habetur
1948 2044 2028 2108 de
2089 2042 2464 2129 hujusmodi
2523 2042 2730 2109 lectis.
2841 2043 2906 2107 Ν
2909 2065 3016 2108 am

918 2166 1041 2211 rex
1084 2146 1406 2211 Assuerus
1440 2144 1644 2231 jussit
1686 2146 1896 2209 sterni
1939 2144 2313 2231 hujusmodi
2356 2146 2558 2211 lectos
2600 2144 2674 2211 in
2715 2143 3018 2209 convivio

920 2268 1039 2313 suo
1133 2246 1391 2334 grandi.
1532 2246 1948 2332 Quapropter
2037 2246 2382 2311 ridiculose
2470 2252 2539 2312 et
2605 2245 3018 2333 impudenter

918 2350 1330 2414 convertitur
1360 2347 1703 2434 Scriptura
1748 2348 1878 2413 Dei
1921 2349 1992 2411 in
2043 2347 2380 2413 lasciviam
2423 2352 2496 2412 et
2539 2348 3014 2433 turpitudinem

922 2448 1339 2515 Ovidianam.
1450 2448 1653 2515 Unde
1726 2450 1844 2514 illa
1917 2448 2134 2536 glossa.
2193 2470 2342 2515 cum
2407 2449 2726 2515 versiculo
2791 2448 3016 2515 Ovidii

918 2552 1187 2617 deberet
1230 2552 1497 2638 penitus
1539 2551 1788 2631 abradi,
1821 2550 1992 2617 sicut
2037 2551 2268 2617 multae
2301 2550 2488 2631 alian
2533 2550 2694 2637 quia
2733 2552 3016 2618 nescitur

916 2654 1011 2718 ibi
1056 2655 1233 2739 quod
1305 2654 1513 2719 lectus
1588 2653 1659 2718 in
1728 2652 2070 2739 Scriptura.
2133 2652 2460 2739 significat
2517 2653 2872 2739 aliquando
2915 2654 3014 2717 in·
3067 2660 3088 2679 ⁶

916 2760 1359 2819 strumentum
1447 2753 1848 2833 comedendi,
1925 2760 1995 2820 et
2074 2753 2430 2839 aliquando
2503 2754 3012 2819 instrumentum

916 2854 1301 2932 dormiendi,
1348 2858 1420 2920 et
1464 2854 1521 2918 si
1579 2855 1884 2921 volumus
1943 2854 2298 2941 aliquando
2363 2856 2450 2920 ad
2502 2856 3012 2922 instrumentum

916 2955 1167 3020 edendi.
1260 2955 1421 3022 Ideo
1464 2956 1704 3023 accidit
1746 2979 1928 3024 error
1968 2958 2322 3044 multiplex
2365 2959 2437 3022 in
2481 2959 3014 3044 expositionibus·

1004 3057 1301 3123 Tertium
1346 3079 1505 3123 vcro
1542 3064 1764 3145 potest
1785 3061 1973 3146 ,poni
2025 3061 2398 3147 exemplum
2451 3059 2534 3125 de
2581 3059 2792 3124 Amos
2805 3058 2826 3096 ¹
2869 3082 3015 3146 pro—

916 3159 1133 3245 pheta,
1178 3159 1295 3224 ubi
1338 3160 1541 3226 dicit:
1598 3167 1635 3195 “
1658 3161 1749 3226 Et
1796 3161 1998 3228 factio
2041 3181 2264 3226 eorum
2308 3159 2855 3238 lascivientium,''
2897 3161 3012 3226 ubi

914 3261 1221 3340 ostendit,
1270 3262 1449 3346 quod
1490 3261 1689 3328 factio
1748 3263 1840 3328 sit
1899 3263 2074 3328 idem
2143 3262 2320 3347 quod
2365 3262 2536 3328 actio
2587 3269 2658 3328 et
2702 3263 3010 3350 operati0‚

914 3369 983 3430 et
1042 3365 1385 3430 derivatur
1441 3386 1483 3429 a
1526 3363 1737 3450 facin,
1781 3363 1991 3450 facie,
2053 3363 2224 3430 sicut
2283 3365 2456 3430 actio
2503 3365 2590 3430 ab
2647 3385 2790 3450 ayo,
2837 3364 3007 3449 aqie,

914 3472 983 3532 et
1056 3467 1350 3554 operatio
1426 3467 1512 3531 ab
1602 3487 1857 3552 operor,
1935 3464 2260 3551 operaris.
2383 3465 2514 3531 Sed
2605 3465 2772 3531 illud
2843 3465 3010 3530 nihil

912 3573 1029 3632 est.
1150 3568 1457 3655 Hugutio
1530 3568 1627 3634 ibi
1700 3567 1863 3634 dicit
1937 3566 2114 3653 quod
2187 3567 2276 3634 sit
2351 3567 2524 3632 idem
2587 3568 2764 3652 quod
2798 3567 3008 3653 fictio.

914 3669 1046 3736 Sed
1096 3691 1231 3734 non
1284 3675 1387 3734 est
1445 3691 1689 3734 verum.
1787 3668 1964 3734 Nam
2012 3666 2233 3753 factw
2291 3673 2666 3734 monstrant
2717 3668 3010 3734 doctores

912 3791 1254 3854 nunquam
1324 3769 1458 3835 fuit
1516 3771 1589 3835 in
1648 3793 1775 3836 usu
1849 3791 1970 3856 pro
2021 3770 2294 3848 actione,
2357 3775 2428 3836 et
2485 3770 2878 3856 operatione,
2941 3775 3009 3835 et

910 3871 1215 3951 fictione3
1276 3871 1391 3935 sed
1434 3891 1553 3955 pro
1598 3873 1946 3937 concordia
1987 3871 2310 3937 malorum
2369 3876 2438 3936 et
2481 3871 3004 3938 facinorosorum.

912 3969 1113 4035 Unde
1150 3970 1501 4036 Sallustius
1530 3978 1758 4037 auctor
1795 3973 2210 4053 certissimus,
2241 3978 2322 4038 ut
2349 3973 2514 4038 dicit
2543 3973 3008 4058 Hieronymus,

909 4071 1043 4136 ειίΐ,Ξ
1074 4073 1148 4136 in
1175 4072 1223 4137 J
1226 4072 1609 4158 ugnrthino,
1638 4075 1814 4159 quod
1861 4075 2154 4142 amicitia
2183 4079 2284 4140 est
2313 4075 2488 4140 idem
2517 4075 2687 4141 velle
2732 4079 2802 4140 et
2835 4075 3008 4141 nolle

908 4175 1083 4240 inter
1125 4172 1349 4250 bonOS,
1396 4173 1591 4239 factio
1636 4174 1816 4239 inter
1863 4175 2082 4242 malos
2177 4175 2269 4240 Et
2319 4175 2474 4240 licet
2515 4177 2589 4240 in
2632 4176 3008 4262 hujusmodi

906 4276 1193 4342 multum
1238 4280 1492 4342 erretur
1557 4275 1625 4341 in
1690 4275 2054 4364 Scripturas
2121 4276 2548 4364 expositione,
2619 4277 2750 4364 [et]
2812 4279 3006 4343 innu-

1193 4489 1302 4498 ..ψ

970 4619 1187 4685 Ἀιηω]
1262 4623 1293 4650 “
1316 4627 1367 4671 et
1414 4621 1693 4672 auferretur
1744 4619 1898 4672 factio
2062 4621 2082 4653 ²
2102 4623 2204 4690 αἰε]
2242 4637 2322 4684 eu.
2345 4623 2456 4678 MS.

894 4702 929 4732 ⁸‘
950 4699 1361 4751 lascivientium?
1424 4701 1491 4750 vi.
1518 4705 1565 4753 7.
