3517 5750
847 812 977 874 314
1620 822 1874 875 socam
1921 822 2215 875 BAcoms

512 1006 623 1057 The
638 1005 799 1059 elixir.
842 998 1063 1084 aquila
1121 996 1343 1063 volare
1403 998 1625 1083 possit.
1748 998 1886 1063 Alii
1947 1020 2102 1063 vero
2163 998 2499 1065 aestimant
2553 998 2730 1085 quod
2782 1020 2945 1085 opus

842 1101 932 1165 sit
1006 1099 1079 1164 in
1142 1100 1562 1181 resolutione,
1616 1100 1689 1165 in
1765 1101 2122 1188 vaporibus
2181 1122 2502 1187 aquarum
2561 1100 2941 1183 calidarum,

842 1208 960 1269 aut
1000 1203 1357 1269 secundum
1388 1202 1565 1281 Rasi,
1599 1206 1679 1269 ut
1722 1226 1960 1290 supra3
2011 1210 2081 1270 et
2124 1204 2248 1269 hoc
2291 1204 2692 1283 multotiens,
2741 1205 2946 1270 donec

842 1306 1109 1392 optimae
1168 1306 1257 1371 sit
1314 1305 1838 1371 fermentationis
1884 1308 2060 1392 quod
2135 1306 2438 1373 intendis.
2555 1305 2690 1371 Sed
2747 1306 2944 1371 multi

840 1408 1117 1473 credunt
1176 1408 1354 1495 quod
1405 1408 1727 1495 congelari
1790 1408 2002 1489 debet,
2065 1412 2135 1473 et
2193 1408 2268 1473 in
2327 1408 2664 1494 pulverem
2717 1408 2942 1495 redigi.

842 1510 1009 1577 Haec
1052 1532 1210 1577 vero
1258 1532 1451 1597 opera
1494 1510 1719 1575 omnia
1767 1516 1924 1575 sunt
1967 1514 2194 1577 contra
2244 1510 2688 1575 intentionem
2735 1510 2944 1595 philo-

838 1612 1207 1700 sophorum,
1284 1614 1455 1679 sicut
1544 1614 1834 1677 maxime
1908 1611 2127 1699 patet¹
2207 1634 2325 1699 per
2391 1613 2804 1678 Avicennam
2871 1613 2942 1676 in

838 1721 1026 1780 sexto
1059 1714 1547 1801 Metaphysicae,
1582 1720 1651 1781 et
1680 1715 1893 1801 primo
1937 1736 2056 1801 per
2087 1714 2235 1795 Ηο.,
2267 1720 2338 1780 et
2365 1736 2480 1801 per
2519 1714 2944 1780 Aristotelem

838 1818 1051 1904 primo
1096 1817 1199 1883 De
1244 1817 1505 1895 Anima,
1570 1822 1638 1882 et
1704 1822 1895 1882 sexto
1941 1817 2044 1883 De
2105 1817 2538 1894 Animalibus,
2601 1823 2671 1881 et
2729 1816 2944 1903 primo

840 1920 1315 2006 Metaphysicae
1382 1924 1451 1984 et
1504 1917 1956 2005 Physicorum‚
2011 1925 2082 1984 et
2140 1920 2214 1983 in
2271 1918 2501 1983 multis
2561 1918 2710 1983 aliis
2769 1918 2942 1983 locis.

830 2020 1033 2087 ‘Prius
1085 2027 1189 2087 est
1252 2021 1677 2111 pulverisatio
1731 2021 1882 2087 cum‘
1933 2018 2402 2109 cong‘elatio'ne,
2469 2017 2708 2086 deinde
2773 2024 2944 2085 reso'-

837 2124 1007 2189 lutio
1086 2146 1237 2189 cum
1315 2123 1703 2203 ascensione,
1779 2126 1848 2187 et
1928 2122 2357 2209 depressione,
2441 2128 2510 2189 et
2592 2122 2941 2188 incarcera-

838 2226 1038 2307 tione,
1098 2230 1167 2291 et
1241 2226 1583 2293 mixtione.
1699 2224 1790 2290 Et
1864 2229 2093 2313 postea
2167 2230 2268 2290 est
2343 2224 2722 2291 sublimatio
2797 2247 2943 2290 cum

838 2329 1185 2395 attritione
1236 2332 1305 2393 et
1373 2328 1892 2407 mortificatione,
1949 2327 2185 2393 deinde
2253 2326 2554 2413 sequitur
2620 2329 2946 2415 corruptio

838 2430 984 2511 olei,
1037 2431 1144 2496 vel
1196 2435 1535 2517 separatur
1578 2452 1620 2495 a
1664 2429 1923 2519 spiritu,
1976 2433 2056 2494 ut
2099 2435 2249 2519 post
2293 2428 2683 2497 intendatur
2733 2432 2946 2497 virtus

837 2534 1043 2623 ignea.
1134 2532 1203 2598 N
1207 2556 1311 2599 am
1356 2538 1506 2619 post
1552 2532 1691 2599 haec
1734 2531 2146 2597 intendimus
2190 2532 2381 2597 calcis
2419 2532 2944 2619 propositionem,

840 2640 910 2702 et
955 2634 1083 2700 olei
1128 2634 1647 2711 distillationem,
1692 2638 1761 2699 et
1806 2655 1999 2721 aquae
2049 2633 2539 2711 exaltationem,
2587 2638 2667 2698 ut
2709 2634 2946 2700 ultimo

840 2759 1204 2824 quaeramus
1248 2736 1714 2803 resolutionem
1775 2758 1816 2800 a
1865 2734 2077 2825 primo
2129 2734 2203 2800 in
2255 2736 2622 2823 septimum,
2678 2740 2747 2800 et
2793 2757 2948 2801 con-

838 2840 1207 2906 tentionem
1269 2860 1417 2904 cum
1464 2836 1643 2904 febre
1688 2842 1901 2904 acuta.
2019 2836 2151 2919 Qui
2196 2860 2354 2905 vero
2403 2838 2541 2906 haec
2592 2836 2788 2904 sciret
2833 2838 2950 2904 ad-

486 2973 529 2998 ·
837 2941 1109 3027 implere
1152 2941 1425 3006 haberet
1468 2940 1869 3006 medicinam
1913 2941 2288 3058 perfectam,
2337 2963 2535 3027 quam
2579 2940 2948 3030 philosophi

838 3047 1081 3110 vocant
1130 3043 1387 3122 Eli-mir,
1424 3065 1581 3160 ‘quae
1620 3043 1959 3130 immergit
2021 3065 2089 3108 se
2141 3043 2214 3108 in
2259 3043 2628 3128 liquefacto,
2679 3047 2758 3110 ut
2795 3065 2946 3109 con·

840 3151 1206 3214 sumeretur
1258 3146 1343 3212 ab
1419 3147 1591 3234 igne,
1670 3167 1794 3212 nec
1867 3145 2142 3232 fugeret.
2273 3144 2406 3212 Sed
2464 3167 2582 3232 per
2639 3144 2945 3234 spiritum

840 3249 1240 3317 occultatum
1288 3247 1361 3314 in
1414 3247 1715 3336 partibus
1775 3245 2180 3325 animalium,
2231 3251 2300 3312 et
2354 3245 2665 3333 sulphure
2719 3253 2788 3314 et
2847 3271 2950 3314 ar-

840 3353 1053 3420 senico
1097 3351 1527 3442 permiscetur
1574 3349 1710 3440 [se]
1760 3372 1910 3416 cum
1957 3349 2279 3435 liquescit,
2314 3354 2382 3415 et
2425 3353 2738 3438 penetrat
2761 3349 2804 3431 3⁹
2866 3354 2946 3415 ut

839 3455 1231 3522 Aristoteles
1299 3455 1478 3536 dicit,
1526 3454 1740 3541 primo
1796 3453 1900 3518 De
1953 3450 2411 3534 Generatione,
2465 3453 2643 3540 quod
2687 3453 2792 3518 hic
2845 3455 2947 3517 est

842 3560 1021 3645 quod
1064 3558 1147 3624 de
1190 3557 1368 3624 facili
1412 3555 1655 3622 transit
1720 3556 1794 3620 in
1848 3575 2111 3620 omnem
2155 3553 2458 3642 figuram,
2523 3559 2593 3620 et
2641 3558 2944 3644 penetrat

843 3660 1076 3728 omnia.
1141 3660 1234 3725 Et
1278 3661 1509 3748 figitur
1552 3659 1695 3725 haec
1739 3656 2068 3724 medicina
2095 3679 2213 3743 per
2257 3656 2498 3724 calcem
2531 3679 2717 3722 suam
2745 3683 2761 3738 ;
2807 3679 2946 3722 cor-

840 3785 1002 3850 pora
1048 3783 1207 3828 vero
1267 3760 1808 3828 mundificatione
1867 3757 2188 3848 indigent,
2234 3764 2315 3825 ut
2359 3759 2702 3825 Avicenna
2741 3759 2943 3825 docet.

842 3863 1019 3929 Nam
1090 3864 1283 3928 aliter
1354 3861 1679 3930 medicina
1737 3884 1874 3928 non
1944 3866 2264 3948 operatur.
2373 3861 2507 3928 Sed
2575 3861 2946 3952 a[u]ctores

841 3965 1003 4031 satis
1056 3964 1292 4031 docent
1330 3965 1707 4052 hujusmodi
1752 3964 2362 4031 mundificationem
2393 3987 2510 4053 per
2555 3964 2942 4044 ablutiones,

840 4067 1222 4146 curationes,
1278 4071 1347 4133 et
1406 4067 1633 4136 multa.
1726 4068 1819 4134 Et
1857 4072 2019 4134 tunc
2069 4067 2127 4134 si
2180 4068 2352 4134 libra
2395 4067 2735 4136 medicinae
2796 4089 2944 4156 pro-

832 4169 1101 4260 jiciatur
1130 4191 1325 4258 super
1368 4169 1549 4236 mille
1595 4169 1855 4258 plumbi
1883 4171 2002 4236 fiet
2047 4171 2405 4238 secundum
2435 4170 2802 4260 a[u]ctores
2833 4193 2945 4257 op-

840 4273 1080 4339 timum
1125 4295 1375 4340 aurum.
1468 4273 1600 4340 Sed
1630 4272 1687 4338 si
1716 4271 2080 4360 elegantius
2110 4280 2447 4362 separetur
2475 4295 2708 4362 corpus
2735 4293 2946 4339 unum

818 4377 1017 4466 §inter
1090 4380 1391 4464 quatuor,
1453 4381 1526 4443 et
1599 4377 1989 4442 reducamus
2065 4375 2255 4442 illum
2329 4377 2416 4442 ad
2479 4377 2944 4464 aequalitatem‚

852 4595 900 4602 -
927 4596 1302 4604 ———-—————-—

911 4730 927 4758 ¹
948 4728 1117 4796 patet]
1154 4735 1331 4795 potent,
1348 4727 1461 4781 MS.
1889 4725 1902 4800 Ι
1985 4729 2005 4759 ²
2019 4726 2280 4796 penetrat]
2313 4725 2590 4785 uncertain.
