3517 5750
552 898 783 987 xxiv]
1355 910 1529 963 oros
1572 914 1894 964 mamm.
2271 966 2282 985 ‚
2566 900 2652 965 85

551 1102 793 1167 derare.
883 1098 1061 1165 Nam
1114 1096 1273 1185 quia
1334 1098 1579 1165 divites
1638 1122 1775 1166 non
1832 1105 2110 1187 possunt
2168 1101 2406 1168 habere
2455 1101 2652 1188 justi-

548 1204 713 1269 tiam
766 1224 885 1289 per
936 1200 1290 1280 ecclesiam,
1344 1207 1649 1288 pugnant
1699 1202 2068 1269 adinvicem
2120 1208 2190 1269 et
2241 1202 2655 1270 confimdunt

550 1324 621 1370 se
678 1325 897 1391 regna.
1008 1301 1101 1366 Et
1160 1303 1403 1368 mirum
1463 1307 1564 1368 est
1623 1303 1802 1389 quod
1868 1326 2017 1369 cum
2081 1306 2195 1392 jus
2269 1306 2656 1371 canonicum

550 1410 819 1472 eruatur
862 1404 947 1470 de
992 1402 1287 1469 fontibus
1331 1424 1531 1470 sacrae
1582 1403 1958 1491 Scripturas,
2007 1411 2078 1472 et
2129 1406 2656 1494 expositionibus

550 1513 941 1583 sanctorum,
998 1504 1174 1591 quod
1218 1504 1305 1569 ad
1350 1504 1497 1569 illas
1541 1526 1678 1571 non
1723 1508 2136 1573 convertitur
2185 1509 2649 1595 principaliter,

550 1614 692 1674 tam
740 1608 814 1673 in
859 1607 1137 1673 lectione
1182 1628 1379 1693 quam
1430 1606 1506 1671 in
1556 1630 1681 1673 usu
1728 1609 2030 1675 ecclesiae2
2124 1609 2300 1675 Nam
2345 1632 2462 1697 per
2505 1609 2655 1676 illas

552 1710 751 1777 debet
794 1710 1054 1797 exponi,
1102 1713 1170 1775 et
1216 1708 1608 1787 concordari,
1658 1716 1726 1775 et
1771 1710 2078 1789 roborari,
2128 1716 2198 1777 et
2241 1712 2654 1794 confirmari3

550 1812 721 1878 sicut
776 1832 895 1897 per
952 1832 1063 1877 eas
1121 1808 1371 1876 factum
1424 1814 1527 1876 est
1584 1810 1708 1876 hoc
1756 1811 1870 1897 jus
1921 1834 2192 1880 sacrum.
2287 1810 2420 1879 Sed
2479 1835 2655 1879 nunc

550 1914 998 2003 principaliter
1036 1916 1381 1991 tractatur,
1421 1916 1491 1978 et
1536 1914 1908 1999 exponitur,
1947 1918 2020 1979 et
2062 1915 2494 1981 concordatur
2536 1936 2655 2002 per

542 2016 653 2103 jus
697 2016 906 2095 civile,
954 2019 1024 2081 et
1068 2014 1366 2080 totaliter
1406 2013 1701 2079 trahitur
1743 2015 1829 2080 ad
1875 2036 2021 2081 eam
2066 2025 2136 2081 et
2181 2017 2254 2080 in
2299 2038 2420 2083 usu
2464 2022 2536 2081 et
2577 2016 2652 2081 in

551 2116 823 2182 lectione
846 2116 896 2197 3¹
932 2116 1111 2203 quod
1150 2137 1285 2181 non
1330 2116 1485 2181 licet
1528 2116 1691 2196 fieri,
1734 2116 2040 2201 quamvis
2085 2117 2146 2181 ei
2185 2118 2408 2182 valeat
2422 2114 2451 2153 ²
2479 2118 2649 2182 sicut

550 2218 789 2285 ancilla
830 2240 967 2284 suae
1011 2217 1297 2283 dominae
1343 2218 1687 2283 servitura.

638 2318 921 2387 Utinam
985 2320 1193 2406 igitur
1258 2318 1695 2384 excludantur
1754 2317 2206 2385 cavillationes
2263 2326 2334 2385 et
2391 2318 2652 2387 fraudes
2675 2332 2888 2384 Bscon’s

536 2422 948 2508 jur-istarum,
1010 2425 1081 2486 et
1144 2421 1585 2486 terminentur
1658 2440 1872 2485 causae
1945 2421 2086 2485 sine
2151 2422 2436 2508 strepitu
2493 2421 2650 2501 litis,

546 2526 719 2589 sieut
792 2522 1092 2588 solebant
1166 2544 1303 2589 esse
1379 2527 1537 2587 ante
1614 2521 2057 2608 quadraginta
2129 2545 2354 2589 annos.
2462 2522 2522 2589 Ο
2597 2522 2658 2588 si

545 2624 795 2689 videbo
846 2624 1045 2689 oculis
1094 2624 1259 2689 meis
1308 2624 1434 2689 hoc
1479 2624 1910 2711 contingere!
2000 2622 2179 2689 Nam
2229 2625 2290 2690 si
2340 2624 2656 2712 strepitus

538 2726 710 2811 juris
752 2728 1216 2805 removeretur,
1246 2730 1317 2791 et
1360 2724 1810 2790 cavillationes
1855 2729 1926 2789 et
1969 2724 2207 2791 abusus
2241 2725 2651 2812 juristarum,

548 2831 711 2893 tunc
760 2826 913 2893 laici
971 2831 1040 2894 et
1088 2826 1307 2892 cleriei
1362 2824 1685 2892 haberent
1736 2823 2076 2912 justitiam
2122 2831 2194 2893 et
2245 2849 2486 2915 pacem.
2579 2827 2655 2895 Si

552 2929 750 2995 etiam
800 2929 913 3016 jus
971 2929 1357 2994 canonicum
1416 2933 1816 3014 purgaretur
1877 2949 1919 2993 a
1977 2929 2434 3016 superfluitate
2483 2929 2657 3017 juris

550 3030 780 3111 civilis,
842 3037 911 3096 et
983 3031 1397 3117 regular-etur
1468 3051 1587 3117 per
1658 3028 2076 3116 theologiam,
2139 3037 2300 3098 tunc
2373 3033 2656 3099 ecclesiae

548 3133 841 3220 regimen
878 3132 1070 3198 fieret
1108 3131 1407 3218 gloriose,
1442 3129 1541 3196 et³
1568 3131 1926 3197 secundum
1967 3133 2105 3218 ejus
2131 3135 2464 3221 propriam
2509 3135 2653 3220 dig-

548 3235 850 3301 nitatem.
964 3233 1041 3300 Si
1100 3233 1305 3298 etiam
1362 3233 1505 3300 haec
1562 3233 1818 3313 fierent,
1863 3231 2060 3299 tunc*
2113 3235 2410 3302 studium
2471 3235 2654 3301 theo-

548 3335 753 3424 logias,
798 3332 909 3401 et⁵
956 3334 1129 3422 juris
1188 3334 1500 3413 canonici,
1559 3339 1628 3400 et
1698 3333 2134 3422 philosophiae
2188 3335 2657 3401 sublimaretur

550 3442 619 3502 et
670 3437 1095 3524 perficeretur
1144 3435 1550 3518 necessari03
1602 3435 1918 3522 quoniam
1963 3432 2164 3500 tunc⁶
2212 3435 2538 3522 principes
2587 3441 2658 3500 et

548 3539 809 3626 praelati
855 3538 1095 3604 darent
1137 3536 1457 3604 beneficia
1509 3541 1581 3603 et
1624 3535 1898 3603 divitias
1944 3535 2366 3602 studentibus
2414 3537 2489 3601 in
2535 3536 2660 3602 hac

550 3639 799 3726 triplici
872 3639 1234 3720 facultate3
1312 3639 1491 3705 unde
1550 3638 1832 3706 studiosi
1897 3642 2166 3724 possent
2228 3637 2471 3704 habere
2543 3661 2658 3704 ex-

548 3762 805 3830 pensas,
850 3745 919 3806 et
959 3743 1035 3807 in
1077 3741 1241 3822 vita,
1289 3747 1359 3807 et
1411 3741 1479 3806 in
1532 3740 1755 3807 studio
1806 3741 2148 3828 sapientiae
2199 3742 2658 3828 promovendo.

550 3843 733 3909 Nam
794 3847 951 3909 sunt
1007 3843 1203 3909 multi
1270 3847 1342 3909 et
1402 3848 1600 3909 erunt
1660 3843 1776 3930 qui
1834 3865 2174 3929 nunquam
2233 3850 2560 3910 cessarent
2618 3868 2660 3910 a

550 3942 891 4034 sapientiae
950 3943 1211 4011 studio⁷
1273 3943 1479 4011 donec
1538 3944 1942 4031 complerent
2000 3967 2164 4027 eam,
2225 3947 2283 4010 si
2341 3947 2662 4014 haberent

550 4067 907 4134 expensas3
974 4046 1091 4112 sed
1142 4045 1415 4132 quidam
1464 4045 1870 4132 complerent
1919 4046 2334 4135 theologiam,
2389 4049 2660 4135 quidam

550 4146 1048 4236 philosophiam,
1094 4153 1163 4214 et
1207 4147 1479 4234 quidam
1524 4149 1967 4214 rectificarent
2000 4149 2114 4234 jus
2159 4150 2561 4233 canonicum,
2591 4157 2662 4219 et

616 4483 1375 4552 'etiamn-docem]
1433 4499 1544 4538 eam
1728 4487 2074 4554 ‘etJom'R

544 4564 601 4614 in
633 4580 729 4616 usn
762 4572 813 4616 et
860 4565 1091 4627 lectione,
1128 4565 1190 4617 B.
1212 4564 1273 4615 L.
1727 4605 1748 4633 ⁶
1771 4604 1910 4672 mc]
1947 4619 2044 4657 om·
2079 4603 2128 4655 Τ

611 4645 633 4674 ²
652 4641 841 4709 valeas]
878 4644 1079 4707 habeat,
1110 4644 1173 4696 Τ.
2129 4639 2141 4656 “

611 4723 631 4752 ⁸
651 4720 724 4788 et]
760 4736 861 4774 om.
894 4722 957 4774 Τ.
1730 4721 1749 4749 “’
1770 4721 2021 4786 sapientie
2084 4720 2268 4790 studio]
2354 4721 2520 4776 studio
2584 4739 2662 4776 ea-

613 4801 633 4831 ⁴
654 4799 797 4869 tm]
832 4816 931 4854 om.
965 4799 1029 4853 Τ.
1663 4799 1878 4865 pienum,
1910 4798 1972 4852 Τ.

2677 2399 2806 2450 with
2827 2401 2938 2451 that

2679 2466 2820 2516 these

2678 2532 2856 2583 abnues

2679 2598 2858 2649 should
2880 2599 2943 2649 be

2679 2663 2952 2716 abolished.
