<?xml version="1.0" encoding="UTF-8"?>
<!DOCTYPE html PUBLIC "-//W3C//DTD XHTML 1.0 Transitional//EN"
    "http://www.w3.org/TR/xhtml1/DTD/xhtml1-transitional.dtd">
<html xmlns="http://www.w3.org/1999/xhtml" xml:lang="en" lang="en">
 <head>
  <title>
</title>
<meta http-equiv="Content-Type" content="text/html;charset=utf-8" />
  <meta name='ocr-system' content='tesseract 3.04.00' />
  <meta name='ocr-capabilities' content='ocr_page ocr_carea ocr_par ocr_line ocrx_word'/>
</head>
<body>
  <div class='ocr_page' id='page_1' title='image "./frrogeribaconop00brewgoog_0454.png"; bbox 0 0 3517 5750; ppageno 0'>
   <div class='ocr_carea' id='block_1_1' title="bbox 1345 869 2618 936">
    <p class='ocr_par' dir='ltr' id='par_1_1' title="bbox 1345 869 2618 936">
     <span class='ocr_line' id='line_1_1' title="bbox 1345 869 2618 936; baseline 0.002 -3"><span class='ocrx_word' id='word_1_1' title='bbox 1345 882 1519 933; x_wconf 77' lang='lat' dir='ltr'>orus</span> <span class='ocrx_word' id='word_1_2' title='bbox 1562 882 1800 936; x_wconf 69' lang='lat' dir='ltr'>mnus,</span> <span class='ocrx_word' id='word_1_3' title='bbox 2494 869 2618 936; x_wconf 73' lang='lat'>341</span> 
     </span>
    </p>
   </div>
   <div class='ocr_carea' id='block_1_2' title="bbox 490 1050 2949 4203">
    <p class='ocr_par' dir='ltr' id='par_1_2' title="bbox 508 1050 2949 1443">
     <span class='ocr_line' id='line_1_2' title="bbox 510 1050 2869 1139; baseline -0.001 -22"><span class='ocrx_word' id='word_1_4' title='bbox 510 1054 702 1139; x_wconf 82' lang='lat' dir='ltr'>ginta</span> <span class='ocrx_word' id='word_1_5' title='bbox 776 1051 1263 1137; x_wconf 69' lang='lat' dir='ltr'><strong>interpretum:</strong></span> <span class='ocrx_word' id='word_1_6' title='bbox 1338 1073 1537 1137; x_wconf 87' lang='lat' dir='ltr'>quare</span> <span class='ocrx_word' id='word_1_7' title='bbox 1612 1050 1751 1117; x_wconf 80' lang='lat' dir='ltr'>haec</span> <span class='ocrx_word' id='word_1_8' title='bbox 1826 1052 1964 1117; x_wconf 88' lang='lat' dir='ltr'>sola</span> <span class='ocrx_word' id='word_1_9' title='bbox 2045 1051 2386 1117; x_wconf 73' lang='lat' dir='ltr'>dicebatur</span> <span class='ocrx_word' id='word_1_10' title='bbox 2463 1051 2624 1116; x_wconf 87' lang='lat' dir='ltr'>Vul-</span> <span class='ocrx_word' id='word_1_11' title='bbox 2650 1061 2869 1115; x_wconf 84' lang='lat' dir='ltr'>various</span> 
     </span>
     <span class='ocr_line' id='line_1_3' title="bbox 508 1128 2949 1261; baseline -0 -43"><span class='ocrx_word' id='word_1_12' title='bbox 508 1160 685 1239; x_wconf 83' lang='lat' dir='ltr'>gata,</span> <span class='ocrx_word' id='word_1_13' title='bbox 734 1175 854 1219; x_wconf 90' lang='lat' dir='ltr'>nec</span> <span class='ocrx_word' id='word_1_14' title='bbox 900 1174 1192 1239; x_wconf 85' lang='lat' dir='ltr'>unquam</span> <span class='ocrx_word' id='word_1_15' title='bbox 1240 1175 1358 1239; x_wconf 88' lang='lat' dir='ltr'>pro</span> <span class='ocrx_word' id='word_1_16' title='bbox 1420 1152 1804 1219; x_wconf 84' lang='lat' dir='ltr'>authentica</span> <span class='ocrx_word' id='word_1_17' title='bbox 1863 1154 2259 1232; x_wconf 72' lang='lat' dir='ltr'>tenebatur-3</span> <span class='ocrx_word' id='word_1_18' title='bbox 2319 1153 2433 1227; x_wconf 82' lang='lat' dir='ltr'>sed</span> <span class='ocrx_word' id='word_1_19' title='bbox 2483 1154 2622 1219; x_wconf 88' lang='lat' dir='ltr'>sola</span> <span class='ocrx_word' id='word_1_20' title='bbox 2648 1128 2949 1261; x_wconf 52' lang='lat' dir='ltr'>{ffffg‘ffip‘jf</span> 
     </span>
     <span class='ocr_line' id='line_1_4' title="bbox 508 1255 2798 1342; baseline 0 -21"><span class='ocrx_word' id='word_1_21' title='bbox 508 1256 855 1329; x_wconf 70' lang='lat' dir='ltr'>translatio</span> <span class='ocrx_word' id='word_1_22' title='bbox 916 1255 1371 1342; x_wconf 67' lang='lat' dir='ltr'><strong>Septuaginta,</strong></span> <span class='ocrx_word' id='word_1_23' title='bbox 1436 1262 1876 1342; x_wconf 70' lang='lat' dir='ltr'>praeterquam</span> <span class='ocrx_word' id='word_1_24' title='bbox 1935 1255 2008 1320; x_wconf 89' lang='lat' dir='ltr'>in</span> <span class='ocrx_word' id='word_1_25' title='bbox 2067 1256 2240 1321; x_wconf 91' lang='lat' dir='ltr'>libro</span> <span class='ocrx_word' id='word_1_26' title='bbox 2299 1255 2618 1335; x_wconf 75' lang='lat' dir='ltr'>DanieIiS,</span> <span class='ocrx_word' id='word_1_27' title='bbox 2648 1269 2798 1313; x_wconf 73' lang='lat' dir='ltr'>tures.</span> 
     </span>
     <span class='ocr_line' id='line_1_5' title="bbox 511 1356 2622 1443; baseline 0.001 -20"><span class='ocrx_word' id='word_1_28' title='bbox 511 1364 667 1425; x_wconf 87' lang='lat' dir='ltr'>ante</span> <span class='ocrx_word' id='word_1_29' title='bbox 708 1358 1364 1424; x_wconf 69' lang='lat' dir='ltr'><strong>communicationem</strong></span> <span class='ocrx_word' id='word_1_30' title='bbox 1406 1356 1860 1426; x_wconf 72' lang='lat' dir='ltr'>translationis</span> <span class='ocrx_word' id='word_1_31' title='bbox 1897 1356 2306 1443; x_wconf 82' lang='lat' dir='ltr'>Hieronymi.</span> <span class='ocrx_word' id='word_1_32' title='bbox 2402 1358 2622 1438; x_wconf 81' lang='lat' dir='ltr'>Quare</span> 
     </span>
    </p>

    <p class='ocr_par' dir='ltr' id='par_1_3' title="bbox 511 1458 2624 1545">
     <span class='ocr_line' id='line_1_6' title="bbox 511 1458 2624 1545; baseline -0.001 -18"><span class='ocrx_word' id='word_1_33' title='bbox 511 1483 661 1527; x_wconf 88' lang='lat' dir='ltr'>cum</span> <span class='ocrx_word' id='word_1_34' title='bbox 708 1460 1055 1527; x_wconf 71' lang='lat' dir='ltr'>translatio</span> <span class='ocrx_word' id='word_1_35' title='bbox 1088 1460 1483 1545; x_wconf 81' lang='lat' dir='ltr'>Hieronymi</span> <span class='ocrx_word' id='word_1_36' title='bbox 1528 1459 1880 1525; x_wconf 86' lang='lat' dir='ltr'>evacuavit</span> <span class='ocrx_word' id='word_1_37' title='bbox 1925 1460 2428 1526; x_wconf 68' lang='lat' dir='ltr'>translationem</span> <span class='ocrx_word' id='word_1_38' title='bbox 2462 1458 2624 1525; x_wconf 81' lang='lat' dir='ltr'>Vul-</span> 
     </span>
    </p>

    <p class='ocr_par' dir='ltr' id='par_1_4' title="bbox 509 1560 2622 1650">
     <span class='ocr_line' id='line_1_7' title="bbox 509 1560 2622 1650; baseline 0 -23"><span class='ocrx_word' id='word_1_39' title='bbox 509 1567 735 1649; x_wconf 80' lang='lat' dir='ltr'>gatam</span> <span class='ocrx_word' id='word_1_40' title='bbox 792 1562 1248 1650; x_wconf 84' lang='lat' dir='ltr'>Septuaginta,</span> <span class='ocrx_word' id='word_1_41' title='bbox 1311 1567 1382 1627; x_wconf 89' lang='lat' dir='ltr'>et</span> <span class='ocrx_word' id='word_1_42' title='bbox 1446 1562 1753 1626; x_wconf 87' lang='lat' dir='ltr'>similiter</span> <span class='ocrx_word' id='word_1_43' title='bbox 1799 1560 2282 1640; x_wconf 74' lang='lat' dir='ltr'>TheodotioniS,</span> <span class='ocrx_word' id='word_1_44' title='bbox 2346 1570 2426 1627; x_wconf 88' lang='lat' dir='ltr'>ut</span> <span class='ocrx_word' id='word_1_45' title='bbox 2485 1584 2622 1629; x_wconf 88' lang='lat' dir='ltr'>cer-</span> 
     </span>
    </p>

    <p class='ocr_par' dir='ltr' id='par_1_5' title="bbox 514 1662 2623 1853">
     <span class='ocr_line' id='line_1_8' title="bbox 514 1662 2623 1751; baseline 0.002 -22"><span class='ocrx_word' id='word_1_46' title='bbox 514 1670 661 1729; x_wconf 89' lang='lat' dir='ltr'>tum</span> <span class='ocrx_word' id='word_1_47' title='bbox 710 1670 810 1731; x_wconf 90' lang='lat' dir='ltr'>est</span> <span class='ocrx_word' id='word_1_48' title='bbox 863 1665 1187 1745; x_wconf 87' lang='lat' dir='ltr'>omnibus,</span> <span class='ocrx_word' id='word_1_49' title='bbox 1240 1668 1499 1750; x_wconf 78' lang='lat' dir='ltr'>oportet</span> <span class='ocrx_word' id='word_1_50' title='bbox 1552 1663 1730 1751; x_wconf 89' lang='lat' dir='ltr'>quod</span> <span class='ocrx_word' id='word_1_51' title='bbox 1785 1662 2006 1729; x_wconf 90' lang='lat' dir='ltr'>Biblia</span> <span class='ocrx_word' id='word_1_52' title='bbox 2052 1686 2184 1750; x_wconf 90' lang='lat' dir='ltr'>qua</span> <span class='ocrx_word' id='word_1_53' title='bbox 2231 1664 2488 1731; x_wconf 89' lang='lat' dir='ltr'>utimur</span> <span class='ocrx_word' id='word_1_54' title='bbox 2533 1665 2623 1733; x_wconf 87' lang='lat' dir='ltr'>sit</span> 
     </span>
     <span class='ocr_line' id='line_1_9' title="bbox 514 1750 1651 1853; baseline 0.001 -21"><span class='ocrx_word' id='word_1_55' title='bbox 514 1767 863 1833; x_wconf 76' lang='lat' dir='ltr'>translatio</span> <span class='ocrx_word' id='word_1_56' title='bbox 910 1767 1325 1853; x_wconf 86' lang='lat' dir='ltr'>Hieronymi.</span> <span class='ocrx_word' id='word_1_57' title='bbox 1643 1750 1651 1760; x_wconf 57' lang='grc'><strong>’</strong></span> 
     </span>
    </p>

    <p class='ocr_par' dir='ltr' id='par_1_6' title="bbox 490 1866 2628 4203">
     <span class='ocr_line' id='line_1_10' title="bbox 606 1866 2618 1955; baseline -0.001 -22"><span class='ocrx_word' id='word_1_58' title='bbox 606 1869 783 1949; x_wconf 78' lang='lat' dir='ltr'>Quid</span> <span class='ocrx_word' id='word_1_59' title='bbox 844 1874 1069 1935; x_wconf 86' lang='lat' dir='ltr'>autem</span> <span class='ocrx_word' id='word_1_60' title='bbox 1131 1871 1351 1955; x_wconf 86' lang='lat' dir='ltr'>potest</span> <span class='ocrx_word' id='word_1_61' title='bbox 1402 1866 1673 1953; x_wconf 88' lang='lat' dir='ltr'>allegari</span> <span class='ocrx_word' id='word_1_62' title='bbox 1727 1866 1812 1931; x_wconf 90' lang='lat' dir='ltr'>de</span> <span class='ocrx_word' id='word_1_63' title='bbox 1873 1868 2140 1955; x_wconf 87' lang='lat' dir='ltr'>prologo</span> <span class='ocrx_word' id='word_1_64' title='bbox 2199 1868 2375 1935; x_wconf 83' lang='lat' dir='ltr'>sexti</span> <span class='ocrx_word' id='word_1_65' title='bbox 2430 1866 2618 1932; x_wconf 85' lang='lat' dir='ltr'>libri¹</span> 
     </span>
     <span class='ocr_line' id='line_1_11' title="bbox 517 1968 2622 2058; baseline 0 -24"><span class='ocrx_word' id='word_1_66' title='bbox 517 1971 910 2057; x_wconf 86' lang='lat' dir='ltr'>Hieronymi</span> <span class='ocrx_word' id='word_1_67' title='bbox 985 1993 1179 2058; x_wconf 85' lang='lat' dir='ltr'>super</span> <span class='ocrx_word' id='word_1_68' title='bbox 1248 1969 1532 2047; x_wconf 80' lang='lat' dir='ltr'>Esaiam,</span> <span class='ocrx_word' id='word_1_69' title='bbox 1600 1988 1731 2054; x_wconf 89' lang='lat' dir='ltr'>quo</span> <span class='ocrx_word' id='word_1_70' title='bbox 1811 1969 2270 2056; x_wconf 83' lang='lat' dir='ltr'>distinguntur</span> <span class='ocrx_word' id='word_1_71' title='bbox 2344 1968 2622 2057; x_wconf 76' lang='lat' dir='ltr'>Septua-</span> 
     </span>
     <span class='ocr_line' id='line_1_12' title="bbox 512 2067 2626 2160; baseline -0.001 -23"><span class='ocrx_word' id='word_1_72' title='bbox 512 2072 706 2160; x_wconf 85' lang='lat' dir='ltr'>ginta</span> <span class='ocrx_word' id='word_1_73' title='bbox 741 2074 1131 2160; x_wconf 81' lang='lat' dir='ltr'>interpretes</span> <span class='ocrx_word' id='word_1_74' title='bbox 1178 2072 1263 2137; x_wconf 85' lang='lat' dir='ltr'>ab</span> <span class='ocrx_word' id='word_1_75' title='bbox 1312 2071 1601 2135; x_wconf 88' lang='lat' dir='ltr'>editione</span> <span class='ocrx_word' id='word_1_76' title='bbox 1656 2067 1966 2156; x_wconf 83' lang='lat' dir='ltr'>Vulgata,</span> <span class='ocrx_word' id='word_1_77' title='bbox 2016 2092 2164 2137; x_wconf 88' lang='lat' dir='ltr'>cum</span> <span class='ocrx_word' id='word_1_78' title='bbox 2213 2071 2390 2137; x_wconf 88' lang='lat' dir='ltr'>dicat</span> <span class='ocrx_word' id='word_1_79' title='bbox 2437 2092 2626 2157; x_wconf 80' lang='lat' dir='ltr'>quos-</span> 
     </span>
     <span class='ocr_line' id='line_1_13' title="bbox 515 2171 2623 2260; baseline -0.001 -21"><span class='ocrx_word' id='word_1_80' title='bbox 515 2175 669 2239; x_wconf 87' lang='lat' dir='ltr'>dam</span> <span class='ocrx_word' id='word_1_81' title='bbox 698 2176 1051 2241; x_wconf 88' lang='lat' dir='ltr'>versiculos</span> <span class='ocrx_word' id='word_1_82' title='bbox 1096 2173 1277 2241; x_wconf 88' lang='lat' dir='ltr'>tertii</span> <span class='ocrx_word' id='word_1_83' title='bbox 1325 2171 1559 2239; x_wconf 84' lang='lat' dir='ltr'>decimi</span> <span class='ocrx_word' id='word_1_84' title='bbox 1608 2171 1881 2257; x_wconf 76' lang='lat' dir='ltr'>psalmi²</span> <span class='ocrx_word' id='word_1_85' title='bbox 1925 2180 1960 2207; x_wconf 93' lang='lat'><strong>“</strong></span> <span class='ocrx_word' id='word_1_86' title='bbox 1983 2194 2119 2239; x_wconf 91' lang='lat' dir='ltr'>non</span> <span class='ocrx_word' id='word_1_87' title='bbox 2165 2194 2300 2239; x_wconf 86' lang='lat' dir='ltr'>esse</span> <span class='ocrx_word' id='word_1_88' title='bbox 2343 2174 2420 2239; x_wconf 89' lang='lat' dir='ltr'>in</span> <span class='ocrx_word' id='word_1_89' title='bbox 2465 2174 2623 2260; x_wconf 85' lang='lat' dir='ltr'>Sep-</span> 
     </span>
     <span class='ocr_line' id='line_1_14' title="bbox 517 2273 2625 2363; baseline 0 -21"><span class='ocrx_word' id='word_1_90' title='bbox 517 2284 551 2312; x_wconf 90' lang='lat'><strong>“</strong></span> <span class='ocrx_word' id='word_1_91' title='bbox 600 2276 909 2363; x_wconf 87' lang='lat' dir='ltr'>tuaginta</span> <span class='ocrx_word' id='word_1_92' title='bbox 958 2274 1443 2361; x_wconf 59' lang='lat' dir='ltr'>interpretibus»,</span> <span class='ocrx_word' id='word_1_93' title='bbox 1492 2273 1607 2339; x_wconf 86' lang='lat' dir='ltr'>sed</span> <span class='ocrx_word' id='word_1_94' title='bbox 1658 2274 1733 2337; x_wconf 89' lang='lat' dir='ltr'>in</span> <span class='ocrx_word' id='word_1_95' title='bbox 1781 2273 2074 2339; x_wconf 85' lang='lat' dir='ltr'>editione</span> <span class='ocrx_word' id='word_1_96' title='bbox 2119 2274 2426 2362; x_wconf 85' lang='lat' dir='ltr'>Vulgata,</span> <span class='ocrx_word' id='word_1_97' title='bbox 2478 2297 2625 2362; x_wconf 82' lang='lat' dir='ltr'>quae</span> 
     </span>
     <span class='ocr_line' id='line_1_15' title="bbox 515 2374 2622 2465; baseline 0 -22"><span class='ocrx_word' id='word_1_98' title='bbox 515 2385 552 2415; x_wconf 87' lang='lat'><strong>“</strong></span> <span class='ocrx_word' id='word_1_99' title='bbox 598 2377 844 2445; x_wconf 79' lang='lat' dir='ltr'>Koene⁸</span> <span class='ocrx_word' id='word_1_100' title='bbox 881 2378 1139 2457; x_wconf 87' lang='lat' dir='ltr'>dicitur,</span> <span class='ocrx_word' id='word_1_101' title='bbox 1170 2381 1239 2443; x_wconf 90' lang='lat' dir='ltr'>et</span> <span class='ocrx_word' id='word_1_102' title='bbox 1279 2376 1353 2441; x_wconf 88' lang='lat' dir='ltr'>in</span> <span class='ocrx_word' id='word_1_103' title='bbox 1387 2380 1532 2443; x_wconf 86' lang='lat' dir='ltr'>toto</span> <span class='ocrx_word' id='word_1_104' title='bbox 1578 2374 1733 2441; x_wconf 90' lang='lat' dir='ltr'>orbe</span> <span class='ocrx_word' id='word_1_105' title='bbox 1780 2376 2020 2443; x_wconf 83' lang='lat' dir='ltr'>diffusa</span> <span class='ocrx_word' id='word_1_106' title='bbox 2037 2375 2109 2446; x_wconf 57' lang='lat' dir='ltr'>‘V&#39;</span> <span class='ocrx_word' id='word_1_107' title='bbox 2201 2377 2622 2465; x_wconf 81' lang='lat' dir='ltr'>Responden-</span> 
     </span>
     <span class='ocr_line' id='line_1_16' title="bbox 516 2477 2624 2567; baseline 0 -22"><span class='ocrx_word' id='word_1_108' title='bbox 516 2480 675 2545; x_wconf 82' lang='lat' dir='ltr'>‹lum</span> <span class='ocrx_word' id='word_1_109' title='bbox 719 2486 822 2547; x_wconf 81' lang='lat' dir='ltr'>est</span> <span class='ocrx_word' id='word_1_110' title='bbox 852 2502 969 2567; x_wconf 87' lang='lat' dir='ltr'>per</span> <span class='ocrx_word' id='word_1_111' title='bbox 998 2480 1213 2566; x_wconf 85' lang='lat' dir='ltr'>ipsum</span> <span class='ocrx_word' id='word_1_112' title='bbox 1260 2477 1541 2544; x_wconf 89' lang='lat' dir='ltr'>eundem</span> <span class='ocrx_word' id='word_1_113' title='bbox 1576 2479 1663 2543; x_wconf 90' lang='lat' dir='ltr'>ad</span> <span class='ocrx_word' id='word_1_114' title='bbox 1694 2477 2048 2543; x_wconf 81' lang='lat' dir='ltr'>Fretellam</span> <span class='ocrx_word' id='word_1_115' title='bbox 2079 2484 2149 2546; x_wconf 87' lang='lat' dir='ltr'>et</span> <span class='ocrx_word' id='word_1_116' title='bbox 2180 2479 2476 2561; x_wconf 88' lang='lat' dir='ltr'>Suniam,</span> <span class='ocrx_word' id='word_1_117' title='bbox 2506 2480 2624 2545; x_wconf 90' lang='lat' dir='ltr'>ubi</span> 
     </span>
     <span class='ocr_line' id='line_1_17' title="bbox 490 2579 2627 2669; baseline -0 -21"><span class='ocrx_word' id='word_1_118' title='bbox 490 2588 865 2669; x_wconf 79' lang='lat' dir='ltr'>postquam</span> <span class='ocrx_word' id='word_1_119' title='bbox 914 2581 1105 2659; x_wconf 81' lang='lat' dir='ltr'>dixit,</span> <span class='ocrx_word' id='word_1_120' title='bbox 1143 2586 1181 2615; x_wconf 86' lang='lat'>‘·‘</span> <span class='ocrx_word' id='word_1_121' title='bbox 1204 2580 1419 2645; x_wconf 85' lang='lat' dir='ltr'>Koene</span> <span class='ocrx_word' id='word_1_122' title='bbox 1466 2579 1589 2645; x_wconf 91' lang='lat' dir='ltr'>hoc</span> <span class='ocrx_word' id='word_1_123' title='bbox 1641 2584 1742 2645; x_wconf 88' lang='lat' dir='ltr'>est</span> <span class='ocrx_word' id='word_1_124' title='bbox 1789 2582 2154 2647; x_wconf 86' lang='lat' dir='ltr'>communis</span> <span class='ocrx_word' id='word_1_125' title='bbox 2207 2582 2433 2661; x_wconf 78' lang='lat' dir='ltr'>editio,</span> <span class='ocrx_word' id='word_1_126' title='bbox 2482 2584 2627 2669; x_wconf 84' lang='lat' dir='ltr'>ipsa</span> 
     </span>
     <span class='ocr_line' id='line_1_18' title="bbox 515 2681 2626 2771; baseline 0 -22"><span class='ocrx_word' id='word_1_127' title='bbox 515 2692 551 2722; x_wconf 81' lang='lat'>‘⁶</span> <span class='ocrx_word' id='word_1_128' title='bbox 596 2689 701 2751; x_wconf 90' lang='lat' dir='ltr'>est</span> <span class='ocrx_word' id='word_1_129' title='bbox 743 2706 893 2770; x_wconf 77' lang='lat' dir='ltr'>quse</span> <span class='ocrx_word' id='word_1_130' title='bbox 922 2689 991 2749; x_wconf 88' lang='lat' dir='ltr'>et</span> <span class='ocrx_word' id='word_1_131' title='bbox 1026 2682 1467 2770; x_wconf 86' lang='lat' dir='ltr'>Septuaginta</span> <span class='ocrx_word' id='word_1_132' title='bbox 1512 2682 1755 2748; x_wconf 89' lang='lat' dir='ltr'>dicitur</span> <span class='ocrx_word' id='word_1_133' title='bbox 1777 2681 1843 2763; x_wconf 90' lang='lat'>;&#39;&#39;</span> <span class='ocrx_word' id='word_1_134' title='bbox 1875 2684 1992 2749; x_wconf 89' lang='lat' dir='ltr'>sed</span> <span class='ocrx_word' id='word_1_135' title='bbox 2032 2684 2149 2749; x_wconf 88' lang='lat' dir='ltr'>illa</span> <span class='ocrx_word' id='word_1_136' title='bbox 2191 2706 2310 2771; x_wconf 90' lang='lat' dir='ltr'>pro</span> <span class='ocrx_word' id='word_1_137' title='bbox 2353 2684 2514 2750; x_wconf 85' lang='lat' dir='ltr'>locis</span> <span class='ocrx_word' id='word_1_138' title='bbox 2557 2690 2626 2749; x_wconf 86' lang='lat' dir='ltr'>et</span> 
     </span>
     <span class='ocr_line' id='line_1_19' title="bbox 515 2784 2623 2875; baseline -0.002 -22"><span class='ocrx_word' id='word_1_139' title='bbox 515 2786 935 2873; x_wconf 86' lang='lat' dir='ltr'>temporibus,</span> <span class='ocrx_word' id='word_1_140' title='bbox 990 2784 1339 2851; x_wconf 85' lang='lat' dir='ltr'>voluntate</span> <span class='ocrx_word' id='word_1_141' title='bbox 1364 2834 1369 2839; x_wconf 87' lang='lat'>.</span> <span class='ocrx_word' id='word_1_142' title='bbox 1393 2784 1820 2871; x_wconf 84' lang='lat' dir='ltr'>Scriptorum,</span> <span class='ocrx_word' id='word_1_143' title='bbox 1885 2792 2080 2851; x_wconf 86' lang='lat' dir='ltr'>vetus</span> <span class='ocrx_word' id='word_1_144' title='bbox 2133 2792 2440 2875; x_wconf 88' lang='lat' dir='ltr'>corrupta</span> <span class='ocrx_word' id='word_1_145' title='bbox 2489 2787 2623 2851; x_wconf 90' lang='lat' dir='ltr'>edi-</span> 
     </span>
     <span class='ocr_line' id='line_1_20' title="bbox 516 2885 2626 2977; baseline -0 -22"><span class='ocrx_word' id='word_1_146' title='bbox 516 2889 613 2956; x_wconf 93' lang='lat' dir='ltr'>tio</span> <span class='ocrx_word' id='word_1_147' title='bbox 676 2895 793 2956; x_wconf 87' lang='lat' dir='ltr'>est.</span> <span class='ocrx_word' id='word_1_148' title='bbox 915 2889 1015 2954; x_wconf 86' lang='lat' dir='ltr'>Ea</span> <span class='ocrx_word' id='word_1_149' title='bbox 1067 2893 1292 2953; x_wconf 90' lang='lat' dir='ltr'>autem</span> <span class='ocrx_word' id='word_1_150' title='bbox 1354 2909 1503 2973; x_wconf 79' lang='lat' dir='ltr'>quae</span> <span class='ocrx_word' id='word_1_151' title='bbox 1562 2888 1850 2954; x_wconf 87' lang='lat' dir='ltr'>habetur</span> <span class='ocrx_word' id='word_1_152' title='bbox 1869 2885 1896 2926; x_wconf 83' lang='lat'><strong>⁴</strong></span> <span class='ocrx_word' id='word_1_153' title='bbox 1955 2889 2028 2953; x_wconf 91' lang='lat' dir='ltr'>in</span> <span class='ocrx_word' id='word_1_154' title='bbox 2090 2889 2418 2977; x_wconf 83' lang='lat' dir='ltr'>Hexaplis</span> <span class='ocrx_word' id='word_1_155' title='bbox 2477 2888 2626 2954; x_wconf 85' lang='lat' dir='ltr'>Ori·-</span> 
     </span>
     <span class='ocr_line' id='line_1_21' title="bbox 517 2989 2624 3078; baseline -0.001 -20"><span class='ocrx_word' id='word_1_156' title='bbox 517 2992 719 3078; x_wconf 87' lang='lat' dir='ltr'>genis,</span> <span class='ocrx_word' id='word_1_157' title='bbox 769 2996 840 3058; x_wconf 88' lang='lat' dir='ltr'>et</span> <span class='ocrx_word' id='word_1_158' title='bbox 880 3013 1076 3077; x_wconf 85' lang='lat' dir='ltr'>quam</span> <span class='ocrx_word' id='word_1_159' title='bbox 1126 3011 1247 3055; x_wconf 89' lang='lat' dir='ltr'>nos</span> <span class='ocrx_word' id='word_1_160' title='bbox 1296 2989 1633 3070; x_wconf 86' lang='lat' dir='ltr'>vertimus,</span> <span class='ocrx_word' id='word_1_161' title='bbox 1687 2990 1834 3076; x_wconf 88' lang='lat' dir='ltr'>ipsa</span> <span class='ocrx_word' id='word_1_162' title='bbox 1885 2994 1985 3055; x_wconf 85' lang='lat' dir='ltr'>est</span> <span class='ocrx_word' id='word_1_163' title='bbox 2024 3013 2171 3076; x_wconf 84' lang='lat' dir='ltr'>quae</span> <span class='ocrx_word' id='word_1_164' title='bbox 2215 2991 2624 3057; x_wconf 85' lang='lat' dir='ltr'>eruditorum</span> 
     </span>
     <span class='ocr_line' id='line_1_22' title="bbox 514 3091 2624 3181; baseline 0.001 -24"><span class='ocrx_word' id='word_1_165' title='bbox 514 3093 701 3158; x_wconf 88' lang='lat' dir='ltr'>libris</span> <span class='ocrx_word' id='word_1_166' title='bbox 760 3093 1141 3180; x_wconf 86' lang='lat' dir='ltr'>incorrupta</span> <span class='ocrx_word' id='word_1_167' title='bbox 1198 3096 1269 3158; x_wconf 88' lang='lat' dir='ltr'>et</span> <span class='ocrx_word' id='word_1_168' title='bbox 1320 3091 1743 3158; x_wconf 85' lang='lat' dir='ltr'>immaculata-</span> <span class='ocrx_word' id='word_1_169' title='bbox 1805 3093 2247 3181; x_wconf 85' lang='lat' dir='ltr'>Septuaginta</span> <span class='ocrx_word' id='word_1_170' title='bbox 2303 3095 2624 3181; x_wconf 82' lang='lat' dir='ltr'>interpre-</span> 
     </span>
     <span class='ocr_line' id='line_1_23' title="bbox 516 3194 2624 3282; baseline 0 -21"><span class='ocrx_word' id='word_1_171' title='bbox 516 3202 660 3261; x_wconf 87' lang='lat' dir='ltr'>tum</span> <span class='ocrx_word' id='word_1_172' title='bbox 707 3195 1052 3262; x_wconf 88' lang='lat' dir='ltr'>translatio</span> <span class='ocrx_word' id='word_1_173' title='bbox 1100 3199 1489 3260; x_wconf 86' lang='lat' dir='ltr'>reservatur.</span> <span class='ocrx_word' id='word_1_174' title='bbox 1542 3253 1553 3261; x_wconf 88' lang='grc'>,</span> <span class='ocrx_word' id='word_1_175' title='bbox 1606 3194 2023 3282; x_wconf 82' lang='lat' dir='ltr'>Quapropter</span> <span class='ocrx_word' id='word_1_176' title='bbox 2070 3195 2416 3262; x_wconf 84' lang='lat' dir='ltr'>translatio</span> <span class='ocrx_word' id='word_1_177' title='bbox 2465 3197 2624 3282; x_wconf 90' lang='lat' dir='ltr'>Sep·</span> 
     </span>
     <span class='ocr_line' id='line_1_24' title="bbox 521 3297 2622 3384; baseline -0 -21"><span class='ocrx_word' id='word_1_178' title='bbox 521 3297 823 3384; x_wconf 83' lang='lat' dir='ltr'>tuaginta</span> <span class='ocrx_word' id='word_1_179' title='bbox 896 3298 1334 3383; x_wconf 85' lang='lat' dir='ltr'>interpretum</span> <span class='ocrx_word' id='word_1_180' title='bbox 1410 3300 1629 3381; x_wconf 88' lang='lat' dir='ltr'>potest</span> <span class='ocrx_word' id='word_1_181' title='bbox 1719 3297 1924 3382; x_wconf 84' lang='lat' dir='ltr'>accipi</span> <span class='ocrx_word' id='word_1_182' title='bbox 2009 3297 2400 3383; x_wconf 84' lang='lat' dir='ltr'>tripliciter3</span> <span class='ocrx_word' id='word_1_183' title='bbox 2490 3319 2622 3362; x_wconf 92' lang='lat' dir='ltr'>uno</span> 
     </span>
     <span class='ocr_line' id='line_1_25' title="bbox 517 3397 2623 3479; baseline 0 -15"><span class='ocrx_word' id='word_1_184' title='bbox 517 3399 728 3479; x_wconf 81' lang='lat' dir='ltr'>mode,</span> <span class='ocrx_word' id='word_1_185' title='bbox 774 3402 855 3465; x_wconf 89' lang='lat' dir='ltr'>ut</span> <span class='ocrx_word' id='word_1_186' title='bbox 912 3399 1042 3463; x_wconf 86' lang='lat' dir='ltr'>fuit</span> <span class='ocrx_word' id='word_1_187' title='bbox 1100 3397 1187 3464; x_wconf 87' lang='lat' dir='ltr'>ab</span> <span class='ocrx_word' id='word_1_188' title='bbox 1248 3397 1342 3462; x_wconf 90' lang='lat' dir='ltr'>eis</span> <span class='ocrx_word' id='word_1_189' title='bbox 1402 3397 1587 3462; x_wconf 89' lang='lat' dir='ltr'>edita</span> <span class='ocrx_word' id='word_1_190' title='bbox 1646 3419 1733 3463; x_wconf 83' lang='lat' dir='ltr'>ex</span> <span class='ocrx_word' id='word_1_191' title='bbox 1795 3397 2085 3464; x_wconf 86' lang='lat' dir='ltr'>Hebraeo</span> <span class='ocrx_word' id='word_1_192' title='bbox 2146 3398 2218 3462; x_wconf 86' lang='lat' dir='ltr'>in</span> <span class='ocrx_word' id='word_1_193' title='bbox 2272 3399 2623 3479; x_wconf 83' lang='lat' dir='ltr'>Graecum3</span> 
     </span>
     <span class='ocr_line' id='line_1_26' title="bbox 516 3498 2622 3586; baseline -0 -20"><span class='ocrx_word' id='word_1_194' title='bbox 516 3501 815 3580; x_wconf 79' lang='lat' dir='ltr'>secundo,</span> <span class='ocrx_word' id='word_1_195' title='bbox 878 3501 1094 3586; x_wconf 87' lang='lat' dir='ltr'>capita</span> <span class='ocrx_word' id='word_1_196' title='bbox 1153 3500 1269 3566; x_wconf 88' lang='lat' dir='ltr'>illa</span> <span class='ocrx_word' id='word_1_197' title='bbox 1328 3521 1475 3584; x_wconf 75' lang='lat' dir='ltr'>quse</span> <span class='ocrx_word' id='word_1_198' title='bbox 1536 3499 1609 3564; x_wconf 91' lang='lat' dir='ltr'>in</span> <span class='ocrx_word' id='word_1_199' title='bbox 1672 3499 2000 3586; x_wconf 82' lang='lat' dir='ltr'>Hexaplis</span> <span class='ocrx_word' id='word_1_200' title='bbox 2053 3498 2358 3586; x_wconf 87' lang='lat' dir='ltr'>Origenis</span> <span class='ocrx_word' id='word_1_201' title='bbox 2418 3502 2622 3565; x_wconf 89' lang='lat' dir='ltr'>conti-</span> 
     </span>
     <span class='ocr_line' id='line_1_27' title="bbox 513 3599 2624 3688; baseline 0 -21"><span class='ocrx_word' id='word_1_202' title='bbox 513 3607 757 3668; x_wconf 86' lang='lat' dir='ltr'>nentur</span> <span class='ocrx_word' id='word_1_203' title='bbox 778 3599 829 3684; x_wconf 80' lang='lat'>3⁵</span> <span class='ocrx_word' id='word_1_204' title='bbox 858 3603 1073 3684; x_wconf 85' lang='lat' dir='ltr'>tertio,</span> <span class='ocrx_word' id='word_1_205' title='bbox 1106 3625 1255 3688; x_wconf 87' lang='lat' dir='ltr'>quae</span> <span class='ocrx_word' id='word_1_206' title='bbox 1299 3623 1434 3666; x_wconf 90' lang='lat' dir='ltr'>non</span> <span class='ocrx_word' id='word_1_207' title='bbox 1477 3601 1714 3666; x_wconf 89' lang='lat' dir='ltr'>habuit</span> <span class='ocrx_word' id='word_1_208' title='bbox 1750 3601 1970 3668; x_wconf 90' lang='lat' dir='ltr'>obelos</span> <span class='ocrx_word' id='word_1_209' title='bbox 2013 3605 2083 3666; x_wconf 87' lang='lat' dir='ltr'>et</span> <span class='ocrx_word' id='word_1_210' title='bbox 2120 3601 2476 3682; x_wconf 88' lang='lat' dir='ltr'>asteriscos,</span> <span class='ocrx_word' id='word_1_211' title='bbox 2507 3603 2624 3674; x_wconf 83' lang='lat' dir='ltr'>sed</span> 
     </span>
     <span class='ocr_line' id='line_1_28' title="bbox 513 3703 2626 3792; baseline 0 -20"><span class='ocrx_word' id='word_1_212' title='bbox 513 3707 646 3772; x_wconf 84' lang='lat' dir='ltr'>fuit</span> <span class='ocrx_word' id='word_1_213' title='bbox 693 3705 961 3792; x_wconf 83' lang='lat' dir='ltr'>vulgata</span> <span class='ocrx_word' id='word_1_214' title='bbox 1004 3710 1075 3772; x_wconf 89' lang='lat' dir='ltr'>et</span> <span class='ocrx_word' id='word_1_215' title='bbox 1118 3709 1426 3790; x_wconf 88' lang='lat' dir='ltr'>corrupta</span> <span class='ocrx_word' id='word_1_216' title='bbox 1468 3725 1585 3790; x_wconf 90' lang='lat' dir='ltr'>per</span> <span class='ocrx_word' id='word_1_217' title='bbox 1629 3703 1997 3768; x_wconf 85' lang='lat' dir='ltr'>additiones</span> <span class='ocrx_word' id='word_1_218' title='bbox 2033 3708 2102 3768; x_wconf 91' lang='lat' dir='ltr'>et</span> <span class='ocrx_word' id='word_1_219' title='bbox 2146 3704 2626 3772; x_wconf 83' lang='lat' dir='ltr'>subtractiones</span> 
     </span>
     <span class='ocr_line' id='line_1_29' title="bbox 514 3805 2623 3894; baseline -0.001 -18"><span class='ocrx_word' id='word_1_220' title='bbox 514 3807 731 3876; x_wconf 84' lang='lat' dir='ltr'>varias</span> <span class='ocrx_word' id='word_1_221' title='bbox 802 3807 1007 3894; x_wconf 79' lang='lat' dir='ltr'>juxta</span> <span class='ocrx_word' id='word_1_222' title='bbox 1089 3812 1289 3894; x_wconf 86' lang='lat' dir='ltr'>caput</span> <span class='ocrx_word' id='word_1_223' title='bbox 1370 3805 1732 3892; x_wconf 85' lang='lat' dir='ltr'>cujuslibet.</span> <span class='ocrx_word' id='word_1_224' title='bbox 1857 3805 2187 3886; x_wconf 78' lang='lat' dir='ltr'>Quaelibet</span> <span class='ocrx_word' id='word_1_225' title='bbox 2257 3806 2470 3893; x_wconf 89' lang='lat' dir='ltr'>igitur</span> <span class='ocrx_word' id='word_1_226' title='bbox 2537 3808 2623 3874; x_wconf 81' lang='lat' dir='ltr'>is-</span> 
     </span>
     <span class='ocr_line' id='line_1_30' title="bbox 514 3907 2628 4000; baseline -0.001 -24"><span class='ocrx_word' id='word_1_227' title='bbox 514 3916 731 3976; x_wconf 81' lang='lat' dir='ltr'>tarum</span> <span class='ocrx_word' id='word_1_228' title='bbox 774 3915 1053 3976; x_wconf 86' lang='lat' dir='ltr'>vocatur</span> <span class='ocrx_word' id='word_1_229' title='bbox 1104 3909 1449 3976; x_wconf 86' lang='lat' dir='ltr'>translatio</span> <span class='ocrx_word' id='word_1_230' title='bbox 1510 3907 1967 3996; x_wconf 83' lang='lat' dir='ltr'>Septuaginta,</span> <span class='ocrx_word' id='word_1_231' title='bbox 2030 3929 2180 3994; x_wconf 83' lang='lat' dir='ltr'>quae</span> <span class='ocrx_word' id='word_1_232' title='bbox 2253 3914 2356 3975; x_wconf 89' lang='lat' dir='ltr'>est</span> <span class='ocrx_word' id='word_1_233' title='bbox 2413 3909 2628 4000; x_wconf 84' lang='lat' dir='ltr'>prima</span> 
     </span>
     <span class='ocr_line' id='line_1_31' title="bbox 514 4009 2620 4100; baseline 0 -22"><span class='ocrx_word' id='word_1_234' title='bbox 514 4012 709 4078; x_wconf 80' lang='lat' dir='ltr'>radix</span> <span class='ocrx_word' id='word_1_235' title='bbox 756 4013 1069 4090; x_wconf 89' lang='lat' dir='ltr'>omnium,</span> <span class='ocrx_word' id='word_1_236' title='bbox 1116 4015 1187 4078; x_wconf 88' lang='lat' dir='ltr'>et</span> <span class='ocrx_word' id='word_1_237' title='bbox 1228 4010 1544 4078; x_wconf 86' lang='lat' dir='ltr'>remansit</span> <span class='ocrx_word' id='word_1_238' title='bbox 1593 4011 1669 4074; x_wconf 92' lang='lat' dir='ltr'>in</span> <span class='ocrx_word' id='word_1_239' title='bbox 1720 4010 1868 4078; x_wconf 85' lang='lat' dir='ltr'>istis</span> <span class='ocrx_word' id='word_1_240' title='bbox 1916 4009 2172 4078; x_wconf 84' lang='lat' dir='ltr'>duabus</span> <span class='ocrx_word' id='word_1_241' title='bbox 2220 4033 2339 4100; x_wconf 92' lang='lat' dir='ltr'>pro</span> <span class='ocrx_word' id='word_1_242' title='bbox 2391 4011 2620 4078; x_wconf 74' lang='lat' dir='ltr'>funda-</span> 
     </span>
     <span class='ocr_line' id='line_1_32' title="bbox 518 4113 2620 4203; baseline 0 -21"><span class='ocrx_word' id='word_1_243' title='bbox 518 4125 755 4182; x_wconf 86' lang='lat' dir='ltr'>mento.</span> <span class='ocrx_word' id='word_1_244' title='bbox 877 4113 970 4182; x_wconf 87' lang='lat' dir='ltr'>Et</span> <span class='ocrx_word' id='word_1_245' title='bbox 1028 4113 1177 4182; x_wconf 90' lang='lat' dir='ltr'>ideo</span> <span class='ocrx_word' id='word_1_246' title='bbox 1239 4113 1719 4182; x_wconf 87' lang='lat' dir='ltr'>consideremus</span> <span class='ocrx_word' id='word_1_247' title='bbox 1781 4113 2282 4182; x_wconf 82' lang='lat' dir='ltr'>translationem</span> <span class='ocrx_word' id='word_1_248' title='bbox 2343 4113 2620 4203; x_wconf 71' lang='lat' dir='ltr'>Septua-</span> 
     </span>
    </p>
   </div>
   <div class='ocr_carea' id='block_1_3' title="bbox 514 4502 2626 4726">
    <p class='ocr_par' dir='ltr' id='par_1_7' title="bbox 514 4502 2626 4726">
     <span class='ocr_line' id='line_1_33' title="bbox 582 4502 2402 4574; baseline -0.001 -17"><span class='ocrx_word' id='word_1_249' title='bbox 582 4508 595 4538; x_wconf 84' lang='lat'>¹</span> <span class='ocrx_word' id='word_1_250' title='bbox 620 4509 745 4557; x_wconf 69' lang='lat' dir='ltr'>sexti</span> <span class='ocrx_word' id='word_1_251' title='bbox 764 4505 903 4574; x_wconf 74' lang='lat' dir='ltr'>le&#39;bri]</span> <span class='ocrx_word' id='word_1_252' title='bbox 942 4505 1057 4556; x_wconf 87' lang='lat' dir='ltr'>Lib.</span> <span class='ocrx_word' id='word_1_253' title='bbox 1080 4506 1187 4556; x_wconf 76' lang='lat' dir='ltr'>xvi.</span> <span class='ocrx_word' id='word_1_254' title='bbox 1204 4508 1228 4554; x_wconf 73' lang='grc' dir='ltr'>’ἓ</span> <span class='ocrx_word' id='word_1_255' title='bbox 1681 4504 1699 4533; x_wconf 85' lang='lat'><strong>⁴</strong></span> <span class='ocrx_word' id='word_1_256' title='bbox 1721 4502 1953 4570; x_wconf 78' lang='lat' dir='ltr'>Imbe&#39;ur]</span> <span class='ocrx_word' id='word_1_257' title='bbox 1993 4505 2252 4564; x_wconf 79' lang='lat' dir='ltr'>habentur,</span> <span class='ocrx_word' id='word_1_258' title='bbox 2289 4505 2402 4556; x_wconf 82' lang='lat' dir='ltr'>MS.</span> 
     </span>
     <span class='ocr_line' id='line_1_34' title="bbox 580 4583 2626 4653; baseline 0 -17"><span class='ocrx_word' id='word_1_259' title='bbox 580 4586 821 4653; x_wconf 70' lang='lat' dir='ltr'>²pm1mi]</span> <span class='ocrx_word' id='word_1_260' title='bbox 877 4587 1039 4638; x_wconf 71' lang='lat' dir='ltr'>tertiae</span> <span class='ocrx_word' id='word_1_261' title='bbox 1093 4585 1300 4637; x_wconf 69' lang='lat' dir='ltr'>decimo</span> <span class='ocrx_word' id='word_1_262' title='bbox 1344 4583 1517 4650; x_wconf 70' lang='lat' dir='ltr'>pai-tie,</span> <span class='ocrx_word' id='word_1_263' title='bbox 1681 4585 1701 4612; x_wconf 80' lang='lat'>⁵</span> <span class='ocrx_word' id='word_1_264' title='bbox 1718 4585 1890 4649; x_wconf 77' lang='lat' dir='ltr'>capita</span> <span class='ocrx_word' id='word_1_265' title='bbox 1911 4619 1926 4634; x_wconf 86' lang='lat'>.</span> <span class='ocrx_word' id='word_1_266' title='bbox 1962 4621 1976 4634; x_wconf 92' lang='lat'>.</span> <span class='ocrx_word' id='word_1_267' title='bbox 2013 4621 2026 4635; x_wconf 97' lang='lat'>.</span> <span class='ocrx_word' id='word_1_268' title='bbox 2060 4585 2389 4650; x_wconf 72' lang='lat' dir='ltr'>continentur]</span> <span class='ocrx_word' id='word_1_269' title='bbox 2428 4585 2626 4650; x_wconf 82' lang='lat' dir='ltr'>capitur</span> 
     </span>
     <span class='ocr_line' id='line_1_35' title="bbox 514 4659 2580 4726; baseline -0 -11"><span class='ocrx_word' id='word_1_270' title='bbox 514 4667 611 4718; x_wconf 77' lang='lat' dir='ltr'>Ms</span> <span class='ocrx_word' id='word_1_271' title='bbox 1614 4662 1718 4723; x_wconf 83' lang='lat' dir='ltr'>illa,</span> <span class='ocrx_word' id='word_1_272' title='bbox 1742 4663 1836 4712; x_wconf 61' lang='lat' dir='ltr'>&amp;a</span> <span class='ocrx_word' id='word_1_273' title='bbox 1879 4698 1891 4713; x_wconf 89' lang='lat'>.</span> <span class='ocrx_word' id='word_1_274' title='bbox 1929 4699 1942 4712; x_wconf 92' lang='lat'>.</span> <span class='ocrx_word' id='word_1_275' title='bbox 1990 4700 2001 4712; x_wconf 91' lang='lat'>.</span> <span class='ocrx_word' id='word_1_276' title='bbox 2039 4663 2337 4726; x_wconf 78' lang='lat' dir='ltr'>continetur,</span> <span class='ocrx_word' id='word_1_277' title='bbox 2357 4663 2469 4715; x_wconf 69' lang='lat' dir='ltr'>MS.</span> <span class='ocrx_word' id='word_1_278' title='bbox 2571 4659 2580 4668; x_wconf 65' lang='lat'>⁸</span> 
     </span>
    </p>
   </div>
   <div class='ocr_carea' id='block_1_4' title="bbox 575 4703 1128 4811">
    <p class='ocr_par' dir='ltr' id='par_1_8' title="bbox 575 4703 1128 4811">
     <span class='ocr_line' id='line_1_36' title="bbox 575 4703 1128 4811; baseline 0 -15"><span class='ocrx_word' id='word_1_279' title='bbox 575 4703 799 4811; x_wconf 50' lang='lat' dir='ltr'>³.I&lt;aene]</span> <span class='ocrx_word' id='word_1_280' title='bbox 838 4745 977 4808; x_wconf 85' lang='lat' dir='ltr'>Kun,</span> <span class='ocrx_word' id='word_1_281' title='bbox 1014 4744 1128 4796; x_wconf 81' lang='lat' dir='ltr'>MS.</span> 
     </span>
    </p>
   </div>
  </div>
 </body>
</html>
