3517 5750
863 851 950 918 60
1613 869 1871 922 Rosam
1918 867 2211 920 memus
2775 857 2959 946 [cu.

1671 1236 1835 1304 On».
1884 1235 2149 1304 XVIII.

523 1443 689 1522 These
704 1443 832 1496 diffi·
947 1441 1174 1506 ΡΑΤΕΤ
1233 1439 1438 1528 igitur
1509 1441 1684 1528 quod
1751 1440 2068 1528 scriptum
2139 1441 2499 1530 principale
2562 1463 2704 1509 non
2769 1443 2958 1530 potui

521 1511 832 1628 ξῗέἓξᾏῗξᾶ
857 1543 1134 1621 mittere,
1167 1543 1284 1609 sed
1331 1544 1624 1631 oportuit
1671 1565 1777 1610 me
1816 1543 2096 1610 formare
2146 1544 2403 1631 aliquid
2450 1545 2953 1633 praeambulum,

520 1643 736 1721 iqdueed
853 1646 926 1710 in
969 1667 1100 1733 quo
1145 1646 1394 1712 radices
1445 1647 1761 1728 meliores,
1807 1653 1877 1714 et
1929 1667 2143 1714 ramos
2185 1647 2603 1734 proceriores,
2651 1654 2722 1714 et
2765 1649 2957 1714 flores

521 1709 753 1840 2²¹0ssth
793 1795 797 1800 =
851 1747 1266 1834 pulchriores,
1343 1755 1412 1815 et
1489 1748 1740 1815 fructus
1798 1749 2117 1815 dulciores
2176 1751 2689 1837 praemitterem:
2760 1752 2959 1817 simul

522 1841 624 1891 ‘¹¹³⁸
647 1842 804 1894 intro·
853 1850 1286 1917 ostendendo¹
1331 1851 1632 1937 qualiter,
1672 1857 1742 1918 et
1772 1851 2010 1938 quibus
2040 1851 2310 1918 auxiliis
2354 1857 2426 1919 et
2464 1853 2767 1940 expensis
2810 1876 2959 1940 pos-

517 1909 738 2028 (ιιιι-ιέιῖζζ,
851 1953 989 2018 sint
1033 1953 1254 2020 omnia
1296 1953 1458 2036 fleri,
1519 1959 1590 2020 et
1633 1955 1957 2041 quomodo
2002 1953 2473 2042 impedimenta
2525 1961 2957 2023 amoveantur

853 2055 1090 2136 omnia,
1137 2060 1216 2121 ut
1243 2057 1489 2122 centies
1535 2055 1805 2122 melius²
1856 2057 2041 2135 fiant,
2074 2061 2300 2122 vestra
2348 2057 2745 2123 auctoritate
2790 2079 2955 2144 prae-

853 2162 1277 2246 cognoscente
1319 2158 1578 2245 pondus
1621 2157 1891 2247 negotii,
1939 2179 2141 2244 quam
2184 2159 2362 2245 quod
2406 2159 2787 2247 incepissem
2832 2159 2957 2224 im-

851 2261 1210 2349 prudenter
1255 2282 1421 2348 opus
1477 2261 1854 2350 principale,
1902 2265 1972 2326 et
2016 2261 2203 2348 pejus
2222 2259 2249 2300 ³
2289 2261 2755 2349 promovissem
2801 2284 2919 2350 per
2936 2259 2960 2298 ⁴

853 2385 959 2430 me
987 2364 1217 2442 solum,
1247 2368 1320 2430 et
1362 2384 1699 2449 nunquam
1745 2363 1833 2428 ad
1876 2363 2299 2429 medietatem
2335 2363 2809 2450 pervenissem3
2838 2386 2958 2430 nec

855 2487 1106 2553 possem
1154 2463 1389 2530 melius
1426 2463 1668 2545 fecisse,
1725 2485 1925 2550 quam
1964 2463 2059 2530 sic
2102 2463 2175 2530 in
2220 2469 2511 2532 tractatu
2556 2464 2956 2554 praeambulo

855 2573 1072 2634 totum
1124 2568 1464 2654 negotium
1511 2567 1871 2634 ostendere.
1968 2566 2149 2633 Nam
2208 2567 2430 2634 omnia
2487 2568 2755 2656 negotia
2810 2590 2958 2654 per-

856 2674 1033 2749 eunt,
1087 2669 1203 2733 ubi
1255 2669 1550 2734 homines
1608 2669 1847 2735 nolunt
1904 2668 2331 2750 considerare,
2381 2669 2544 2757 quid
2601 2670 2692 2735 sit
2750 2670 2955 2756 quod-

853 2772 1021 2838 libet
1068 2771 1406 2858 negotium
1453 2769 1527 2836 in
1575 2770 1931 2837 universali
1978 2776 2049 2836 et
2098 2769 2173 2836 in
2232 2793 2506 2852 summa,
2554 2776 2625 2837 et
2671 2792 2817 2857 quae
2863 2770 2955 2836 sit

857 2873 1113 2941 utilitas
1157 2872 1522 2961 cujuslibet,
1577 2879 1647 2940 et
1706 2871 1891 2960 quaess
1908 2869 2309 2963 exigantur,⁵
2356 2880 2425 2940 et
2478 2873 2757 2961 qualiter
2808 2872 2952 2941 fieri

854 2976 1161 3057 habeant,
1221 2980 1292 3042 et
1365 2974 1606 3061 quibus
1667 2974 2018 3055 laboribu3‚
2081 2981 2151 3042 et
2210 2976 2447 3063 quibus
2506 2976 2822 3063 expensis,
2884 2980 2955 3043 et

856 3078 1094 3167 quibus
1131 3076 1416 3143 auxiliis.
1507 3076 1600 3144 Et
1626 3077 1776 3143 ideo
1818 3077 2075 3145 decrevi
2104 3080 2244 3145 haec
2284 3079 2509 3143 omnia
2536 3079 2951 3167 praemittere,

855 3187 934 3249 ut
976 3181 1099 3249 hoc
1141 3182 1480 3268 negotimn
1525 3180 1887 3246 maximum
1932 3202 2235 3267 processu
2281 3181 2503 3248 debito
2548 3180 2951 3248 terminetur.

1700 3540 1861 3606 CAP.
1908 3535 2095 3602 XIX.

517 3729 828 3798 Hisanxiety
945 3732 1287 3812 QUOMAM
1337 3750 1496 3797 vero
1555 3750 1596 3792 a
1654 3727 1867 3815 longis
1926 3724 2331 3813 temporibus
2390 3726 2521 3791 fuit
2570 3730 2791 3793 vestra
2848 3750 2947 3793 sa-

515 3804 576 3914 g}
591 3799 725 3915 2⁸:2¹.
740 3815 772 3849 ⁸
849 3832 1104 3919 pientia
1147 3831 1430 3918 negotiis
1475 3828 1924 3897 ecclesiasticis
1964 3833 2033 3894 et
2068 3826 2241 3894 euris
2282 3826 2485 3893 variis
2524 3850 2745 3893 rerum
2784 3830 2947 3916 pub-

517 3945 701 4007 sanger
724 3932 825 3981 πᾶ
848 3935 1119 3999 licarum
1173 3937 1502 4019 occupata,
1552 3936 1752 4017 atque
1800 3931 1985 3997 sedes
2031 3929 2387 4017 apostolica
2432 3950 2566 3995 non
2618 3930 2950 4016 permittit

514 4004 810 4115 &mut-etex·
845 4035 1179 4101 hominem
1224 4056 1456 4099 vacare
1503 4032 1714 4099 multo
1759 4031 2000 4113 studi0,
2045 4035 2115 4097 et
2158 4032 2299 4097 haee
2342 4051 2489 4118 quae
2534 4031 2746 4097 scribo
2788 4038 2948 4097 sunt

847 4160 1104 4226 magnae
1149 4135 1553 4202 difficultatis
1597 4139 1666 4200 et
1706 4139 2021 4200 extranea
2062 4134 2283 4200 sensui
2326 4132 2699 4211 multorum,
2738 4132 2949 4220 major

846 4240 975 4307 fuit
1033 4260 1180 4305 mea
1235 4236 1603 4304 sollicitudo
1665 4236 1746 4302 de
1820 4235 2179 4302 mediatore
2238 4234 2491 4315 idone0,
2550 4239 2787 4301 vestrae
2846 4256 2945 4302 re-

917 4597 930 4627 ¹
955 4592 1262 4659 mandendo]
1300 4593 1522 4654 ostendo,
1548 4590 1617 4642 U.
2008 4588 2029 4616 ⁸
2042 4587 2214 4654 pq'uae]
2250 4588 2464 4653 pel-eius,
2498 4589 2559 4639 T.

916 4676 936 4706 ²
957 4676 1132 4726 centies
1163 4672 1353 4739 melius]
1387 4670 1572 4723 centies
1593 4667 1845 4729 millesitw,
2008 4668 2027 4699 ⁴
2039 4666 2160 4733 per]
2186 4668 2267 4727 ad,
2302 4666 2369 4719 Τ.

848 4754 914 4805 U.
2004 4748 2025 4777 ³
2044 4745 2327 4812 exiqanmr]
2363 4746 2653 4813 exiguntur,
2674 4746 2826 4799 MSS.
