<?xml version="1.0" encoding="UTF-8"?>
<!DOCTYPE html PUBLIC "-//W3C//DTD XHTML 1.0 Transitional//EN"
    "http://www.w3.org/TR/xhtml1/DTD/xhtml1-transitional.dtd">
<html xmlns="http://www.w3.org/1999/xhtml" xml:lang="en" lang="en">
 <head>
  <title>
</title>
<meta http-equiv="Content-Type" content="text/html;charset=utf-8" />
  <meta name='ocr-system' content='tesseract 3.04.00' />
  <meta name='ocr-capabilities' content='ocr_page ocr_carea ocr_par ocr_line ocrx_word'/>
</head>
<body>
  <div class='ocr_page' id='page_1' title='image "./frrogeribaconop00brewgoog_0515.png"; bbox 0 0 3517 5750; ppageno 0'>
   <div class='ocr_carea' id='block_1_1' title="bbox 928 870 3025 959">
    <p class='ocr_par' dir='ltr' id='par_1_1' title="bbox 928 870 3025 959">
     <span class='ocr_line' id='line_1_1' title="bbox 928 870 3025 959; baseline -0.002 -17"><span class='ocrx_word' id='word_1_1' title='bbox 928 876 1057 943; x_wconf 77' lang='lat'><strong>402</strong></span> <span class='ocrx_word' id='word_1_2' title='bbox 1682 888 1944 941; x_wconf 72' lang='lat' dir='ltr'><strong>nocam</strong></span> <span class='ocrx_word' id='word_1_3' title='bbox 1989 888 2284 941; x_wconf 71' lang='lat' dir='ltr'><strong>mcoms</strong></span> <span class='ocrx_word' id='word_1_4' title='bbox 2843 870 3025 959; x_wconf 67' lang='lat' dir='ltr'><strong>[cu.</strong></span> 
     </span>
    </p>
   </div>
   <div class='ocr_carea' id='block_1_2' title="bbox 593 1062 3054 4632">
    <p class='ocr_par' dir='ltr' id='par_1_2' title="bbox 593 1062 3054 4632">
     <span class='ocr_line' id='line_1_2' title="bbox 924 1062 3042 1153; baseline -0.003 -19"><span class='ocrx_word' id='word_1_5' title='bbox 924 1068 1243 1134; x_wconf 88' lang='lat' dir='ltr'><strong>habemus</strong></span> <span class='ocrx_word' id='word_1_6' title='bbox 1316 1088 1529 1133; x_wconf 88' lang='lat' dir='ltr'><strong>mores</strong></span> <span class='ocrx_word' id='word_1_7' title='bbox 1604 1084 1846 1132; x_wconf 90' lang='lat' dir='ltr'><strong>eorum.</strong></span> <span class='ocrx_word' id='word_1_8' title='bbox 1969 1066 2144 1148; x_wconf 84' lang='lat' dir='ltr'><strong>Quia</strong></span> <span class='ocrx_word' id='word_1_9' title='bbox 2203 1062 2608 1153; x_wconf 87' lang='lat' dir='ltr'><strong>impossibile</strong></span> <span class='ocrx_word' id='word_1_10' title='bbox 2683 1066 2786 1130; x_wconf 75' lang='lat' dir='ltr'><strong>est</strong></span> <span class='ocrx_word' id='word_1_11' title='bbox 2857 1062 3042 1148; x_wconf 91' lang='lat' dir='ltr'><strong>quod</strong></span> 
     </span>
     <span class='ocr_line' id='line_1_3' title="bbox 928 1166 3040 1257; baseline -0.004 -20"><span class='ocrx_word' id='word_1_12' title='bbox 928 1170 1253 1257; x_wconf 74' lang='lat' dir='ltr'><strong>sapientia.</strong></span> <span class='ocrx_word' id='word_1_13' title='bbox 1298 1173 1434 1236; x_wconf 89' lang='lat' dir='ltr'><strong>stet</strong></span> <span class='ocrx_word' id='word_1_14' title='bbox 1482 1190 1635 1239; x_wconf 80' lang='lat' dir='ltr'><strong>cum</strong></span> <span class='ocrx_word' id='word_1_15' title='bbox 1694 1174 1974 1257; x_wconf 84' lang='lat' dir='ltr'><strong>peccate,</strong></span> <span class='ocrx_word' id='word_1_16' title='bbox 2025 1170 2142 1237; x_wconf 87' lang='lat' dir='ltr'><strong>sed</strong></span> <span class='ocrx_word' id='word_1_17' title='bbox 2201 1171 2420 1235; x_wconf 88' lang='lat' dir='ltr'><strong>virtus</strong></span> <span class='ocrx_word' id='word_1_18' title='bbox 2475 1166 2762 1255; x_wconf 80' lang='lat' dir='ltr'><strong>perfecta</strong></span> <span class='ocrx_word' id='word_1_19' title='bbox 2819 1166 3040 1251; x_wconf 90' lang='lat' dir='ltr'><strong>requi-</strong></span> 
     </span>
     <span class='ocr_line' id='line_1_4' title="bbox 928 1268 3038 1355; baseline -0.003 -16"><span class='ocrx_word' id='word_1_20' title='bbox 928 1274 1101 1339; x_wconf 89' lang='lat' dir='ltr'><strong>ritur</strong></span> <span class='ocrx_word' id='word_1_21' title='bbox 1128 1272 1213 1339; x_wconf 85' lang='lat' dir='ltr'><strong>ad</strong></span> <span class='ocrx_word' id='word_1_22' title='bbox 1262 1292 1425 1353; x_wconf 88' lang='lat' dir='ltr'><strong>eam,</strong></span> <span class='ocrx_word' id='word_1_23' title='bbox 1476 1276 1555 1338; x_wconf 90' lang='lat' dir='ltr'><strong>ut</strong></span> <span class='ocrx_word' id='word_1_24' title='bbox 1612 1271 1886 1337; x_wconf 86' lang='lat' dir='ltr'><strong>inferius</strong></span> <span class='ocrx_word' id='word_1_25' title='bbox 1935 1272 2414 1339; x_wconf 70' lang='lat' dir='ltr'><strong>demonstrabo.</strong></span> <span class='ocrx_word' id='word_1_26' title='bbox 2509 1268 2642 1335; x_wconf 91' lang='lat' dir='ltr'><strong>Sed</strong></span> <span class='ocrx_word' id='word_1_27' title='bbox 2690 1290 2807 1355; x_wconf 86' lang='lat' dir='ltr'><strong>pro</strong></span> <span class='ocrx_word' id='word_1_28' title='bbox 2855 1274 3038 1333; x_wconf 86' lang='lat' dir='ltr'><strong>certo</strong></span> 
     </span>
     <span class='ocr_line' id='line_1_5' title="bbox 926 1374 3044 1461; baseline -0.004 -20"><span class='ocrx_word' id='word_1_29' title='bbox 926 1376 984 1441; x_wconf 90' lang='lat' dir='ltr'><strong>si</strong></span> <span class='ocrx_word' id='word_1_30' title='bbox 1034 1378 1303 1441; x_wconf 89' lang='lat' dir='ltr'><strong>tantum</strong></span> <span class='ocrx_word' id='word_1_31' title='bbox 1332 1375 1413 1441; x_wconf 91' lang='lat' dir='ltr'><strong>de</strong></span> <span class='ocrx_word' id='word_1_32' title='bbox 1464 1374 1791 1461; x_wconf 87' lang='lat' dir='ltr'><strong>sapientia</strong></span> <span class='ocrx_word' id='word_1_33' title='bbox 1837 1376 2168 1455; x_wconf 70' lang='lat' dir='ltr'><strong>existeret,</strong></span> <span class='ocrx_word' id='word_1_34' title='bbox 2206 1378 2532 1461; x_wconf 86' lang='lat' dir='ltr'><strong>quantum</strong></span> <span class='ocrx_word' id='word_1_35' title='bbox 2582 1376 2872 1459; x_wconf 89' lang='lat' dir='ltr'><strong>apparet,</strong></span> <span class='ocrx_word' id='word_1_36' title='bbox 2905 1390 3044 1434; x_wconf 90' lang='lat' dir='ltr'><strong>non</strong></span> 
     </span>
     <span class='ocr_line' id='line_1_6' title="bbox 926 1473 3036 1549; baseline -0.003 -6"><span class='ocrx_word' id='word_1_37' title='bbox 926 1478 1163 1543; x_wconf 88' lang='lat' dir='ltr'><strong>fierent</strong></span> <span class='ocrx_word' id='word_1_38' title='bbox 1222 1476 1353 1543; x_wconf 85' lang='lat' dir='ltr'><strong>ista</strong></span> <span class='ocrx_word' id='word_1_39' title='bbox 1412 1478 1485 1543; x_wconf 89' lang='lat' dir='ltr'><strong>in</strong></span> <span class='ocrx_word' id='word_1_40' title='bbox 1542 1476 1812 1542; x_wconf 90' lang='lat' dir='ltr'><strong>mundo.</strong></span> <span class='ocrx_word' id='word_1_41' title='bbox 1907 1476 2107 1544; x_wconf 87' lang='lat' dir='ltr'><strong>Nunc</strong></span> <span class='ocrx_word' id='word_1_42' title='bbox 2166 1482 2390 1543; x_wconf 81' lang='lat' dir='ltr'><strong>autem</strong></span> <span class='ocrx_word' id='word_1_43' title='bbox 2435 1473 2854 1541; x_wconf 90' lang='lat' dir='ltr'><strong>verissimum</strong></span> <span class='ocrx_word' id='word_1_44' title='bbox 2915 1477 3036 1549; x_wconf 81' lang='lat' dir='ltr'><strong>est,</strong></span> 
     </span>
     <span class='ocr_line' id='line_1_7' title="bbox 929 1574 3040 1667; baseline -0.004 -22"><span class='ocrx_word' id='word_1_45' title='bbox 929 1578 1105 1667; x_wconf 88' lang='lat' dir='ltr'><strong>quod</strong></span> <span class='ocrx_word' id='word_1_46' title='bbox 1148 1582 1371 1645; x_wconf 87' lang='lat' dir='ltr'><strong>totum</strong></span> <span class='ocrx_word' id='word_1_47' title='bbox 1416 1578 1711 1645; x_wconf 88' lang='lat' dir='ltr'><strong>studium</strong></span> <span class='ocrx_word' id='word_1_48' title='bbox 1754 1582 1858 1644; x_wconf 89' lang='lat' dir='ltr'><strong>est</strong></span> <span class='ocrx_word' id='word_1_49' title='bbox 1902 1580 1976 1643; x_wconf 90' lang='lat' dir='ltr'><strong>in</strong></span> <span class='ocrx_word' id='word_1_50' title='bbox 2021 1580 2154 1645; x_wconf 87' lang='lat' dir='ltr'><strong>fine</strong></span> <span class='ocrx_word' id='word_1_51' title='bbox 2185 1576 2624 1664; x_wconf 73' lang='lat' dir='ltr'><strong>corruptionis</strong></span> <span class='ocrx_word' id='word_1_52' title='bbox 2667 1598 2710 1639; x_wconf 87' lang='lat' dir='ltr'><strong>a</strong></span> <span class='ocrx_word' id='word_1_53' title='bbox 2753 1574 3040 1661; x_wconf 86' lang='lat' dir='ltr'><strong>quadra-</strong></span> 
     </span>
     <span class='ocr_line' id='line_1_8' title="bbox 930 1676 3040 1771; baseline -0.003 -24"><span class='ocrx_word' id='word_1_54' title='bbox 930 1684 1121 1771; x_wconf 85' lang='lat' dir='ltr'><strong>ginta</strong></span> <span class='ocrx_word' id='word_1_55' title='bbox 1170 1684 1379 1762; x_wconf 88' lang='lat' dir='ltr'><strong>annis,</strong></span> <span class='ocrx_word' id='word_1_56' title='bbox 1422 1682 1579 1747; x_wconf 90' lang='lat' dir='ltr'><strong>licet</strong></span> <span class='ocrx_word' id='word_1_57' title='bbox 1630 1686 2026 1767; x_wconf 69' lang='lat' dir='ltr'><strong>procurante</strong></span> <span class='ocrx_word' id='word_1_58' title='bbox 2073 1682 2358 1748; x_wconf 84' lang='lat' dir='ltr'><strong>Diabolo</strong></span> <span class='ocrx_word' id='word_1_59' title='bbox 2411 1678 2654 1745; x_wconf 83' lang='lat' dir='ltr'><strong>habeat</strong></span> <span class='ocrx_word' id='word_1_60' title='bbox 2705 1676 3040 1741; x_wconf 84' lang='lat' dir='ltr'><strong>infinitam</strong></span> 
     </span>
     <span class='ocr_line' id='line_1_9' title="bbox 598 1782 3038 1872; baseline -0.005 -16"><span class='ocrx_word' id='word_1_61' title='bbox 598 1802 801 1855; x_wconf 73' lang='lat' dir='ltr'><strong>Abeunt</strong></span> <span class='ocrx_word' id='word_1_62' title='bbox 934 1783 1398 1872; x_wconf 77' lang='lat' dir='ltr'><strong>apparentiam.</strong></span> <span class='ocrx_word' id='word_1_63' title='bbox 1492 1782 1583 1849; x_wconf 88' lang='lat' dir='ltr'><strong>Et</strong></span> <span class='ocrx_word' id='word_1_64' title='bbox 1624 1783 1928 1849; x_wconf 88' lang='lat' dir='ltr'><strong>homines</strong></span> <span class='ocrx_word' id='word_1_65' title='bbox 1985 1782 2277 1872; x_wconf 85' lang='lat' dir='ltr'><strong>corrupti</strong></span> <span class='ocrx_word' id='word_1_66' title='bbox 2337 1782 2412 1847; x_wconf 90' lang='lat' dir='ltr'><strong>in</strong></span> <span class='ocrx_word' id='word_1_67' title='bbox 2468 1782 2690 1847; x_wconf 87' lang='lat' dir='ltr'><strong>studio</strong></span> <span class='ocrx_word' id='word_1_68' title='bbox 2748 1800 3038 1846; x_wconf 89' lang='lat' dir='ltr'><strong>corrum-</strong></span> 
     </span>
     <span class='ocr_line' id='line_1_10' title="bbox 593 1871 3042 1989; baseline -0.003 -35"><span class='ocrx_word' id='word_1_69' title='bbox 593 1871 760 1989; x_wconf 52' lang='lat' dir='ltr'><strong>222¹:ss</strong></span> <span class='ocrx_word' id='word_1_70' title='bbox 784 1873 833 1923; x_wconf 63' lang='lat'><strong>²³⁸</strong></span> <span class='ocrx_word' id='word_1_71' title='bbox 934 1894 1187 1975; x_wconf 89' lang='lat' dir='ltr'><strong>puntur</strong></span> <span class='ocrx_word' id='word_1_72' title='bbox 1246 1888 1321 1953; x_wconf 92' lang='lat' dir='ltr'><strong>in</strong></span> <span class='ocrx_word' id='word_1_73' title='bbox 1379 1885 1525 1952; x_wconf 81' lang='lat' dir='ltr'><strong>vita</strong></span> <span class='ocrx_word' id='word_1_74' title='bbox 1578 1885 1661 1952; x_wconf 89' lang='lat' dir='ltr'><strong>de</strong></span> <span class='ocrx_word' id='word_1_75' title='bbox 1712 1885 2119 1963; x_wconf 76' lang='lat' dir='ltr'><strong>necessitate,</strong></span> <span class='ocrx_word' id='word_1_76' title='bbox 2177 1888 2246 1951; x_wconf 90' lang='lat' dir='ltr'><strong>et</strong></span> <span class='ocrx_word' id='word_1_77' title='bbox 2293 1888 2545 1950; x_wconf 85' lang='lat' dir='ltr'><strong>exeunt</strong></span> <span class='ocrx_word' id='word_1_78' title='bbox 2605 1883 2690 1948; x_wconf 82' lang='lat' dir='ltr'><strong>ad</strong></span> <span class='ocrx_word' id='word_1_79' title='bbox 2747 1882 3042 1968; x_wconf 86' lang='lat' dir='ltr'><strong>regimen</strong></span> 
     </span>
     <span class='ocr_line' id='line_1_11' title="bbox 934 1984 3040 2077; baseline -0.004 -20"><span class='ocrx_word' id='word_1_80' title='bbox 934 1990 1217 2057; x_wconf 71' lang='lat' dir='ltr'><strong>ecclesiae</strong></span> <span class='ocrx_word' id='word_1_81' title='bbox 1276 1992 1347 2056; x_wconf 89' lang='lat' dir='ltr'><strong>et</strong></span> <span class='ocrx_word' id='word_1_82' title='bbox 1390 2008 1759 2077; x_wconf 84' lang='lat' dir='ltr'><strong>regnorum,</strong></span> <span class='ocrx_word' id='word_1_83' title='bbox 1827 1993 1897 2055; x_wconf 89' lang='lat' dir='ltr'><strong>et</strong></span> <span class='ocrx_word' id='word_1_84' title='bbox 1952 1992 2250 2075; x_wconf 65' lang='lat' dir='ltr'><strong>praesunt</strong></span> <span class='ocrx_word' id='word_1_85' title='bbox 2309 1986 2594 2054; x_wconf 84' lang='lat' dir='ltr'><strong>consiliis</strong></span> <span class='ocrx_word' id='word_1_86' title='bbox 2651 1984 3040 2072; x_wconf 81' lang='lat' dir='ltr'><strong>principum,</strong></span> 
     </span>
     <span class='ocr_line' id='line_1_12' title="bbox 933 2088 3040 2182; baseline -0.004 -22"><span class='ocrx_word' id='word_1_87' title='bbox 933 2098 1003 2160; x_wconf 89' lang='lat' dir='ltr'><strong>et</strong></span> <span class='ocrx_word' id='word_1_88' title='bbox 1046 2112 1457 2182; x_wconf 85' lang='lat' dir='ltr'><strong>magnorum,</strong></span> <span class='ocrx_word' id='word_1_89' title='bbox 1502 2094 1573 2157; x_wconf 90' lang='lat' dir='ltr'><strong>et</strong></span> <span class='ocrx_word' id='word_1_90' title='bbox 1618 2090 2038 2177; x_wconf 88' lang='lat' dir='ltr'><strong>prelatorum,</strong></span> <span class='ocrx_word' id='word_1_91' title='bbox 2087 2094 2158 2157; x_wconf 88' lang='lat' dir='ltr'><strong>et</strong></span> <span class='ocrx_word' id='word_1_92' title='bbox 2207 2090 2338 2156; x_wconf 86' lang='lat' dir='ltr'><strong>toti</strong></span> <span class='ocrx_word' id='word_1_93' title='bbox 2383 2088 2628 2177; x_wconf 89' lang='lat' dir='ltr'><strong>populo</strong></span> <span class='ocrx_word' id='word_1_94' title='bbox 2675 2088 2994 2153; x_wconf 67' lang='lat' dir='ltr'><strong>laicorum</strong></span> <span class='ocrx_word' id='word_1_95' title='bbox 3021 2112 3040 2167; x_wconf 85' lang='lat'><em>3</em></span> 
     </span>
     <span class='ocr_line' id='line_1_13' title="bbox 934 2189 3042 2283; baseline -0.002 -23"><span class='ocrx_word' id='word_1_96' title='bbox 934 2196 1091 2281; x_wconf 88' lang='lat' dir='ltr'><strong>quia</strong></span> <span class='ocrx_word' id='word_1_97' title='bbox 1148 2198 1408 2283; x_wconf 87' lang='lat' dir='ltr'><strong>oportet</strong></span> <span class='ocrx_word' id='word_1_98' title='bbox 1464 2196 1547 2259; x_wconf 85' lang='lat' dir='ltr'><strong>ut</strong></span> <span class='ocrx_word' id='word_1_99' title='bbox 1608 2192 1822 2279; x_wconf 87' lang='lat' dir='ltr'><strong>qualis</strong></span> <span class='ocrx_word' id='word_1_100' title='bbox 1887 2192 1978 2258; x_wconf 87' lang='lat' dir='ltr'><strong>sit</strong></span> <span class='ocrx_word' id='word_1_101' title='bbox 2033 2194 2230 2257; x_wconf 90' lang='lat' dir='ltr'><strong>homo</strong></span> <span class='ocrx_word' id='word_1_102' title='bbox 2289 2192 2364 2257; x_wconf 91' lang='lat' dir='ltr'><strong>in</strong></span> <span class='ocrx_word' id='word_1_103' title='bbox 2415 2190 2638 2257; x_wconf 80' lang='lat' dir='ltr'><strong>studio</strong></span> <span class='ocrx_word' id='word_1_104' title='bbox 2691 2189 3042 2277; x_wconf 83' lang='lat' dir='ltr'><strong>sapientiae</strong></span> 
     </span>
     <span class='ocr_line' id='line_1_14' title="bbox 934 2292 3042 2385; baseline -0.002 -23"><span class='ocrx_word' id='word_1_105' title='bbox 934 2319 1188 2385; x_wconf 77' lang='lat' dir='ltr'><strong>semper</strong></span> <span class='ocrx_word' id='word_1_106' title='bbox 1245 2298 1401 2362; x_wconf 87' lang='lat' dir='ltr'><strong>talis</strong></span> <span class='ocrx_word' id='word_1_107' title='bbox 1450 2296 1541 2362; x_wconf 89' lang='lat' dir='ltr'><strong>sit</strong></span> <span class='ocrx_word' id='word_1_108' title='bbox 1589 2295 1665 2359; x_wconf 89' lang='lat' dir='ltr'><strong>in</strong></span> <span class='ocrx_word' id='word_1_109' title='bbox 1714 2294 1877 2360; x_wconf 88' lang='lat' dir='ltr'><strong>vita.</strong></span> <span class='ocrx_word' id='word_1_110' title='bbox 1988 2294 2257 2361; x_wconf 88' lang='lat' dir='ltr'><strong>Veritas</strong></span> <span class='ocrx_word' id='word_1_111' title='bbox 2317 2294 2494 2360; x_wconf 91' lang='lat' dir='ltr'><strong>enim</strong></span> <span class='ocrx_word' id='word_1_112' title='bbox 2555 2294 2724 2359; x_wconf 91' lang='lat' dir='ltr'><strong>bene</strong></span> <span class='ocrx_word' id='word_1_113' title='bbox 2779 2292 3042 2379; x_wconf 84' lang='lat' dir='ltr'><strong>cognita</strong></span> 
     </span>
     <span class='ocr_line' id='line_1_15' title="bbox 934 2395 3042 2487; baseline -0.002 -24"><span class='ocrx_word' id='word_1_114' title='bbox 934 2419 1071 2465; x_wconf 90' lang='lat' dir='ltr'><strong>non</strong></span> <span class='ocrx_word' id='word_1_115' title='bbox 1144 2404 1365 2487; x_wconf 90' lang='lat' dir='ltr'><strong>potest</strong></span> <span class='ocrx_word' id='word_1_116' title='bbox 1436 2420 1573 2465; x_wconf 91' lang='lat' dir='ltr'><strong>non</strong></span> <span class='ocrx_word' id='word_1_117' title='bbox 1630 2398 1858 2479; x_wconf 88' lang='lat' dir='ltr'><strong>amari,</strong></span> <span class='ocrx_word' id='word_1_118' title='bbox 1936 2398 2094 2484; x_wconf 91' lang='lat' dir='ltr'><strong>quia</strong></span> <span class='ocrx_word' id='word_1_119' title='bbox 2167 2418 2288 2463; x_wconf 87' lang='lat' dir='ltr'><strong>sua</strong></span> <span class='ocrx_word' id='word_1_120' title='bbox 2361 2395 2851 2483; x_wconf 87' lang='lat' dir='ltr'><strong>pulchritudine</strong></span> <span class='ocrx_word' id='word_1_121' title='bbox 2923 2416 3042 2459; x_wconf 88' lang='lat' dir='ltr'><strong>nos</strong></span> 
     </span>
     <span class='ocr_line' id='line_1_16' title="bbox 934 2494 3042 2587; baseline -0.003 -20"><span class='ocrx_word' id='word_1_122' title='bbox 934 2502 1162 2584; x_wconf 86' lang='lat' dir='ltr'><strong>trahit,</strong></span> <span class='ocrx_word' id='word_1_123' title='bbox 1214 2509 1283 2568; x_wconf 90' lang='lat' dir='ltr'><strong>et</strong></span> <span class='ocrx_word' id='word_1_124' title='bbox 1338 2502 1633 2567; x_wconf 87' lang='lat' dir='ltr'><strong>utilitate</strong></span> <span class='ocrx_word' id='word_1_125' title='bbox 1674 2504 1880 2579; x_wconf 88' lang='lat' dir='ltr'><strong>tenet,</strong></span> <span class='ocrx_word' id='word_1_126' title='bbox 1927 2506 1997 2565; x_wconf 90' lang='lat' dir='ltr'><strong>et</strong></span> <span class='ocrx_word' id='word_1_127' title='bbox 2069 2499 2558 2587; x_wconf 85' lang='lat' dir='ltr'><strong>magnificentia</strong></span> <span class='ocrx_word' id='word_1_128' title='bbox 2629 2498 2819 2585; x_wconf 88' lang='lat' dir='ltr'><strong>cogit.</strong></span> <span class='ocrx_word' id='word_1_129' title='bbox 2911 2494 3042 2563; x_wconf 86' lang='lat' dir='ltr'><strong>Sed</strong></span> 
     </span>
     <span class='ocr_line' id='line_1_17' title="bbox 934 2600 3040 2691; baseline -0.003 -22"><span class='ocrx_word' id='word_1_130' title='bbox 934 2605 1235 2691; x_wconf 90' lang='lat' dir='ltr'><strong>probatio</strong></span> <span class='ocrx_word' id='word_1_131' title='bbox 1296 2603 1665 2670; x_wconf 86' lang='lat' dir='ltr'><strong>dilectionis</strong></span> <span class='ocrx_word' id='word_1_132' title='bbox 1716 2608 1820 2669; x_wconf 87' lang='lat' dir='ltr'><strong>est</strong></span> <span class='ocrx_word' id='word_1_133' title='bbox 1873 2602 2198 2668; x_wconf 85' lang='lat' dir='ltr'><strong>exhibitio</strong></span> <span class='ocrx_word' id='word_1_134' title='bbox 2261 2604 2488 2689; x_wconf 84' lang='lat' dir='ltr'><strong>operis,</strong></span> <span class='ocrx_word' id='word_1_135' title='bbox 2539 2606 2617 2667; x_wconf 84' lang='lat' dir='ltr'><strong>ut</strong></span> <span class='ocrx_word' id='word_1_136' title='bbox 2660 2602 2823 2666; x_wconf 88' lang='lat' dir='ltr'><strong>dicit</strong></span> <span class='ocrx_word' id='word_1_137' title='bbox 2883 2600 3040 2665; x_wconf 85' lang='lat' dir='ltr'><strong>Gre-</strong></span> 
     </span>
     <span class='ocr_line' id='line_1_18' title="bbox 934 2702 3042 2793; baseline -0.002 -21"><span class='ocrx_word' id='word_1_138' title='bbox 934 2709 1197 2793; x_wconf 81' lang='lat' dir='ltr'><strong>gorius3</strong></span> <span class='ocrx_word' id='word_1_139' title='bbox 1228 2706 1245 2743; x_wconf 92' lang='lat'>¹</span> <span class='ocrx_word' id='word_1_140' title='bbox 1312 2712 1383 2773; x_wconf 90' lang='lat' dir='ltr'><strong>et</strong></span> <span class='ocrx_word' id='word_1_141' title='bbox 1425 2706 1573 2771; x_wconf 91' lang='lat' dir='ltr'><strong>ideo</strong></span> <span class='ocrx_word' id='word_1_142' title='bbox 1618 2726 1768 2770; x_wconf 90' lang='lat' dir='ltr'><strong>cum</strong></span> <span class='ocrx_word' id='word_1_143' title='bbox 1829 2710 2086 2770; x_wconf 82' lang='lat' dir='ltr'><strong>tantam</strong></span> <span class='ocrx_word' id='word_1_144' title='bbox 2133 2705 2614 2791; x_wconf 86' lang='lat' dir='ltr'><strong>corruptionem</strong></span> <span class='ocrx_word' id='word_1_145' title='bbox 2660 2704 2822 2769; x_wconf 84' lang='lat' dir='ltr'><strong>vitae</strong></span> <span class='ocrx_word' id='word_1_146' title='bbox 2867 2702 3042 2768; x_wconf 88' lang='lat' dir='ltr'><strong>vide-</strong></span> 
     </span>
     <span class='ocr_line' id='line_1_19' title="bbox 934 2804 3042 2894; baseline -0.001 -23"><span class='ocrx_word' id='word_1_147' title='bbox 934 2828 1081 2872; x_wconf 88' lang='lat' dir='ltr'><strong>mus</strong></span> <span class='ocrx_word' id='word_1_148' title='bbox 1156 2808 1416 2894; x_wconf 89' lang='lat' dir='ltr'><strong>ubique‚</strong></span> <span class='ocrx_word' id='word_1_149' title='bbox 1484 2814 1554 2873; x_wconf 91' lang='lat' dir='ltr'><strong>et</strong></span> <span class='ocrx_word' id='word_1_150' title='bbox 1596 2807 1886 2872; x_wconf 75' lang='lat' dir='ltr'><strong>maxime</strong></span> <span class='ocrx_word' id='word_1_151' title='bbox 1931 2806 2006 2871; x_wconf 92' lang='lat' dir='ltr'><strong>in</strong></span> <span class='ocrx_word' id='word_1_152' title='bbox 2051 2807 2314 2888; x_wconf 89' lang='lat' dir='ltr'><strong>clericis,</strong></span> <span class='ocrx_word' id='word_1_153' title='bbox 2388 2826 2648 2873; x_wconf 87' lang='lat' dir='ltr'><strong>necesse</strong></span> <span class='ocrx_word' id='word_1_154' title='bbox 2715 2810 2816 2871; x_wconf 55' lang='lat' dir='ltr'><strong>ost</strong></span> <span class='ocrx_word' id='word_1_155' title='bbox 2867 2804 3042 2892; x_wconf 89' lang='lat' dir='ltr'><strong>quod</strong></span> 
     </span>
     <span class='ocr_line' id='line_1_20' title="bbox 934 2907 3045 2996; baseline -0.001 -22"><span class='ocrx_word' id='word_1_156' title='bbox 934 2931 1159 2974; x_wconf 87' lang='lat' dir='ltr'><strong>eorum</strong></span> <span class='ocrx_word' id='word_1_157' title='bbox 1232 2909 1529 2976; x_wconf 88' lang='lat' dir='ltr'><strong>studium</strong></span> <span class='ocrx_word' id='word_1_158' title='bbox 1606 2911 1695 2976; x_wconf 89' lang='lat' dir='ltr'><strong>sit</strong></span> <span class='ocrx_word' id='word_1_159' title='bbox 1754 2915 2154 2996; x_wconf 88' lang='lat' dir='ltr'><strong>corruptum.</strong></span> <span class='ocrx_word' id='word_1_160' title='bbox 2309 2909 2504 2990; x_wconf 80' lang='lat' dir='ltr'><strong>Quod</strong></span> <span class='ocrx_word' id='word_1_161' title='bbox 2563 2907 3045 2974; x_wconf 83' lang='lat' dir='ltr'><strong>considerantes</strong></span> 
     </span>
     <span class='ocr_line' id='line_1_21' title="bbox 934 3011 3046 3098; baseline -0.001 -22"><span class='ocrx_word' id='word_1_162' title='bbox 934 3012 1131 3076; x_wconf 90' lang='lat' dir='ltr'><strong>multi</strong></span> <span class='ocrx_word' id='word_1_163' title='bbox 1184 3011 1513 3098; x_wconf 88' lang='lat' dir='ltr'><strong>sapientes</strong></span> <span class='ocrx_word' id='word_1_164' title='bbox 1572 3015 1640 3077; x_wconf 91' lang='lat' dir='ltr'><strong>et</strong></span> <span class='ocrx_word' id='word_1_165' title='bbox 1688 3013 2106 3078; x_wconf 84' lang='lat' dir='ltr'><strong>revolventes</strong></span> <span class='ocrx_word' id='word_1_166' title='bbox 2165 3012 2458 3077; x_wconf 83' lang='lat' dir='ltr'><strong>divinam</strong></span> <span class='ocrx_word' id='word_1_167' title='bbox 2503 3011 2912 3098; x_wconf 82' lang='lat' dir='ltr'><strong>sapientiam,</strong></span> <span class='ocrx_word' id='word_1_168' title='bbox 2975 3015 3046 3074; x_wconf 90' lang='lat' dir='ltr'><strong>et</strong></span> 
     </span>
     <span class='ocr_line' id='line_1_22' title="bbox 934 3113 3044 3200; baseline -0.001 -20"><span class='ocrx_word' id='word_1_169' title='bbox 934 3113 1243 3180; x_wconf 82' lang='lat' dir='ltr'><strong>scientias</strong></span> <span class='ocrx_word' id='word_1_170' title='bbox 1303 3117 1699 3194; x_wconf 90' lang='lat' dir='ltr'><strong>sanctorum,</strong></span> <span class='ocrx_word' id='word_1_171' title='bbox 1746 3120 1816 3180; x_wconf 90' lang='lat' dir='ltr'><strong>et</strong></span> <span class='ocrx_word' id='word_1_172' title='bbox 1879 3115 2198 3181; x_wconf 82' lang='lat' dir='ltr'><strong>veritates</strong></span> <span class='ocrx_word' id='word_1_173' title='bbox 2263 3113 2704 3190; x_wconf 81' lang='lat' dir='ltr'><strong>historiarum,</strong></span> <span class='ocrx_word' id='word_1_174' title='bbox 2768 3119 2838 3178; x_wconf 91' lang='lat' dir='ltr'><strong>et</strong></span> <span class='ocrx_word' id='word_1_175' title='bbox 2897 3134 3044 3200; x_wconf 89' lang='lat' dir='ltr'><strong>pro-</strong></span> 
     </span>
     <span class='ocr_line' id='line_1_23' title="bbox 934 3215 3046 3304; baseline -0.001 -22"><span class='ocrx_word' id='word_1_176' title='bbox 934 3217 1193 3304; x_wconf 88' lang='lat' dir='ltr'><strong>phetias</strong></span> <span class='ocrx_word' id='word_1_177' title='bbox 1275 3237 1411 3282; x_wconf 89' lang='lat' dir='ltr'><strong>non</strong></span> <span class='ocrx_word' id='word_1_178' title='bbox 1510 3217 1721 3282; x_wconf 87' lang='lat' dir='ltr'><strong>solum</strong></span> <span class='ocrx_word' id='word_1_179' title='bbox 1809 3238 2022 3282; x_wconf 84' lang='lat' dir='ltr'><strong>sacras</strong></span> <span class='ocrx_word' id='word_1_180' title='bbox 2096 3217 2212 3283; x_wconf 88' lang='lat' dir='ltr'><strong>sed</strong></span> <span class='ocrx_word' id='word_1_181' title='bbox 2285 3217 2596 3295; x_wconf 79' lang='lat' dir='ltr'><strong>salubres,</strong></span> <span class='ocrx_word' id='word_1_182' title='bbox 2673 3219 2754 3281; x_wconf 90' lang='lat' dir='ltr'><strong>ut</strong></span> <span class='ocrx_word' id='word_1_183' title='bbox 2829 3215 3046 3302; x_wconf 86' lang='lat' dir='ltr'><strong>Sybil-</strong></span> 
     </span>
     <span class='ocr_line' id='line_1_24' title="bbox 934 3317 3045 3402; baseline -0 -19"><span class='ocrx_word' id='word_1_184' title='bbox 934 3319 1163 3398; x_wconf 87' lang='lat' dir='ltr'><strong>larum,</strong></span> <span class='ocrx_word' id='word_1_185' title='bbox 1214 3317 1498 3396; x_wconf 87' lang='lat' dir='ltr'><strong>Merlini,</strong></span> <span class='ocrx_word' id='word_1_186' title='bbox 1543 3318 1824 3402; x_wconf 83' lang='lat' dir='ltr'><strong>Aquilae,</strong></span> <span class='ocrx_word' id='word_1_187' title='bbox 1875 3318 2196 3400; x_wconf 87' lang='lat' dir='ltr'><strong>Festonis,</strong></span> <span class='ocrx_word' id='word_1_188' title='bbox 2243 3324 2313 3384; x_wconf 91' lang='lat' dir='ltr'><strong>et</strong></span> <span class='ocrx_word' id='word_1_189' title='bbox 2355 3319 2714 3384; x_wconf 90' lang='lat' dir='ltr'><strong>multorum</strong></span> <span class='ocrx_word' id='word_1_190' title='bbox 2766 3318 3045 3383; x_wconf 88' lang='lat' dir='ltr'><strong>aliorum</strong></span> 
     </span>
     <span class='ocr_line' id='line_1_25' title="bbox 934 3420 3049 3510; baseline -0.002 -22"><span class='ocrx_word' id='word_1_191' title='bbox 934 3423 1327 3510; x_wconf 88' lang='lat' dir='ltr'><strong>sapientum,</strong></span> <span class='ocrx_word' id='word_1_192' title='bbox 1382 3420 1806 3488; x_wconf 71' lang='lat' dir='ltr'><strong>aestixnabant</strong></span> <span class='ocrx_word' id='word_1_193' title='bbox 1849 3421 2026 3506; x_wconf 88' lang='lat' dir='ltr'><strong>quod</strong></span> <span class='ocrx_word' id='word_1_194' title='bbox 2091 3421 2196 3486; x_wconf 89' lang='lat' dir='ltr'><strong>his</strong></span> <span class='ocrx_word' id='word_1_195' title='bbox 2259 3421 2661 3508; x_wconf 88' lang='lat' dir='ltr'><strong>temporibus</strong></span> <span class='ocrx_word' id='word_1_196' title='bbox 2718 3421 3049 3486; x_wconf 80' lang='lat' dir='ltr'><strong>instarent</strong></span> 
     </span>
     <span class='ocr_line' id='line_1_26' title="bbox 936 3521 3047 3611; baseline -0.001 -21"><span class='ocrx_word' id='word_1_197' title='bbox 936 3525 1075 3591; x_wconf 89' lang='lat' dir='ltr'><strong>dies</strong></span> <span class='ocrx_word' id='word_1_198' title='bbox 1149 3523 1563 3590; x_wconf 85' lang='lat' dir='ltr'><strong>Antichristi.</strong></span> <span class='ocrx_word' id='word_1_199' title='bbox 1702 3521 1922 3603; x_wconf 83' lang='lat' dir='ltr'><strong>Quare</strong></span> <span class='ocrx_word' id='word_1_200' title='bbox 2001 3543 2260 3591; x_wconf 89' lang='lat' dir='ltr'><strong>necesse</strong></span> <span class='ocrx_word' id='word_1_201' title='bbox 2327 3529 2432 3590; x_wconf 85' lang='lat' dir='ltr'><strong>est</strong></span> <span class='ocrx_word' id='word_1_202' title='bbox 2491 3529 2572 3590; x_wconf 88' lang='lat' dir='ltr'><strong>ut</strong></span> <span class='ocrx_word' id='word_1_203' title='bbox 2645 3523 3047 3611; x_wconf 79' lang='lat' dir='ltr'><strong>exstirpetur</strong></span> 
     </span>
     <span class='ocr_line' id='line_1_27' title="bbox 936 3625 3046 3714; baseline -0 -22"><span class='ocrx_word' id='word_1_204' title='bbox 936 3626 1209 3707; x_wconf 88' lang='lat' dir='ltr'><strong>malitia,</strong></span> <span class='ocrx_word' id='word_1_205' title='bbox 1257 3630 1327 3691; x_wconf 93' lang='lat' dir='ltr'><strong>et</strong></span> <span class='ocrx_word' id='word_1_206' title='bbox 1370 3631 1731 3713; x_wconf 83' lang='lat' dir='ltr'><strong>appareant</strong></span> <span class='ocrx_word' id='word_1_207' title='bbox 1795 3625 1987 3691; x_wconf 87' lang='lat' dir='ltr'><strong>electi</strong></span> <span class='ocrx_word' id='word_1_208' title='bbox 2033 3625 2206 3709; x_wconf 76' lang='lat' dir='ltr'><strong>Dei3</strong></span> <span class='ocrx_word' id='word_1_209' title='bbox 2272 3631 2392 3690; x_wconf 91' lang='lat' dir='ltr'><strong>aut</strong></span> <span class='ocrx_word' id='word_1_210' title='bbox 2452 3627 2812 3714; x_wconf 82' lang='lat' dir='ltr'><strong>praeveniet</strong></span> <span class='ocrx_word' id='word_1_211' title='bbox 2871 3647 3046 3691; x_wconf 88' lang='lat' dir='ltr'><strong>unus</strong></span> 
     </span>
     <span class='ocr_line' id='line_1_28' title="bbox 938 3727 3046 3814; baseline 0 -21"><span class='ocrx_word' id='word_1_212' title='bbox 938 3728 1354 3794; x_wconf 86' lang='lat' dir='ltr'><strong>beatissimus</strong></span> <span class='ocrx_word' id='word_1_213' title='bbox 1426 3747 1613 3814; x_wconf 87' lang='lat' dir='ltr'><strong>papa,</strong></span> <span class='ocrx_word' id='word_1_214' title='bbox 1686 3727 1802 3813; x_wconf 87' lang='lat' dir='ltr'><strong>qui</strong></span> <span class='ocrx_word' id='word_1_215' title='bbox 1877 3747 2102 3793; x_wconf 90' lang='lat' dir='ltr'><strong>omnes</strong></span> <span class='ocrx_word' id='word_1_216' title='bbox 2177 3728 2625 3814; x_wconf 88' lang='lat' dir='ltr'><strong>corruptiones</strong></span> <span class='ocrx_word' id='word_1_217' title='bbox 2697 3727 2890 3794; x_wconf 84' lang='lat' dir='ltr'><strong>tollet</strong></span> <span class='ocrx_word' id='word_1_218' title='bbox 2963 3728 3046 3794; x_wconf 91' lang='lat' dir='ltr'><strong>de</strong></span> 
     </span>
     <span class='ocr_line' id='line_1_29' title="bbox 937 3829 3050 3911; baseline 0.001 -18"><span class='ocrx_word' id='word_1_219' title='bbox 937 3829 1175 3908; x_wconf 85' lang='lat' dir='ltr'><strong>studi0,</strong></span> <span class='ocrx_word' id='word_1_220' title='bbox 1209 3833 1279 3894; x_wconf 91' lang='lat' dir='ltr'><strong>et</strong></span> <span class='ocrx_word' id='word_1_221' title='bbox 1324 3829 1604 3909; x_wconf 88' lang='lat' dir='ltr'><strong>ecclesia,</strong></span> <span class='ocrx_word' id='word_1_222' title='bbox 1638 3835 1708 3894; x_wconf 92' lang='lat' dir='ltr'><strong>et</strong></span> <span class='ocrx_word' id='word_1_223' title='bbox 1767 3831 2039 3911; x_wconf 68' lang='lat' dir='ltr'><strong>caeteris,</strong></span> <span class='ocrx_word' id='word_1_224' title='bbox 2093 3833 2164 3895; x_wconf 91' lang='lat' dir='ltr'><strong>et</strong></span> <span class='ocrx_word' id='word_1_225' title='bbox 2213 3834 2570 3896; x_wconf 87' lang='lat' dir='ltr'><strong>renovetur</strong></span> <span class='ocrx_word' id='word_1_226' title='bbox 2619 3829 2924 3910; x_wconf 88' lang='lat' dir='ltr'><strong>mundus,</strong></span> <span class='ocrx_word' id='word_1_227' title='bbox 2979 3835 3050 3896; x_wconf 88' lang='lat' dir='ltr'><strong>et</strong></span> 
     </span>
     <span class='ocr_line' id='line_1_30' title="bbox 936 3929 3046 4020; baseline 0.002 -26"><span class='ocrx_word' id='word_1_228' title='bbox 936 3930 1143 3994; x_wconf 90' lang='lat' dir='ltr'><strong>intret</strong></span> <span class='ocrx_word' id='word_1_229' title='bbox 1201 3929 1544 4015; x_wconf 89' lang='lat' dir='ltr'><strong>plenitudo</strong></span> <span class='ocrx_word' id='word_1_230' title='bbox 1616 3931 1938 4016; x_wconf 89' lang='lat' dir='ltr'><strong>gentium,</strong></span> <span class='ocrx_word' id='word_1_231' title='bbox 1986 3937 2056 3997; x_wconf 87' lang='lat' dir='ltr'><strong>et</strong></span> <span class='ocrx_word' id='word_1_232' title='bbox 2099 3930 2392 4020; x_wconf 83' lang='lat' dir='ltr'><strong>reliquiae</strong></span> <span class='ocrx_word' id='word_1_233' title='bbox 2453 3932 2657 3998; x_wconf 90' lang='lat' dir='ltr'><strong>Israel</strong></span> <span class='ocrx_word' id='word_1_234' title='bbox 2701 3932 2788 3997; x_wconf 88' lang='lat' dir='ltr'><strong>ad</strong></span> <span class='ocrx_word' id='word_1_235' title='bbox 2847 3931 3046 3998; x_wconf 89' lang='lat' dir='ltr'><strong>fidem</strong></span> 
     </span>
     <span class='ocr_line' id='line_1_31' title="bbox 938 4031 3051 4120; baseline 0.001 -23"><span class='ocrx_word' id='word_1_236' title='bbox 938 4035 1425 4097; x_wconf 87' lang='lat' dir='ltr'><strong>convertantur.</strong></span> <span class='ocrx_word' id='word_1_237' title='bbox 1548 4031 1878 4112; x_wconf 80' lang='lat' dir='ltr'><strong>Quoniam</strong></span> <span class='ocrx_word' id='word_1_238' title='bbox 1954 4034 2311 4120; x_wconf 87' lang='lat' dir='ltr'><strong>Apostolus</strong></span> <span class='ocrx_word' id='word_1_239' title='bbox 2383 4035 2732 4100; x_wconf 89' lang='lat' dir='ltr'><strong>constituit</strong></span> <span class='ocrx_word' id='word_1_240' title='bbox 2795 4033 2842 4099; x_wconf 84' lang='lat' dir='ltr'><strong>J</strong></span> <span class='ocrx_word' id='word_1_241' title='bbox 2845 4035 3051 4100; x_wconf 82' lang='lat' dir='ltr'><strong>udaeis</strong></span> 
     </span>
     <span class='ocr_line' id='line_1_32' title="bbox 938 4130 3048 4223; baseline 0 -23"><span class='ocrx_word' id='word_1_242' title='bbox 938 4130 1363 4200; x_wconf 87' lang='lat' dir='ltr'><strong>convertendi</strong></span> <span class='ocrx_word' id='word_1_243' title='bbox 1421 4133 1778 4198; x_wconf 88' lang='lat' dir='ltr'><strong>terminum</strong></span> <span class='ocrx_word' id='word_1_244' title='bbox 1821 4135 1894 4198; x_wconf 92' lang='lat' dir='ltr'><strong>in</strong></span> <span class='ocrx_word' id='word_1_245' title='bbox 1953 4137 2372 4201; x_wconf 88' lang='lat' dir='ltr'><strong>conversione</strong></span> <span class='ocrx_word' id='word_1_246' title='bbox 2416 4135 2845 4223; x_wconf 87' lang='lat' dir='ltr'><strong>plenitudinis</strong></span> <span class='ocrx_word' id='word_1_247' title='bbox 2891 4157 3048 4222; x_wconf 87' lang='lat' dir='ltr'><strong>gen-</strong></span> 
     </span>
     <span class='ocr_line' id='line_1_33' title="bbox 941 4235 3052 4326; baseline 0.001 -24"><span class='ocrx_word' id='word_1_248' title='bbox 941 4237 1129 4315; x_wconf 90' lang='lat' dir='ltr'><strong>tium,</strong></span> <span class='ocrx_word' id='word_1_249' title='bbox 1182 4237 1404 4302; x_wconf 87' lang='lat' dir='ltr'><strong>dicens</strong></span> <span class='ocrx_word' id='word_1_250' title='bbox 1464 4236 1551 4301; x_wconf 94' lang='lat' dir='ltr'><strong>ad</strong></span> <span class='ocrx_word' id='word_1_251' title='bbox 1596 4235 1935 4302; x_wconf 87' lang='lat' dir='ltr'><strong>Romanos</strong></span> <span class='ocrx_word' id='word_1_252' title='bbox 1989 4238 2079 4304; x_wconf 85' lang='lat' dir='ltr'><strong>xi.</strong></span> <span class='ocrx_word' id='word_1_253' title='bbox 2135 4237 2354 4326; x_wconf 85' lang='lat'>[25.]:</span> <span class='ocrx_word' id='word_1_254' title='bbox 2427 4237 2654 4304; x_wconf 86' lang='lat' dir='ltr'><strong>“Cum</strong></span> <span class='ocrx_word' id='word_1_255' title='bbox 2699 4238 3052 4304; x_wconf 88' lang='lat' dir='ltr'><strong>intraverit</strong></span> 
     </span>
     <span class='ocr_line' id='line_1_34' title="bbox 944 4338 3050 4426; baseline 0 -22"><span class='ocrx_word' id='word_1_256' title='bbox 944 4345 981 4376; x_wconf 82' lang='lat'><strong>‘⁸</strong></span> <span class='ocrx_word' id='word_1_257' title='bbox 1025 4339 1367 4426; x_wconf 88' lang='lat' dir='ltr'><strong>plenitudo</strong></span> <span class='ocrx_word' id='word_1_258' title='bbox 1433 4339 1752 4426; x_wconf 86' lang='lat' dir='ltr'><strong>gentium,</strong></span> <span class='ocrx_word' id='word_1_259' title='bbox 1816 4346 1976 4404; x_wconf 87' lang='lat' dir='ltr'><strong>tunc</strong></span> <span class='ocrx_word' id='word_1_260' title='bbox 2041 4339 2334 4426; x_wconf 72' lang='lat' dir='ltr'><strong>reliquiae</strong></span> <span class='ocrx_word' id='word_1_261' title='bbox 2399 4340 2603 4406; x_wconf 89' lang='lat' dir='ltr'><strong>Israel</strong></span> <span class='ocrx_word' id='word_1_262' title='bbox 2663 4338 3050 4406; x_wconf 77' lang='lat' dir='ltr'><strong>salvifient.”</strong></span> 
     </span>
     <span class='ocr_line' id='line_1_35' title="bbox 944 4440 3054 4528; baseline -0 -21"><span class='ocrx_word' id='word_1_263' title='bbox 944 4443 1035 4508; x_wconf 90' lang='lat' dir='ltr'><strong>Et</strong></span> <span class='ocrx_word' id='word_1_264' title='bbox 1094 4447 1268 4508; x_wconf 89' lang='lat' dir='ltr'><strong>certe</strong></span> <span class='ocrx_word' id='word_1_265' title='bbox 1315 4440 1469 4507; x_wconf 91' lang='lat' dir='ltr'><strong>licet</strong></span> <span class='ocrx_word' id='word_1_266' title='bbox 1512 4442 1830 4528; x_wconf 86' lang='lat' dir='ltr'><strong>scriptum</strong></span> <span class='ocrx_word' id='word_1_267' title='bbox 1879 4442 1986 4520; x_wconf 89' lang='lat' dir='ltr'><strong>sit,</strong></span> <span class='ocrx_word' id='word_1_268' title='bbox 2035 4450 2071 4476; x_wconf 91' lang='grc'><strong>“</strong></span> <span class='ocrx_word' id='word_1_269' title='bbox 2099 4443 2181 4507; x_wconf 91' lang='lat' dir='ltr'><strong>In</strong></span> <span class='ocrx_word' id='word_1_270' title='bbox 2233 4463 2486 4508; x_wconf 90' lang='lat' dir='ltr'><strong>omnem</strong></span> <span class='ocrx_word' id='word_1_271' title='bbox 2543 4447 2786 4508; x_wconf 87' lang='lat' dir='ltr'><strong>terram</strong></span> <span class='ocrx_word' id='word_1_272' title='bbox 2837 4443 3054 4508; x_wconf 79' lang='lat' dir='ltr'><strong>exivit</strong></span> 
     </span>
     <span class='ocr_line' id='line_1_36' title="bbox 946 4543 3052 4632; baseline -0 -21"><span class='ocrx_word' id='word_1_273' title='bbox 946 4551 982 4582; x_wconf 89' lang='lat'>“</span> <span class='ocrx_word' id='word_1_274' title='bbox 1013 4565 1207 4612; x_wconf 86' lang='lat' dir='ltr'><strong>sonus</strong></span> <span class='ocrx_word' id='word_1_275' title='bbox 1253 4543 1572 4626; x_wconf 76' lang='lat' dir='ltr'><strong>eorum,&#39;’²</strong></span> <span class='ocrx_word' id='word_1_276' title='bbox 1602 4545 1731 4623; x_wconf 65' lang='grc' dir='ltr'><strong>δῖα,</strong></span> <span class='ocrx_word' id='word_1_277' title='bbox 1779 4549 1847 4608; x_wconf 89' lang='lat' dir='ltr'><strong>et</strong></span> <span class='ocrx_word' id='word_1_278' title='bbox 1886 4543 2234 4610; x_wconf 88' lang='lat' dir='ltr'><strong>recitatum</strong></span> <span class='ocrx_word' id='word_1_279' title='bbox 2275 4544 2363 4609; x_wconf 89' lang='lat' dir='ltr'><strong>ab</strong></span> <span class='ocrx_word' id='word_1_280' title='bbox 2389 4545 2724 4632; x_wconf 88' lang='lat' dir='ltr'><strong>Apostolo,</strong></span> <span class='ocrx_word' id='word_1_281' title='bbox 2757 4545 3052 4610; x_wconf 80' lang='lat' dir='ltr'><strong>nondum</strong></span> 
     </span>
    </p>
   </div>
   <div class='ocr_carea' id='block_1_3' title="bbox 2436 4697 2910 4706">
    <p class='ocr_par' dir='ltr' id='par_1_3' title="bbox 2436 4697 2910 4706">
     <span class='ocr_line' id='line_1_37' title="bbox 2436 4697 2910 4706; baseline 0 1044"><span class='ocrx_word' id='word_1_282' title='bbox 2436 4697 2910 4706; x_wconf 95' lang='lat' dir='ltr'><strong> </strong></span> 
     </span>
    </p>
   </div>
   <div class='ocr_carea' id='block_1_4' title="bbox 1014 4773 2896 4844">
    <p class='ocr_par' dir='ltr' id='par_1_4' title="bbox 1014 4773 2896 4844">
     <span class='ocr_line' id='line_1_38' title="bbox 1014 4773 2896 4844; baseline -0.002 -17"><span class='ocrx_word' id='word_1_283' title='bbox 1014 4779 1027 4808; x_wconf 78' lang='lat'>⁸</span> <span class='ocrx_word' id='word_1_284' title='bbox 1059 4775 1349 4842; x_wconf 70' lang='lat' dir='ltr'><strong>Greyorius]</strong></span> <span class='ocrx_word' id='word_1_285' title='bbox 1399 4775 1549 4825; x_wconf 83' lang='lat' dir='ltr'><strong>Hom.</strong></span> <span class='ocrx_word' id='word_1_286' title='bbox 1571 4775 1623 4825; x_wconf 88' lang='lat' dir='ltr'><strong>in</strong></span> <span class='ocrx_word' id='word_1_287' title='bbox 1644 4775 1842 4840; x_wconf 81' lang='lat' dir='ltr'><strong>Evang.</strong></span> <span class='ocrx_word' id='word_1_288' title='bbox 1861 4773 1912 4826; x_wconf 78' lang='lat' dir='ltr'><strong>ii.</strong></span> <span class='ocrx_word' id='word_1_289' title='bbox 1937 4781 2016 4826; x_wconf 87' lang='lat'><strong>30.</strong></span> <span class='ocrx_word' id='word_1_290' title='bbox 2051 4773 2064 4844; x_wconf 80' lang='grc' dir='ltr'>Ι</span> <span class='ocrx_word' id='word_1_291' title='bbox 2153 4775 2174 4806; x_wconf 82' lang='lat'>²</span> <span class='ocrx_word' id='word_1_292' title='bbox 2191 4791 2338 4825; x_wconf 69' lang='lat' dir='ltr'><strong>sonus</strong></span> <span class='ocrx_word' id='word_1_293' title='bbox 2359 4773 2543 4842; x_wconf 77' lang='lat' dir='ltr'><strong>eornm]</strong></span> <span class='ocrx_word' id='word_1_294' title='bbox 2570 4775 2715 4825; x_wconf 86' lang='lat' dir='ltr'><strong>Rom.</strong></span> <span class='ocrx_word' id='word_1_295' title='bbox 2739 4789 2791 4826; x_wconf 81' lang='lat' dir='ltr'><strong>x.</strong></span> <span class='ocrx_word' id='word_1_296' title='bbox 2823 4779 2896 4826; x_wconf 82' lang='lat'><strong>18.</strong></span> 
     </span>
    </p>
   </div>
  </div>
 </body>
</html>
