3517 5750
859 820 891 883 1
904 816 989 881 92
1620 826 1878 877 noscat
1925 826 2218 877 mcoms
2777 815 2948 901 [cu.

514 1010 647 1061 from
669 1010 756 1061 the
852 1003 1115 1088 poralia,
1164 1022 1315 1088 quas
1360 1004 1485 1068 sub
1528 1008 1822 1089 tempore
1865 1001 2130 1067 cadunt.
2254 1002 2344 1067 Et
2386 1002 2536 1067 ideo
2580 1002 2950 1089 spiritualia

514 1077 791 1195 5393&
850 1110 919 1171 et
992 1105 1446 1192 permanentia
1506 1107 1577 1171 in
1652 1126 1772 1171 suo
1845 1127 1984 1171 esse
2059 1106 2438 1171 invariabili
2515 1126 2652 1172 non
2749 1107 2953 1192 perci-

518 1210 629 1262 πίει.
851 1207 1069 1295 pimus
1154 1208 1365 1295 primo
1442 1208 1683 1274 mentis
1760 1208 2032 1287 intuitu,
2109 1228 2228 1273 nec
2271 1207 2492 1293 aliquo
2555 1208 2768 1287 modo,
2821 1208 2952 1273 nisi

852 1312 1117 1397 quando
1182 1311 1698 1379 abstraxerimus
1756 1311 2052 1376 animum
2099 1331 2140 1375 a
2183 1310 2630 1397 corporalibus
2671 1316 2742 1377 et
2785 1316 2950 1377 tem-

852 1414 1199 1500 poralibuS,
1268 1419 1339 1479 et
1398 1413 1896 1479 transiverimus
1960 1413 2109 1479 haec.
2203 1412 2337 1479 Sed
2404 1419 2564 1479 tunc
2627 1419 2950 1499 quantum

852 1521 957 1581 est
1030 1516 1110 1581 de
1168 1521 1497 1603 potestate
1564 1516 1944 1582 intellectus
1987 1516 2220 1597 nostri,
2269 1515 2410 1581 sine
2472 1516 2738 1603 speciali
2801 1518 2950 1583 illu-

854 1620 1216 1685 minatione
1276 1640 1413 1685 11011
1480 1640 1822 1704 possumus
1915 1618 2286 1706 intelligere
2359 1618 2755 1704 hujusmodi,
2825 1622 2950 1685 nisi

852 1744 971 1808 per
1012 1722 1451 1807 privationem
1510 1722 1946 1809 corporalium
2009 1728 2080 1787 et
2143 1720 2620 1808 temporalium,
2695 1728 2765 1787 et
2819 1744 2954 1789 non

853 1846 971 1911 per
1034 1823 1441 1911 positionem.
1576 1823 1669 1889 Et
1750 1823 1902 1889 ideo
1987 1845 2138 1889 cum
2219 1844 2477 1891 summa
2565 1822 2952 1891 difficultate

853 1926 1245 2013 percipimus
1320 1947 1458 1991 esse
1520 1924 1968 2011 spiritualium
2033 1930 2102 1991 et
2165 1926 2711 2013 permanentium,
2779 1929 2954 2013 quod

853 2031 1269 2095 mensuratur
1326 2050 1473 2094 aevo
1516 2026 1913 2095 indivisibili
1957 2034 2026 2093 et
2070 2029 2478 2115 impartibili.
2595 2028 2672 2095 Si
2731 2036 2953 2097 tamen

855 2132 1135 2197 velimus
1196 2130 1385 2217 sequi
1446 2130 1878 2217 philosophiae
1946 2130 2318 2211 veritatem,
2373 2136 2442 2197 et
2497 2136 2756 2198 sanctos
2819 2151 2955 2197 ma-

848 2233 1041 2319 jores,
1110 2238 1182 2299 et
1256 2254 1582 2300 sermones
1652 2232 1960 2319 vulgatos
2025 2254 2368 2319 exponere,
2423 2234 2715 2300 dicemus
2782 2235 2954 2321 quod

860 2336 1217 2402 secundum
1276 2358 1345 2401 se
1408 2358 1545 2402 non
1599 2340 1701 2401 est
1754 2335 2180 2401 divisibilitas
2239 2338 2311 2400 in
2371 2358 2532 2417 seve,
2575 2338 2691 2402 sed
2737 2342 2955 2404 totum

860 2438 1057 2505 simul
1102 2442 1243 2518 est;
1316 2438 1475 2524 quia
1548 2459 1687 2503 esse
1760 2458 2151 2524 pennanens
2219 2444 2320 2503 est
2396 2460 2512 2524 per
2585 2442 2954 2525 oppositum

528 2553 659 2605 now
679 2556 766 2607 the
861 2540 951 2607 ad
1058 2542 1543 2607 successionem.
1678 2540 1752 2606 Si
1843 2546 2071 2605 tamen
2179 2540 2626 2607 consideretur
2737 2564 2955 2609 aevum

524 2621 775 2738 pssbjtgegipn
861 2649 1161 2731 respectu
1234 2644 1563 2729 temporis,
1640 2643 1733 2708 sic
1806 2643 2166 2708 secundum
2253 2644 2652 2710 locutionem
2727 2645 2960 2711 damus

528 2754 713 2806 solved.
862 2747 923 2811 ei
1013 2746 1559 2825 divisibilitatem‚
1648 2746 2009 2812 secundum
2098 2745 2278 2831 quod
2389 2750 2648 2833 tempus
2756 2746 2959 2813 habet

863 2849 1045 2934 prius
1110 2853 1180 2914 et
1248 2847 1611 2934 posterius;
1682 2852 1751 2914 et
1817 2848 1912 2914 sic
1975 2847 2254 2915 dicimus
2316 2848 2495 2935 quod
2561 2850 2786 2916 anima
2847 2872 2962 2937 pa·

861 2951 987 3015 tris
1059 2956 1159 3016 est
1233 2951 1431 3037 prius,
1493 2971 1695 3036 quam
1769 2952 1992 3016 anima
2051 2949 2190 3030 filii,
2237 2957 2508 3038 propter
2573 2953 2961 3019 distantiam

865 3053 1311 3140 temporalem,
1386 3057 1457 3118 et
1530 3053 1928 3140 principium
2002 3053 2238 3120 mundi
2313 3058 2417 3120 est
2502 3055 2686 3141 prius
2759 3077 2959 3141 quam

862 3156 1108 3220 creatio
1180 3154 1455 3240 alicujus
1499 3155 1573 3220 in
1630 3155 1764 3220 fine
1837 3156 2090 3221 mundi.
2210 3155 2344 3222 Sed
2417 3156 2476 3222 si
2547 3157 2963 3223 absolvamus

864 3279 1085 3324 aevum
1146 3280 1189 3322 a
1264 3258 1747 3344 comparatione
1823 3258 1966 3344 ejus
2047 3258 2136 3323 ad
2219 3263 2496 3346 tempus,
2583 3263 2744 3324 tunc
2827 3281 2962 3324 non

866 3364 967 3426 est
1010 3360 1237 3426 anima
1298 3360 1507 3448 patris
1574 3361 1755 3446 prior
1817 3359 2040 3424 anima
2081 3359 2228 3440 filii,
2270 3361 2386 3427 sed
2429 3361 2644 3438 simul,
2713 3363 2822 3426 vel
2889 3362 2962 3426 in

864 3465 1091 3529 eodem
1154 3485 1299 3531 aevo
1376 3467 1539 3542 tote,
1615 3459 1774 3527 licet
1847 3467 2175 3547 quantum
2219 3463 2306 3528 ad
2349 3468 2612 3549 tempus
2668 3464 2958 3528 conside-

864 3571 1085 3631 ratum
1130 3565 1305 3630 inter
1358 3565 1521 3630 duas
1565 3565 1928 3629 creationes
1989 3564 2080 3628 sit
2141 3565 2237 3630 ibi
2281 3565 2464 3650 prius
2507 3569 2578 3630 et
2621 3566 2960 3652 posterius

866 3669 957 3732 Et
1004 3667 1163 3752 quia
1202 3689 1397 3753 super
1438 3667 1564 3732 hoc
1591 3688 1848 3752 semper
1889 3666 2100 3732 fertur
2142 3667 2515 3733 intellectus
2543 3673 2784 3748 noster,
2817 3667 2964 3733 ideo

865 3767 1127 3833 difficile
1170 3774 1273 3834 est
1316 3768 1507 3832 nobis
1552 3768 1960 3835 considerare
2019 3769 2344 3856 quomodo
2406 3771 2480 3835 in
2547 3771 2774 3835 eodem
2819 3792 2964 3837 aevo

867 3875 1025 3934 sunt
1070 3869 1309 3936 animae
1376 3870 1587 3956 patris
1652 3874 1720 3936 et
1785 3870 1928 3952 filii,
1993 3875 2062 3938 et
2122 3871 2450 3958 quomodo
2493 3878 2791 3958 respectu
2838 3873 2966 3940 aevi

868 3971 1167 4037 absolute
1210 3971 1349 4037 sint
1391 3971 1591 4037 simul
1636 3973 1858 4039 omnia
1900 3974 2376 4060 permanentia.

535 4098 731 4217 3301?
962 4073 1265 4240 Segffipdo
1334 4073 1642 4159 objicitur
1712 4076 1890 4161 quod
1951 4098 2101 4141 cum
2163 4076 2430 4143 duratio
2495 4077 2822 4160 aeviterni,
2885 4083 2966 4145 ut

536 4182 567 4216 ⁰
621 4181 822 4246 equom
872 4175 1023 4241 cu'u
1084 4176 1097 4190 '
1150 4181 1219 4241 et
1264 4198 1416 4241 men
1602 4177 1615 4192 '
1894 4178 1908 4193 ‘
1995 4178 2009 4193 ”
2160 4179 2174 4194 ’
2506 4180 2521 4195 “

532 4183 765 4351 ῗὲἒιξιι
872 4199 1008 4343 nolu
1058 4283 1161 4344 est
1212 4279 1307 4344 ibi
1353 4182 1812 4346 elimaz?
1834 4179 2612 4368 gdtditlilffilnmpdrrilibsdge
2632 4181 2808 4349 ‘⁶313
2809 4232 2828 4262 ‚
2837 4193 2967 4350 61·ῗῖ

533 4365 847 4500 311ξὲῃῖξὶ
871 4381 1211 4446 infinitum
1255 4381 1323 4445 in
1387 4386 1555 4458 actu,
1626 4382 1809 4468 quod
1855 4389 1958 4450 est
2004 4383 2406 4469 impossibile
2466 4386 2538 4450 in
2591 4407 2729 4452 esse
2793 4409 2969 4452 crea-

536 4499 803 4562 (infinitum
874 4489 1082 4551 turae:
1155 4483 1242 4549 ad
1284 4482 1408 4549 hoc
1452 4489 1678 4550 tamen
1726 4484 2078 4551 dicendum
2124 4487 2302 4572 quod
2353 4487 2530 4552 mala
2581 4489 2968 4574 imaginatio

536 4565 585 4612 ²⁸²⁸
610 4567 765 4630 πω·
874 4586 1119 4673 decipit
1147 4608 1267 4652 nos
1316 4586 1485 4652 sicut
1528 4585 1725 4672 prius.
1789 4586 1967 4654 Nam
2013 4587 2329 4656 debemus
2367 4589 2477 4654 hic
2527 4589 2956 4668 considerare,
