3517 5750
829 828 961 895 346
1588 838 1848 887 Roosm
1891 836 2184 887 sAcoms

496 1026 717 1080 various
830 1038 976 1085 mus
1038 1015 1428 1103 [octavum].
1530 1014 1800 1079 Murum
1859 1014 2000 1101 ejus
2063 1014 2354 1100 undique
2411 1036 2531 1101 per
2587 1012 2930 1079 circuitum

494 1094 717 1146 versione
738 1093 801 1144 of

494 1163 581 1215 the
602 1162 773 1227 Set-ip.
828 1118 1310 1208 longitudinem
1356 1118 1868 1204 quingentorum
1911 1117 2281 1183 cubitorum
2324 1118 2570 1182 veritas
2605 1116 2935 1183 Hebra'iea

496 1238 647 1284 tures.

828 1244 965 1287 non
1010 1221 1249 1287 habet:
1298 1220 1419 1285 sed
1468 1220 1855 1306 simpliciter
1895 1220 2378 1307 longitudinem
2423 1220 2932 1305 quingentorum

829 1330 899 1391 et
986 1324 1411 1390 latitudinem
1500 1323 2028 1411 quingentorum,
2103 1327 2183 1389 ut
2255 1322 2691 1388 subaudiatur
2763 1322 2934 1387 cala-

830 1449 1101 1495 morum
1813 1468 1818 1471 -

921 1530 1051 1597 Sed
1128 1533 1199 1595 et
1270 1526 1653 1615 hujusmodi
1714 1526 1928 1593 multa
1969 1532 2248 1614 possunt
2309 1526 2600 1615 allegari.
2693 1528 2786 1591 Et
2843 1528 2928 1591 ad

830 1633 1066 1699 horum
1109 1631 1378 1718 planam
1422 1629 1990 1696 confirmationem
2031 1634 2253 1716 potest
2297 1628 2482 1695 Beda
2523 1629 2595 1693 in
2646 1630 2930 1695 secunda

829 1734 1237 1822 expositione
1277 1732 1413 1820 [in]
1448 1733 1655 1798 Actus
1668 1730 1687 1767 ¹
1720 1730 1976 1797 adduci.
2068 1730 2254 1796 Dicit
2289 1731 2506 1797 enim:
2555 1737 2592 1767 “
2613 1731 2932 1812 Quasdam

832 1844 868 1873 “
916 1836 1123 1923 [quae]
1200 1835 1275 1899 in
1322 1834 1568 1912 Graeco,
1618 1834 1759 1899 sive
1823 1833 2038 1912 aliter,
2107 1833 2248 1899 sive
2310 1832 2459 1920 plus
2521 1840 2640 1899 aut
2707 1834 2926 1899 minus

832 1946 869 1981 <⁸
912 1938 1133 2027 posita
1204 1936 1513 2015 vidimus,
1573 1936 1870 2001 breviter
1943 1956 2449 2001 commemorare
2537 1937 2923 2003 curavimus,

833 2049 872 2079 “
918 2042 1085 2123 Quae
1130 2046 1357 2106 utrum
1400 2036 1807 2125 negligentia
1849 2038 2230 2125 interpretis
2275 2039 2527 2119 omissa,
2573 2038 2682 2105 vel
2739 2039 2932 2104 aliter

833 2151 870 2181 “
918 2144 1115 2225 dieta,
1176 2165 1267 2209 an
1338 2142 1595 2207 incuria
1667 2141 2087 2206 librariorum
2161 2141 2298 2207 sint
2361 2142 2741 2229 depravata,
2789 2142 2929 2207 sive

833 2256 867 2283 “
910 2244 1160 2328 reliota,
1220 2246 1517 2311 nondum
1578 2244 1743 2309 seire
1801 2244 2152 2332 potuimus.
2251 2243 2320 2307 N
2323 2265 2560 2329 amque
2627 2243 2930 2310 Graecum

830 2356 867 2385 “
914 2348 1249 2435 exemplar
1334 2347 1532 2413 fuisse
1637 2346 1964 2423 falsatum,
2065 2344 2380 2432 suspicari
2465 2367 2603 2413 non
2709 2347 2933 2413 audeO.

833 2460 868 2487 “
914 2450 1117 2517 Unde
1176 2451 1483 2517 lectorem
1550 2450 1888 2529 admoneO,
1933 2454 2014 2514 ut
2081 2448 2221 2514 haee
2277 2448 2653 2533 ubieunque
2711 2450 2935 2515 feeeri-

832 2561 868 2591 “
914 2575 1079 2633 mus,
1110 2555 1329 2641 gratia
1373 2552 1766 2618 eruditionis
1808 2551 2004 2637 legat,
2037 2572 2172 2616 non
2217 2550 2291 2615 in
2334 2572 2452 2616 suo
2497 2556 2722 2617 tamen
2749 2552 2932 2618 volu-

833 2663 869 2691 “
916 2657 1093 2722 mine
1137 2656 1327 2722 velut
1369 2654 1835 2721 emendaturus
1877 2654 2245 2731 interserat,
2291 2653 2424 2718 nisi
2467 2652 2638 2719 forte
2685 2654 2823 2741 [ea]
2861 2655 2934 2719 in

835 2766 870 2796 “
918 2758 1159 2823 Latino
1234 2757 1455 2822 codiee
1528 2778 1665 2823 suae
1742 2756 2054 2821 editionis
2129 2755 2503 2841 antiquitus
2569 2757 2662 2821 sie
2727 2756 2935 2822 inter-

834 2866 869 2897 “
916 2864 1178 2947 pretato,
1248 2859 1578 2946 repererit.
1691 2854 1871 2925 Nam
1949 2864 2020 2925 et
2093 2858 2546 2945 Hieronymus
2628 2859 2936 2946 pleraque

834 2969 868 3000 ‘⁶
916 2961 1299 3027 testimonia
1358 2963 1604 3028 veteris
1664 2963 2108 3041 instrumenti,
2170 2967 2252 3028 ut
2299 2961 2632 3028 Hebraico,
2689 2963 2936 3028 veritas

833 3076 870 3105 “
916 3067 1135 3148 habet,
1184 3069 1452 3148 edocet3
1496 3089 1618 3134 nee
1664 3073 1890 3136 tamen
1949 3071 2090 3138 haee
2155 3071 2256 3134 ita
2315 3069 2390 3134 in
2449 3069 2694 3135 nostris
2755 3071 2934 3136 codi-

832 3177 867 3206 “
914 3170 1115 3248 cibus,
1151 3175 1272 3236 aut
1318 3171 1456 3258 ipse
1501 3171 1943 3258 interpretari,
1993 3175 2114 3236 aut
2162 3193 2284 3237 nos
2329 3173 2673 3238 emendare
2702 3175 2930 3239 voluit

832 3280 871 3309 “
917 3271 1119 3339 Verbi
1166 3274 1399 3360 gratia,
1436 3273 1612 3338 Isaia
1641 3273 1960 3340 xxxviii.=
2017 3283 2032 3310 ‘
2050 3273 2208 3339 Non
2255 3275 2564 3360 aspiciam
2602 3275 2936 3342 hominem

833 3384 869 3412 “
914 3381 933 3412 ‘
964 3377 1159 3456 ultra,
1238 3382 1309 3442 et
1382 3376 1830 3442 habitatorem
1920 3376 2164 3460 quietis
2254 3377 2506 3462 quievit
2593 3380 2934 3465 generatio

830 3487 867 3515 “
916 3488 932 3515 ‘
962 3502 1110 3546 mea
1136 3480 1173 3561 ;'
1216 3484 1285 3546 et
1334 3478 1451 3566 [Is.
1482 3480 1619 3566 xi.],
1667 3487 1683 3514 ‘
1702 3479 1852 3543 Erit
1895 3479 2311 3564 sepulchrum
2357 3480 2498 3566 ejus
2540 3479 2938 3568 gloriosum,'

833 3588 869 3618 “
914 3587 984 3648 et
1034 3582 1150 3669 [Is.
1206 3582 1423 3668 xxiv]
1481 3591 1496 3616 ‘
1520 3581 1586 3648 Α
1638 3580 1882 3646 finibus
1945 3586 2137 3648 terrae
2203 3581 2428 3648 laudes
2495 3583 2872 3649 audivimus
2902 3585 2937 3664 3’

832 3691 870 3720 “
914 3689 985 3750 et
1034 3683 1227 3770 [Gen.
1274 3684 1411 3769 iv.],
1462 3689 1479 3720 ‘
1504 3682 1739 3748 Omnis
1799 3683 1917 3770 qui
1961 3684 2271 3750 occiderit
2328 3684 2514 3765 Cain,
2559 3687 2938 3774 septuplum

831 3794 867 3822 “
914 3796 930 3823 ‘
959 3787 1273 3872 punietur
1300 3783 1337 3866 ;’
1414 3791 1433 3822 ‘
1456 3785 1742 3870 Requies
1819 3787 1878 3872 ej
1885 3805 1960 3849 us
2033 3786 2317 3874 gloriosa
2343 3785 2380 3868 ;’
2455 3793 2542 3867 et,
2609 3793 2625 3822 ‘
2648 3787 2939 3854 Habita-

830 3895 873 3928 “
918 3893 937 3924 ‘
964 3893 1179 3952 torem
1267 3886 1525 3972 quietis,
1602 3889 1942 3974 generatio
2022 3909 2169 3954 mea
2257 3889 2477 3956 ablata
2549 3894 2652 3956 est
2677 3893 2712 3972 ;’
2789 3913 2938 3978 quas

832 3995 869 4026 “
916 3989 1013 4054 sic
1084 3991 1263 4074 apud
1339 3987 1657 4055 Hebraeos
1732 3989 1965 4056 haberi
2037 3992 2344 4057 lectorem
2416 3993 2651 4072 voluit,
2721 3995 2940 4068 erudi-

832 4097 871 4127 “
916 4090 1119 4156 tionis
1208 4090 1632 4170 solummodo,
1709 4113 1847 4158 non
1936 4097 2159 4160 autem
2251 4095 2644 4161 emendandi
2719 4099 2939 4184 gratia

834 4201 869 4232 “
913 4191 1159 4261 nosse.''
1251 4191 1415 4260 Haee
1458 4195 1653 4261 Beda.
1744 4196 1854 4262 Ex
1899 4196 2140 4282 quibus
2183 4199 2480 4283 sequitur
2524 4200 2700 4286 quod
2743 4201 2938 4266 aliter

833 4296 1283 4384 Hieronymus
1346 4296 1557 4384 primo
1618 4299 1979 4376 transtulit,
2036 4304 2105 4365 et
2166 4299 2361 4366 aliter
2417 4301 2727 4368 recitavit
2787 4324 2938 4370 cum

832 4401 1137 4488 exposuit
1180 4401 1255 4466 in
1315 4399 1637 4488 originali,
1684 4400 1800 4468 ubi
1859 4401 2081 4494 potuit
2123 4403 2446 4492 copiosius
2508 4406 2590 4473 de
2656 4407 2939 4474 veritate

1476 4727 1489 4758 ¹
1516 4725 1699 4797 Actus]
1736 4727 1894 4781 Liber
1913 4729 2132 4784 Reti-aet.
2154 4732 2293 4800 praefi
