3517 5750
595 874 733 958 Lx]
1371 888 1545 941 orus
1589 888 1908 941 manum,
1986 896 1992 901 ·
2569 874 2700 941 233

1451 1202 1611 1269 Cn».
1662 1198 1824 1267 LX.¹

686 1404 1035 1470 PARTIBUS
1076 1404 1283 1493 igitur
1341 1406 1605 1471 musicae
1671 1403 1982 1486 inventis,
2039 1426 2382 1493 possumus
2439 1402 2708 1469 liberius
2731 1419 2805 1469 1oe
2827 1434 2939 1470 uses
2961 1420 3016 1469 in

596 1508 1001 1574 considerare
1075 1508 1400 1593 quomodo
1474 1508 1722 1573 musica
1797 1514 1898 1573 est
1961 1506 2144 1573 utilis
2219 1508 2292 1572 in
2354 1504 2705 1594 Scriptura.
2733 1486 2986 1618 ἓξὲξ-θ

598 1610 775 1676 Nam
851 1610 909 1675 si
997 1610 1083 1676 ad
1156 1608 1597 1677 instrumenta
1670 1609 2156 1689 descendamus,
2243 1610 2514 1697 planum
2607 1612 2710 1675 est
2733 1626 2858 1671 ture.

598 1713 776 1797 quod
849 1712 1272 1779 abundanter
1358 1713 1780 1800 reperiuntur
1853 1713 1925 1778 in
2003 1712 2364 1799 Scriptura.
2504 1712 2706 1778 Unde

599 1813 1059 1882 Cassiodorus²
1086 1816 1201 1895 ait,
1237 1822 1274 1851 “
1292 1816 1582 1902 decalogi
1611 1815 2067 1898 decachordus,
2099 1814 2388 1882 tinnitus
2417 1814 2706 1895 citharae,

598 1924 635 1955 “
680 1922 1019 2006 tympana,
1072 1917 1303 2006 organi
1363 1918 1662 1998 melodia,
1710 1918 2163 2006 cymbalorum
2227 1940 2440 1999 sonus,
2488 1920 2706 2005 ipsum

599 2026 637 2057 “
682 2042 941 2107 quoque
984 2021 1367 2108 psalterium
1410 2023 1623 2088 instar
1666 2020 2092 2089 instrumenti
2135 2022 2368 2088 musici
2411 2022 2710 2087 nominae

598 2130 635 2159 “
682 2126 846 2203 tum,
878 2144 1017 2188 non
1063 2120 1339 2189 dubium
1386 2123 1525 2190 est³
1556 2124 1719 2210 quin
1747 2122 1821 2189 in
1851 2124 1992 2213 ipso
2039 2122 2456 2191 contineatur
2485 2124 2705 2190 coeles-

598 2233 635 2261 “
680 2226 851 2291 tium
880 2226 1245 2292 virtutum*
1274 2226 1496 2293 suavis
1539 2226 1737 2293 nimis
1781 2230 1851 2293 et
1884 2231 2079 2315 grata
2122 2224 2542 2293 modulatio.''
2635 2226 2708 2291 Si

595 2330 805 2418 igitur
847 2352 1071 2397 rerum
1116 2332 1413 2397 omnium
1466 2330 1908 2419 proprietates
1955 2330 2384 2418 requiruntur
2429 2329 2710 2397 sciendae

596 2438 865 2521 propter
914 2455 1177 2500 sensum
1230 2433 1575 2515 literalem,
1623 2438 1703 2500 ut
1753 2455 1872 2521 per
1923 2432 2387 2500 convenientes
2437 2434 2707 2520 adapta-

596 2536 811 2602 tiones
841 2536 1191 2603 eliciantur
1218 2558 1448 2603 sensus
1477 2536 1868 2623 spixituale8‚
1901 2537 2259 2602 secundum
2291 2535 2468 2623 quod
2499 2538 2710 2601 sancti

598 2637 837 2704 docent
864 2644 934 2705 et
964 2661 1189 2706 omnes
1218 2638 1561 2727 sapientes,
1584 2643 1651 2705 et
1676 2638 1981 2705 videmus
2011 2638 2188 2725 quod
2217 2639 2360 2725 ipsa
2389 2638 2710 2726 expositio

598 2744 953 2833 Scripturae
982 2744 1107 2812 hoc
1149 2744 1468 2831 requirit3
1513 2745 1940 2811 manifestum
1985 2750 2087 2811 est
2131 2744 2338 2833 igitur
2381 2745 2557 2831 quod
2597 2766 2709 2811 ne-

595 2866 799 2914 cessse
838 2852 941 2915 est
969 2852 1052 2915 ut
1080 2848 1417 2937 expositor
1454 2846 1816 2937 Scripturas
1854 2848 2182 2937 perfectus
2222 2848 2386 2914 sciat
2425 2847 2711 2937 proprie-

598 2953 773 3016 tates
815 2951 1046 3017 horum
1094 2951 1708 3035 instrumentorum,
1753 2956 1825 3018 et
1867 2951 2356 3018 harmoniarum
2405 2973 2553 3036 quae
2599 2973 2716 3039 per

599 3075 679 3119 ea
720 3059 1124 3134 exercentur,
1159 3059 1487 3142 quatenus
1531 3055 1619 3120 ad
1662 3054 1927 3120 literam
1971 3055 2322 3120 veritatem
2354 3053 2711 3142 Scripturas

598 3163 963 3244 cognoscat,
1034 3162 1104 3223 et
1148 3162 1229 3222 ut
1274 3157 1443 3223 sciat
1487 3157 1722 3224 elicere
1767 3179 1996 3224 sensus
2039 3157 2432 3246 spirituales.
2581 3156 2708 3223 Re-

600 3259 834 3346 spiciat
876 3259 1085 3346 igitur
1130 3259 1459 3347 quomodo
1506 3259 1739 3341 Maria,
1787 3281 1967 3326 soror
2011 3259 2248 3346 Moysi,
2280 3281 2428 3326 cum
2459 3259 2711 3327 caeteris

596 3361 1097 3449 tympanistriis,
1168 3362 1580 3450 percutiebat
1647 3363 2094 3429 instrumenta
2166 3361 2476 3442 musieae;
2550 3383 2710 3448 quo-

596 3463 793 3529 modo
838 3463 1106 3530 Debora
1163 3471 1235 3531 et
1293 3469 1545 3533 caeterae
1588 3464 2072 3552 tympanistriae
2116 3487 2358 3546 sacrae3
2427 3464 2714 3550 qualiter

600 3565 827 3633 David
881 3567 1218 3655 propheta,
1293 3572 1364 3634 et
1432 3568 1653 3635 caeteri
1729 3567 2090 3634 citharistae
2162 3572 2234 3632 et
2324 3567 2708 3655 organistae:

598 3675 679 3734 ut
754 3667 950 3735 simul
1026 3692 1177 3736 cum
1252 3691 1479 3736 eorum
1554 3669 1751 3737 litera
1826 3669 2166 3736 intellecta
2240 3669 2550 3736 ascendat
2639 3670 2712 3735 in

600 3771 1079 3838 sublimitatem
1154 3794 1465 3840 sensuum
1532 3773 1998 3861 spiritualium,
2062 3776 2131 3838 et
2195 3769 2423 3838 laudet
2481 3772 2709 3839 Domi-

598 3897 759 3940 num
776 3871 805 3911 ⁵
848 3875 921 3939 in
965 3880 1305 3962 tympano,
1354 3879 1424 3941 et
1468 3875 1682 3956 chor0,
1732 3871 1846 3941 et⁶
1897 3873 2172 3956 chordis,
2221 3881 2291 3941 et
2333 3897 2594 3962 organo,
2643 3880 2713 3942 et

598 3977 671 4041 in
738 3977 1057 4063 cymbalis
1119 3979 1289 4044 bene
1350 3977 1760 4058 sonantibus),
1823 3983 1892 4045 et
1953 3979 2204 4045 caeteris
2257 3977 2714 4066 ⁸spiritualibus

596 4080 1071 4146 instrumentis.
1182 4079 1275 4145 Et
1334 4081 1390 4145 si
1450 4080 1608 4168 ipse,
1678 4081 1898 4148 animo
1958 4081 2032 4146 in
2097 4085 2348 4148 aeterna
2413 4103 2711 4170 supens0‚

597 4201 732 4247 non
804 4181 1013 4271 possit
1086 4181 1191 4248 his
1266 4181 1729 4249 instrumentis
1799 4184 1923 4264 uti,
1999 4189 2192 4252 vocet
2261 4183 2496 4250 saltem
2563 4205 2712 4251 cum

666 4513 681 4548 ²
711 4516 837 4568 Car.
872 4515 986 4583 mn]
1026 4513 1155 4569 CAP.
1179 4527 1288 4566 1011.
1312 4513 1393 4574 Β.,
1414 4513 1507 4564 but
1535 4512 1604 4564 an
1771 4512 1792 4542 ⁸
1813 4509 2006 4563 dubim
2027 4507 2124 4576 est]
2162 4515 2239 4560 est
2257 4505 2480 4567 dubium,
2505 4503 2568 4555 Τ.

603 4599 745 4649 these
776 4596 1019 4648 divisions
1052 4593 1112 4646 of
1156 4591 1399 4660 Chapters
1432 4605 1515 4646 are
1548 4593 1603 4643 in
1774 4592 1791 4622 ⁴
1813 4589 2063 4643 calatium
2088 4585 2342 4653 virtutum]
2379 4601 2478 4637 om.
2500 4583 2562 4638 T.

600 4693 632 4728 a
653 4679 862 4728 medem
896 4677 1049 4728 hand.
1775 4671 1794 4700 ⁵
1817 4667 2105 4735 Dominum]
2142 4667 2324 4728 Deum,
2349 4665 2414 4717 T.

663 4757 685 4787 ²
714 4755 1063 4822 Cassiodorus]
1090 4754 1171 4808 De
1185 4753 1411 4816 Artibus,
1429 4767 1537 4820 esp.
1554 4769 1605 4806 v,
1774 4752 1794 4781 ⁸
1815 4750 1888 4816 et]
1923 4749 1996 4813 in,
2021 4749 2082 4800 Τ.
