3517 5750
1398 856 1573 907 012th
1616 856 1852 906 umus,
2541 842 2672 912 373

577 1025 753 1092 tione
820 1027 1247 1095 instrumenti
1308 1034 1525 1096 tactus
1568 1034 1638 1095 et
1680 1030 1947 1096 laesione
1991 1051 2198 1116 usque
2241 1030 2328 1095 ad
2389 1028 2671 1116 aliquem

560 1128 851 1214 'gradum
900 1152 1049 1215 quse
1092 1152 1227 1197 non
1270 1130 1488 1197 aufert
1530 1130 2020 1216 aequalitatem3
2075 1136 2143 1197 et
2189 1132 2346 1218 quia
2388 1131 2528 1197 haec
2571 1138 2673 1201 est

568 1230 743 1294 actio
790 1230 1129 1317 tangibilis
1192 1232 1567 1298 excellentis
1620 1236 1689 1297 et
1730 1232 2322 1319 inproportionalis,
2372 1232 2466 1297 sic
2507 1233 2672 1299 affli-

566 1334 725 1415 get3
770 1330 931 1416 quia
960 1353 1114 1397 vero
1157 1354 1291 1398 non
1321 1334 1511 1399 tollet
1555 1333 2007 1419 aequalitatem
2051 1334 2179 1398 erit
2209 1332 2475 1399 afflictio
2519 1356 2669 1421 per·

567 1436 787 1515 petua,
833 1437 903 1499 et
944 1433 1101 1499 licet
1144 1434 1591 1520 aequalitatem
1635 1455 1773 1500 non
1828 1434 2018 1501 tollet
2080 1440 2304 1501 temen
2349 1436 2666 1520 aequalem

568 1532 1007 1599 substantiam
1049 1536 1249 1601 laedet
1293 1540 1363 1601 et
1406 1536 1555 1602 ideo
1600 1534 1864 1623 affliget.

660 1634 947 1722 Corpora
1021 1658 1179 1703 vero
1239 1638 1409 1703 Adae
1476 1642 1545 1703 et
1615 1637 1778 1702 Evae
1844 1642 1993 1723 post
2061 1642 2398 1723 peccatum
2459 1658 2664 1705 reces-
2690 1659 2876 1711 Caum
2895 1662 2956 1713 of

566 1740 797 1801 serunt
838 1736 1033 1824 longe
1078 1739 1227 1824 plus
1266 1740 1351 1805 ab
1404 1738 1788 1824 aequalitate
1832 1760 2032 1823 quam
2091 1740 2165 1805 in
2225 1742 2410 1805 statu
2473 1741 2664 1807 inno·
2689 1726 2958 1859 ἓξῃῗζῗ·

566 1837 817 1915 centies,
877 1840 993 1904 sed
1049 1849 1273 1905 tamen
1335 1846 1631 1927 respectu
1692 1840 2073 1905 mortalium
2146 1862 2486 1927 corporum
2562 1842 2665 1911 his
2688 1858 2790 1911 lise.

564 1935 797 2003 diebus
862 1940 1148 2005 multum
1211 1945 1619 2007 accesserunt
1686 1940 1774 2007 ed
1845 1942 2307 2027 aequalitatem,
2385 1946 2456 2007 et
2513 1943 2662 2009 ideo

562 2036 683 2105 diu
725 2046 1086 2127 potuerunt
1113 2043 1339 2108 vivere
1365 2066 1383 2121 ;
1428 2046 1497 2108 et
1541 2041 1698 2128 quie,
1740 2041 2011 2107 fuerunt
2055 2042 2378 2128 sapientia
2421 2064 2664 2131 magna

564 2140 827 2225 proediti
870 2144 1415 2229 excogitaverunt
1458 2164 1651 2208 omne
1711 2142 2002 2228 regimen
2067 2143 2372 2207 sanitatis
2416 2148 2486 2207 et
2528 2164 2662 2210 me-

564 2240 813 2309 dicinas
872 2248 1151 2309 secretas
1196 2245 1435 2329 quibus
1508 2246 1808 2309 senectus
1879 2242 2357 2323 retardabatur,
2403 2246 2474 2309 et
2517 2245 2662 2330 qui-

563 2341 690 2407 bus
752 2367 903 2411 cum
947 2346 1135 2411 venit
1176 2345 1397 2431 potuit
1440 2344 1781 2431 mitigari;
1863 2347 1934 2410 et
1995 2343 2120 2407 filii
2194 2363 2420 2408 eorum
2507 2345 2662 2410 licet

560 2446 855 2530 regimen
926 2446 1261 2512 habebant
1311 2456 1379 2511 et
1452 2446 1904 2533 experimenta
1963 2448 2192 2510 contra
2238 2450 2657 2526 senectutem,

561 2546 719 2630 quia
791 2547 975 2613 Deus
1048 2569 1157 2613 eos
1230 2548 1593 2613 illustravit
1666 2546 1850 2611 omni
1917 2546 2258 2632 sapientia,
2303 2546 2662 2611 secundum

558 2647 737 2732 quod
796 2648 1047 2715 declaro
1091 2650 1164 2713 in
1223 2649 1504 2715 secundo
1564 2652 1872 2726 tractatu,
1935 2651 2004 2711 et
2047 2646 2196 2711 ideo
2256 2646 2374 2711 diu
2435 2647 2660 2712 vivere

556 2752 915 2833 potuerunt
987 2754 1057 2815 et
1130 2750 1455 2837 praecipue
1528 2770 1737 2835 usque
1799 2748 1888 2813 ad
1930 2745 2079 2811 Noe
2139 2751 2208 2813 et
2266 2746 2438 2811 filios
2481 2768 2654 2813 suos.

560 2848 629 2914 N
628 2871 737 2915 am
798 2850 951 2917 Sem
1026 2851 1205 2918 filius
1276 2852 1425 2918 Noe
1483 2849 1661 2918 vixit
1719 2849 1806 2915 nd
1864 2848 2478 2935 quinquagesimum
2538 2870 2656 2914 an-

558 2973 717 3016 num
776 2951 825 3017 J
825 2952 988 3018 acob
1059 2953 1463 3039 patriarchae,
1508 2953 1677 3018 sicut
1722 2951 1886 3016 dicit
1955 2949 2422 3035 Hieronymus,
2498 2971 2658 3035 quo-

558 3052 737 3120 niam
788 3058 939 3140 post
990 3054 1338 3119 Diluvium
1386 3052 1970 3120 terrevastencium
2015 3051 2280 3116 fuerant
2325 3049 2655 3116 debilitati

559 3154 631 3219 in
702 3155 1165 3242 complexione.
1286 3155 1379 3222 Et
1453 3153 1691 3221 defecit
1765 3152 2090 3240 paulatim
2148 3151 2266 3216 illa
2331 3151 2656 3238 sapientie.

554 3258 889 3343 regiminis
976 3257 1298 3323 sanitatis.
1438 3256 1529 3321 Et
1624 3254 1773 3338 ideo
1884 3252 2180 3318 homines
2268 3253 2416 3316 nati
2503 3258 2654 3338 post

558 3358 901 3425 Diluvium
968 3380 1103 3424 non
1170 3361 1529 3445 potuerunt
1593 3359 1735 3424 tam
1803 3352 1922 3418 diu
1979 3352 2204 3416 vivere
2263 3351 2434 3415 sicut
2477 3357 2649 3416 ante.

554 3459 816 3526 Accidit
886 3465 1113 3526 tamen
1184 3460 1430 3547 pluries
1502 3459 1575 3522 in
1650 3454 1776 3521 hoc
1847 3451 2094 3517 mundo
2167 3456 2394 3537 postea
2469 3451 2650 3537 quod

556 3559 853 3626 homines
896 3561 1011 3626 diu
1056 3562 1390 3636 vixerunt,
1456 3561 1535 3624 ut
1579 3577 1697 3644 per
1763 3553 2006 3618 multos
2051 3573 2374 3618 annorum
2433 3557 2650 3618 cente-

554 3663 775 3727 narios
818 3661 989 3727 sicut
1038 3661 1172 3727 fuit
1213 3665 1517 3726 notatum
1538 3658 1557 3697 ¹
1605 3657 1679 3723 in
1738 3658 2028 3721 tractatu
2071 3653 2494 3718 scientiarum
2537 3673 2652 3716 ex-

422 3798 428 3804 ·
555 3763 1097 3848 perimentalium.
1190 3763 1283 3828 Et
1344 3761 1445 3825 illi
1492 3757 1747 3825 reducti
1811 3764 1970 3822 sunt
2035 3754 2122 3819 ad
2183 3753 2426 3840 gra-dus
2499 3773 2648 3838 pro·

548 3865 925 3951 pinquiores
987 3863 1355 3949 aequalitati
1414 3883 1613 3948 quam
1671 3879 1812 3925 nos,
1907 3856 2000 3922 Et
2043 3856 2166 3921 hoc
2207 3875 2326 3941 per
2370 3857 2648 3920 secretas
2673 3872 2973 3926 Wunderrul

550 3967 924 4044 medicinas,
971 3965 1145 4030 sicut
1187 3963 1284 4029 ibi
1329 3969 1535 4050 tango
1573 3985 1591 4042 ;
1651 3965 1719 4028 et
1779 3959 1982 4026 etiam
2041 3955 2250 4043 aliqui
2295 3955 2416 4072 diu
2457 3955 2644 4020 vixe-
2670 3937 2972 4072 mx

550 4076 709 4134 runt
751 4068 893 4132 sine
958 4066 1390 4143 nutrimento,
1436 4068 1517 4128 ut
1558 4059 1803 4128 nostris
1868 4058 2278 4144 temporibus
2321 4055 2454 4122 fult
2511 4078 2648 4120 une.
2669 4071 2878 4122 without

550 4168 787 4234 mulier
829 4168 903 4232 in
932 4166 1177 4253 Anglia
1220 4166 1293 4230 in
1338 4162 1583 4229 diocesi
1628 4158 2053 4238 Norwicensi,
2101 4179 2250 4244 quae
2293 4177 2432 4222 non
2476 4177 2646 4221 com·
2667 4209 2721 4252 a,
2739 4202 2872 4253 Nor-
2899 4153 2974 4200 ω’

549 4269 757 4334 medit
798 4289 919 4355 per
960 4289 1074 4332 xx.
1120 4286 1343 4344 annos,
1393 4268 1464 4329 et
1511 4261 1640 4328 fuit
1682 4260 1948 4347 pinguis
1995 4262 2064 4324 et
2107 4259 2179 4322 in
2224 4256 2398 4322 bono
2443 4259 2638 4334 statu,
2667 4267 2812 4327 vich,
2835 4267 2890 4355 {n

544 4369 795 4434 nullam
861 4367 1381 4456 superfluitatem
1443 4361 1755 4430 emittens
1800 4360 1880 4425 de
1925 4377 2208 4444 corpore,
2275 4358 2448 4421 sicut
2492 4375 2642 4441 pro-
2665 4333 2836 4464 {32¹²
2852 4347 2878 4384 ⁸

541 4469 731 4534 bavit
774 4469 1115 4556 episcopus
1182 4489 1297 4554 per
1341 4463 1603 4532 fidelem
1648 4458 2224 4530 examinationem.
2324 4455 2466 4520 Nec
2509 4455 2641 4520 fuit

1306 4711 1319 4742 ¹
1344 4707 1581 4774 nomm]
1618 4702 1888 4758 uncertain.
