3517 5750
628 888 792 976 νη]
1302 906 1764 958 οοΜΡΕΝυῙυΜ
1806 908 2059 958 sumn.
2597 892 2725 959 451

622 1077 1093 1166 etymologiam
1159 1078 1391 1166 recipit
1456 1080 1543 1145 ab
1588 1100 1683 1161 eo,
1751 1086 1833 1146 ut
1905 1086 2241 1147 ostensum
2309 1086 2424 1147 ost.
2547 1082 2725 1148 Item

626 1182 801 1266 quod
862 1183 1107 1263 dicunt,
1154 1184 1331 1269 quod
1389 1184 1585 1249 datur
1641 1206 1760 1271 pro
1819 1207 1891 1250 re
1949 1186 2128 1251 bona
2189 1206 2328 1251 non
2369 1206 2490 1273 pro
2535 1186 2728 1266 mala,

622 1280 862 1349 falsum
936 1289 1051 1351 est.
1200 1284 1381 1349 Nam
1454 1286 1503 1351 J
1504 1286 1667 1351 udas
1706 1286 1916 1353 ⁴filius
2000 1286 2212 1353 Jacob
2287 1286 2474 1355 dedit
2548 1310 2726 1355 arra-

622 1382 860 1450 bonem
932 1405 1053 1472 pro
1124 1384 1569 1465 fornicatione,
1617 1392 1695 1453 ut
1761 1388 2182 1455 manifestum
2243 1394 2344 1455 est
2406 1410 2492 1456 ex
2560 1412 2728 1479 pree-

620 1484 815 1552 dicto'
862 1487 1149 1574 capitulo
1202 1486 1488 1554 Genesis.
1581 1487 1778 1570 Quod
1821 1490 2021 1556 etiam
2089 1490 2321 1556 dicunt
2389 1493 2568 1576 quod
2626 1498 2728 1558 est

620 1606 809 1669 arra,
884 1589 1121 1655 falsum
1194 1597 1313 1670 est,
1390 1591 1547 1677 quia
1588 1611 1761 1657 arra
1819 1597 1922 1657 est
1993 1610 2144 1678 pars
2220 1592 2420 1680 pretii
2493 1592 2724 1679 prima,

621 1710 771 1775 quae
844 1691 1041 1757 datur
1104 1692 1179 1757 in
1242 1692 1562 1781 principio
1605 1693 1944 1771 vendenti,
2005 1714 2202 1779 quam
2261 1700 2527 1781 emptor
2591 1716 2728 1761 non

620 1793 875 1878 repetit,
952 1799 1032 1861 ut
1105 1816 1331 1861 omnes
1392 1796 1623 1861 sciunt
1716 1795 1851 1862 Sed
1915 1794 2218 1862 maban
2291 1802 2392 1863 est
2462 1796 2728 1883 proprie

598 1894 862 1981 ,pignus
921 1897 1100 1982 quod
1142 1896 1229 1961 ad
1290 1902 1551 1985 tempus
1594 1896 1884 1963 traditur
1944 1918 2062 1985 pro
2107 1898 2318 1985 pretio
2383 1898 2724 1985 promissO,

620 2000 689 2061 et
730 1998 1054 2083 repetitur
1096 1999 1311 2065 soluto
1371 1998 1599 2086 pretio,
1662 2000 1834 2064 sicut
1898 2004 2085 2086 patet
2134 2000 2209 2065 in
2273 1998 2526 2066 Genesi.
2621 2000 2726 2066 Ut

617 2096 667 2163 J
668 2097 831 2163 udas
873 2100 1177 2187 promisit
1219 2100 1485 2167 haedum
1528 2122 1647 2188 pro
1691 2102 1904 2187 pretio
1947 2101 2344 2167 concubitus,
2440 2101 2532 2169 Et
2574 2122 2726 2167 cum

618 2222 753 2266 non
814 2202 1087 2268 haberet
1159 2202 1423 2269 haedum
1498 2208 1889 2290 praesentem
1963 2208 2033 2269 et
2107 2203 2394 2268 Thamar
2466 2207 2724 2290 peteret

618 2304 875 2390 pignus,
922 2304 1200 2371 tradidit
1242 2326 1363 2392 pro
1406 2305 1678 2393 pignore
1724 2304 2052 2370 armillam
2096 2310 2167 2371 et
2212 2305 2541 2372 baculum.
2633 2306 2726 2372 Et

618 2405 742 2471 hoc
802 2408 1043 2493 pignus
1100 2412 1375 2473 vocatur
1416 2408 1512 2474 ibi
1561 2406 1879 2488 arrabon,
1927 2408 2098 2473 sicut
2140 2406 2566 2473 manifestum
2625 2412 2728 2474 est

616 2508 923 2574 omnibus
968 2510 1213 2596 legenti
1258 2514 1537 2575 textum.
1628 2510 1720 2576 Et
1767 2510 1882 2595 qui
1927 2511 2051 2575 scit
2096 2508 2460 2575 Hebraeum
2504 2514 2724 2596 potest

617 2610 739 2674 hoc
798 2610 1077 2697 probare
1142 2632 1259 2698 per
1304 2610 1625 2678 Hebraeos
1688 2632 1913 2678 omnes
1975 2616 2174 2697 atque
2234 2633 2353 2698 per
2397 2610 2719 2678 Graecum.

616 2712 797 2777 Nam
844 2712 1111 2779 Graecus
1153 2714 1371 2779 utitur
1418 2714 1542 2779 hac
1586 2714 1872 2779 dictione
1919 2734 2036 2801 pro
2066 2714 2378 2801 pignore3
2411 2714 2720 2799 quoniam

616 2815 704 2880 ad
750 2813 983 2902 Ephes.
1050 2813 1119 2903 [i.
1170 2815 1331 2901 14.],
1380 2820 1450 2882 et
1507 2815 1894 2882 multotiens
1954 2815 2131 2895 alibi,
2195 2815 2315 2881 ubi
2357 2836 2476 2881 nos
2521 2814 2719 2882 habe-

615 2939 761 2982 mus
821 2918 1079 3005 pignus,
1142 2918 1407 2983 Graecus
1458 2917 1662 2984 habet
1719 2917 2034 2985 arrabon.
2157 2917 2720 2984 Considerandum

614 3025 715 3084 est
759 3019 963 3084 etiam
1006 3019 1183 3104 quod
1227 3019 1429 3106 aliqui
1478 3019 1717 3098 Latini,
1749 3021 1822 3084 in
1853 3019 2081 3086 Graeco
2109 3020 2323 3107 periti,
2367 3020 2720 3088 credebant

614 3121 792 3205 quod
880 3121 1174 3186 maban
1267 3126 1436 3187 esset
1510 3122 1832 3188 Graecum.
1970 3121 2060 3187 Et
2147 3123 2222 3187 in
2310 3122 2719 3208 expositione

616 3222 1082 3288 vocabulorum
1127 3223 1501 3289 Graecorum
1561 3229 1922 3310 posuerunt
1979 3223 2120 3289 haec
2164 3223 2486 3289 vocabula
2543 3224 2719 3289 inter

617 3323 860 3403 Graeca,
907 3329 1176 3411 propter
1218 3324 1357 3404 hoc,
1392 3325 1570 3411 quod
1599 3325 1671 3389 in
1697 3325 1928 3391 Graeco
1971 3329 2168 3390 textu
2212 3325 2553 3389 invenitur
2596 3325 2718 3391 hoc

612 3425 1018 3492 vocabulum.
1109 3425 1268 3491 Non
1330 3433 1429 3492 est
1492 3431 1716 3492 autem
1785 3426 2102 3503 Graecum,
2168 3425 2284 3490 sed
2331 3424 2713 3507 Hebraeum,

612 3528 785 3593 sicut
844 3528 1061 3593 sciunt
1120 3549 1345 3593 omnes
1392 3527 1681 3607 Hebraei,
1744 3533 1814 3593 et
1871 3527 2212 3593 invenitur
2270 3526 2344 3590 in
2404 3525 2709 3606 Hebraeo,

610 3629 683 3694 in
726 3630 865 3696 loco
894 3630 1209 3716 praedicto
1254 3635 1323 3695 et
1351 3629 1525 3694 alibi.
1618 3629 1753 3695 Sed
1794 3629 2017 3715 aliqua
2059 3626 2378 3693 vocabula
2423 3626 2713 3694 Hebraea

610 3736 768 3797 sunt
856 3733 929 3796 in
1018 3752 1143 3797 usu
1219 3729 1613 3808 Graecorum,
1685 3731 1857 3796 sicut
1931 3729 2250 3795 vocabula
2324 3729 2553 3794 Groeca
2641 3734 2712 3795 et

612 3831 901 3899 Hebraea
943 3839 1101 3900 sunt
1144 3833 1216 3898 in
1261 3855 1385 3899 usu
1416 3833 1821 3899 Latinorum.
1900 3832 2074 3913 Quia
2116 3833 2434 3918 posterior
2475 3832 2708 3919 lingua

608 3955 651 3999 a
693 3936 897 4022 priori
942 3935 1156 4000 multa
1200 3935 1521 4001 vocabula
1577 3935 1840 4022 recepit,
1888 3938 1969 4000 ut
2010 3939 2196 4022 patet
2252 3934 2326 3999 in
2369 3933 2706 4000 vocabulis

606 4037 903 4123 superius
945 4037 1319 4104 nominatis,

696 4137 789 4204 Et
832 4160 967 4205 non
1030 4139 1242 4205 solum
1306 4145 1531 4204 errant
1596 4139 1711 4205 isti
1775 4143 2071 4205 auctores
2136 4139 2278 4205 ficti
2344 4145 2414 4205 et
2479 4157 2704 4204 omnes
2728 4147 2888 4200 Their

603 4261 721 4327 per
764 4263 891 4323 eos,
940 4242 1118 4328 quod
1164 4240 1453 4306 Hebraea
1514 4245 1583 4307 et
1646 4241 1876 4306 Graeca
1937 4242 2214 4308 credunt
2257 4263 2395 4306 esse
2465 4239 2704 4306 Latina
2725 4217 3039 4338 11)]ζὲῗέ

603 4347 673 4408 et
740 4343 905 4409 dant
970 4344 1064 4410 eis
1132 4343 1441 4409 Latinam
1507 4341 2026 4426 derivationem3
2072 4343 2186 4408 sed
2251 4342 2554 4408 similiter
2596 4363 2703 4408 ac-
2724 4350 2940 4404 vadona.

602 4445 766 4510 cidit
828 4445 922 4512 eis
991 4446 1073 4512 de
1141 4445 1400 4510 Latinis
1444 4445 1639 4531 puris.
1731 4445 1980 4530 Aliqua
2045 4445 2222 4510 enim
2264 4450 2421 4509 sunt
2466 4444 2705 4511 Latina

604 4567 790 4634 pura,
865 4553 947 4614 ut
1011 4548 1267 4625 coelum,
1316 4547 1493 4634 quod
1557 4547 1791 4612 dicunt
1842 4568 1980 4612 esse
2055 4567 2268 4610 casam
2343 4543 2568 4628 helios,
2635 4547 2707 4612 id

603 4653 721 4730 est,
753 4670 902 4715 casa
952 4649 1124 4728 solis,
1172 4649 1531 4716 secundum
1582 4647 1990 4714 intellectum
2034 4669 2261 4713 eorum
2289 4668 2306 4727 ;
2351 4647 2506 4732 quia
2551 4647 2708 4724 ἥλιος

600 4751 673 4815 in
726 4750 957 4820 Graeco
1018 4757 1119 4819 est
1180 4753 1277 4818 sol
1337 4752 1413 4818 in
1480 4751 1768 4834 Latin03
1841 4773 1992 4819 cum
2049 4755 2274 4818 tamen
2319 4749 2556 4816 coelum
2619 4750 2709 4816 sit

2229 4867 2439 4932 11⁸2
